3825 5842
190 461 488 542 (oon—⁷01)

182 605 296 664 τοῖς
317 594 486 674 ὠσίν,
517 593 654 656 οὕτω
673 591 812 654 κατὰ
837 592 990 672 φύσιν
1011 584 1078 666 ἦν
1100 591 1324 677 ὁὸρίζειν
1351 592 1447 670 μὲν
1471 592 1589 660 τοὺς
1617 589 1760 662 νέους

183 692 478 766 σωφρονεῖν
505 681 561 744 δὲ
582 681 700 750 τοὺς
721 681 981 763 γίροντας,
1004 679 1148 742 οὐδὲν
1173 680 1236 740 ἂν
1257 686 1351 754 τῆς
1367 679 1622 761 ὖμετίρας
1642 679 1762 761 κρί-

185 796 324 842 σεως
345 771 472 834 ἔδει·
511 769 644 844 αὐτὴ
675 771 780 854 γὰρ
805 775 841 843 ἡ
875 769 1058 843 ἡλικία
1085 768 1175 829 τὸν
1201 767 1314 830 νόον
1353 767 1639 851 κατέκρινε·
1670 775 1758 829 νῦν

185 859 248 924 δὲ
276 861 472 922 πολλοὶ
499 859 596 938 μὶν
617 858 724 921 νέοι
751 863 1130 942 σωφρονοῦντες
1165 857 1352 918 πολλοὶ
1382 856 1440 918 δὲ
1473 857 1762 939 πρεσὸῦται

184 955 562 1031 παροινοῦντες
586 946 732 1008 οὐδὲν
757 949 962 1028 μᾶλλον
987 950 1066 1028 τῷ
1088 945 1328 1007 διώκοντι
1353 944 1389 1019 ἢ
1419 948 1494 1027 τῷ
1521 945 1762 1028 φεύγοντι

185 1037 480 1120 τεκμήριον
500 1037 752 1117 γίνονται.
833 1034 902 1118 (a)
931 1039 1118 1098 Κοινοῧ
1140 1033 1196 1094 δὲ
1213 1039 1306 1094 τοῦ
1325 1033 1606 1114 τεκμηρίου
1634 1036 1761 1112 ἡμῖν

187 1125 364 1204 ὄντος,
383 1125 558 1208 τούτῳ
576 1129 654 1209 τῷ
674 1124 832 1186 παντὶ
842 1123 1149 1206 προέχομεν·
1173 1126 1222 1183 οἱ
1244 1121 1345 1204 γὰρ
1371 1122 1628 1202 μάρτυρες
1651 1127 1764 1182 τοῦ-

106 1238 164 1279 ²0
188 1213 282 1274 τόν
309 1237 472 1296 φασιν
514 1213 668 1296 ἄρξαι
693 1219 786 1286 τῆς
813 1216 1038 1293 πληγῆς.
1121 1209 1396 1291 'Ap-§moe
1435 1209 1493 1268 δὲ
1535 1208 1718 1268 τούτου
1742 1255 1760 1288 ,

189 1303 288 1364 καὶ
313 1306 424 1363 τῶν
449 1301 624 1362 ἄλλων
667 1301 912 1362 ἁπάντων
951 1297 1414 1379 κατηγορουμένων
1432 1341 1451 1376 ,
1479 1295 1764 1357 ἀπολύεται

191 1395 290 1463 τῆς
330 1391 524 1460 αἰτίας.
606 1390 674 1452 Εἴ
696 1413 756 1450 τε
790 1388 892 1470 γὰρ
922 1393 953 1449 6
977 1387 1242 1460 πατάξας,
1291 1384 1378 1446 διὰ
1417 1383 1516 1457 τὴν
1551 1383 1764 1462 πληγὴν

199 1479 524 1559 βιασάμενος
541 1482 678 1556 ὑμᾶς
689 1481 1058 1559 ἐπιτρεφθῆναι
1079 1476 1270 1556 ἰατρῷ,
1296 1475 1496 1551 μᾶλλον
1513 1476 1604 1531 τοῦ
1631 1473 1761 1531 ἀπο-

195 1567 500 1634 κτείναντος
535 1563 716 1647 φονεύς
751 1566 930 1640 ἐστιν,
974 1567 1004 1622 6
1045 1560 1202 1643 ἄρξας
1232 1565 1326 1634 τῆς
1351 1561 1560 1639 πληγῆς
1584 1558 1766 1640 φονεὺς

195 1653 434 1731 γίνεται·
465 1645 612 1719 οὗτος
647 1650 751 1732 γὰρ
795 1649 1061 1729 ἠνάγκασε
1093 1647 1184 1708 τὸν
1227 1671 1284 1708 τε
1317 1647 1638 1725 ἀμυνόμενον
1667 1649 1761 1704 ἀν-

193 1741 464 1802 τιτύπτειν
486 1738 574 1800 τόν
601 1762 660 1798 τε
682 1737 949 1816 πληγέντα
970 1735 1057 1796 ἐπὶ
1084 1732 1175 1794 τόν
1199 1733 1376 1816 ἰατρὸν
1397 1736 1584 1794 ἐλθεῖν.
1629 1731 1764 1793 Ἀνό-

115 1851 170 1892 as
198 1851 290 1888 σια
315 1828 423 1911 γὰρ
450 1827 516 1888 ἃν
541 1824 573 1886 ὅ
591 1849 652 1904 γε
674 1823 988 1902 διωκόμενος
1007 1821 1200 1895 πάθοι,
1231 1825 1276 1881 εἰ
1299 1821 1434 1901 μήτε
1457 1819 1769 1887 ἀποκτείνας

195 1917 334 1998 ὑπὲρ
355 1923 449 1977 τοῦ
479 1916 874 1980 ἀποκτείναντος
907 1912 1040 1990 μήτε
1065 1909 1222 1993 ἄρξας
1245 1909 1374 1991 ὑπὲρ
1401 1915 1490 1969 τοῦ
1518 1907 1766 1989 ἄρξαντος

201 2006 390 2088 φονεὺς
411 2003 579 2066 ἔσται.
664 2005 730 2082 (ι)
751 1997 911 2062 Ἔστι
937 1999 990 2060 δὲ
1017 1999 1135 2060 οὐδὲ
1159 2001 1188 2058 6
1221 1997 1595 2065 ἐπιὸουλεύσας
1618 1995 1763 2056 οὐδὲν

199 2097 409 2174 μᾶλλον
445 2095 476 2152 6
503 2090 814 2169 διωκόμενος
853 2094 944 2149 τοῦ
992 2087 1285 2154 διώκοντος.
1369 2088 1436 2146 Εἰ
1472 2084 1575 2165 γὰρ
1603 2088 1631 2146 6
1669 2083 1764 2162 μὲν

202 2183 368 2264 ἔρξας
383 2187 479 2255 τῆς
503 2183 709 2258 πληγῆς
727 2175 1052 2255 τύπτεινζκαὶ
1065 2173 1141 2254 μὴ
1166 2172 1484 2234 ἀποκτείνειν
1508 2169 1764 2244 διενοήθη,

198 2269 316 2332 δ’δὲ
355 2267 677 2348 ἀμυνόμενος
703 2265 1034 2338 ἀποκτεῖναι,
1057 2253 1202 2329 οὗτος
1243 2259 1306 2320 ἂν
1335 2264 1364 2321 6
1397 2257 1766 2326 ἐπιδουλεύσας

197 2358 303 2431 εἴη.
387 2360 503 2420 Νῦν
531 2355 588 2416 δὲ
614 2355 717 2434 καὶ,
739 2357 768 2414 6
795 2351 1113 2433 ἀμυνόμενος
1140 2348 1346 2410 τύπτειν
1376 2348 1466 2409 καὶ
1495 2350 1590 2407 οὐκ
1632 2354 1763 2406 ἀπο·

194 2451 404 2508 κτεῖναι
429 2445 714 2518 διανοηθεὶς
753 2442 1016 2522 ἥμαρτεν,
1043 2443 1114 2508 εἰς
1148 2438 1184 2498 ἃ
1207 2441 1302 2498 οὐκ
1331 2437 1576 2497 movilem-o
1591 2435 1764 2495 πατά-

113 2557 170 2596 εο
195 2535 308 2605 ξας.
394 2534 464 2612 (ε)
484 2537 600 2605 Τῆς
625 2531 720 2612 μὲν
748 2521 837 2591 οὖν
863 2532 1070 2606 πληγῆς
1095 2525 1373 2609 βουλευτὴς
1400 2524 1600 2604 ἐγένετο
1616 2568 1632 2597 ,
1673 2522 1761 2582 τὸν

197 2623 260 2683 δὲ
285 2620 510 2682 θάνατον
528 2623 640 2689 πῶς
665 2619 730 2679 ἂν
753 2616 1122 2678 ἐπεὸούλευσεν
1139 2659 1156 2694 ,
1179 2613 1234 2681 ὅς
1264 2637 1325 2693 γε
1355 2611 1606 2679 ἀκουσίως
1630 2609 1762 2670 ἐπά-

197 2711 390 2792 ταξεν;
421 2711 610 2771 οἰκεῖον
647 2706 704 2767 δὲ
726 2706 787 2767 τδ
828 2703 1122 2787 ἁμάρτημα
1149 2705 1224 2783 τῷ
1266 2695 1478 2782 ἄρξαντι
1507 2699 1704 2777 μᾶλλον
1731 2698 1764 2772 ἢ

197 2803 280 2881 τῷ
305 2795 616 2878 ἀμυνομένῳ
644 2794 804 2856 ἐστίν.
887 2792 958 2856 Ὅ
977 2791 1072 2871 μὲν
1095 2789 1196 2874 γὰρ
1216 2789 1252 2849 ἃ
1271 2789 1499 2870 ἔπασχεν
1525 2789 1765 2870 ἀντιδρᾶν

200 2892 411 2963 ζητῶν,
435 2885 522 2946 ὑπ’
552 2884 748 2945 ἐκείνου
775 2880 1078 2964 βιαζόμενος
1097 2879 1400 2961 ἐξήμαρτεν·
1423 2882 1451 2937 6
1474 2875 1530 2936 δὲ
1557 2875 1645 2936 διὰ
1670 2874 1764 2948 τὴν

201 2981 370 3038 αὑτοῦ
397 2973 687 3036 ἀκολασίαν
727 2971 902 3032 πάντα
946 2973 1080 3052 δρῶν
1119 2969 1211 3029 καὶ
1245 2967 1496 3048 πάσχων,
1540 2964 1630 3026 καὶ
1672 2969 1768 3038 τῆς

201 3070 397 3126 ἑαυτοῦ
431 3063 523 3124 καὶ
547 3067 643 3134 τῆς
669 3061 864 3122 ἐκείνου
900 3057 1164 3139 ἁμαρτίας
1190 3056 1385 3122 δίκαιος
1423 3052 1600 3138 φονεὺς
1635 3043 1768 3112 εἶναί

201 3158 374 3215 ἐστιν.
461 3153 526 3231 (ε)
551 3150 644 3218 Ὡς
661 3149 718 3210 δὲ
735 3148 852 3210 οὐδὲ
874 3145 1184 3229 κρεισσόνως
1199 3191 1220 3225 ,
1242 3143 1378 3204 ἀλλὰ
1403 3142 1536 3204 πολὺ
1558 3143 1770 3202 ὑποδεε-

117 3272 175 3312 35
205 3243 406 3324 στέρως
525 3239 756 3320 ἔπασχεν
783 3235 1030 3315 ἠμύνετο,
1049 3233 1256 3302 διδάξω.
1339 3231 1408 3292 Ὅ
1430 3232 1524 3309 μὲν
1545 3229 1766 3310 ὓὸρίζων

202 3336 300 3391 καὶ
322 3331 588 3412 παροινῶν
614 3327 768 3387 πάντ’
804 3325 931 3406 ἔδρα
969 3323 1060 3382 καὶ
1099 3321 1244 3382 οὐδὲν
1270 3319 1524 3398 ἠμύνατο·
1553 3321 1582 3378 6
1609 3317 1663 3376 δὲ
1697 3316 1770 3395 μὴ

207 3419 464 3500 πάσχειν,
479 3415 615 3476 ἀλλὰ
643 3418 963 3474 ἀπωθεῖσθαι
989 3415 1180 3485 ζητῶν,
1204 3410 1240 3469 ἅ
1267 3433 1324 3468 τε
1355 3407 1582 3488 ἔπασχεν
1608 3412 1770 3465 ἀκου-

209 3508 341 3577 σίως
372 3507 634 3586 ἔπασχεν,
675 3503 711 3562 ἅ
747 3507 795 3562 τ’
820 3501 1004 3583 ἔδρασε
1045 3499 1115 3558 τὰ
1142 3497 1434 3574 παθήματα
1466 3493 1774 3576 βουλόμενος

211 3597 482 3676 διαφυγεῖν
505 3589 800 3657 ἐλασσόνως
815 3587 850 3660 ἢ
863 3591 980 3648 κατ’
1000 3586 1148 3656 ἀξίαν
1171 3585 1260 3645 τὸν
1283 3583 1510 3665 ἄρξαντα
1527 3581 1773 3659 ἠμύνετο,

211 3685 308 3744 καὶ
330 3684 427 3743 οὐκ
443 3680 586 3759 ἔδρα.
671 3679 734 3756 (7)
763 3679 832 3738 Εἰ
851 3677 906 3736 δὲ
924 3675 1176 3759 κρείσσων
1199 3671 1272 3732 ὢν
1295 3671 1388 3739 τὰς
1408 3679 1588 3752 χεῖρας
1608 3691 1777 3750 κρεισ-

215 3772 378 3839 σόνως
405 3767 632 3847 ἠμύνετο
651 3764 688 3838 ἢ
711 3764 972 3847 ἔπασχεν,
1017 3764 1124 3824 οὐδ’
1147 3762 1284 3822 οὕτω
1307 3759 1502 3828 δίκαιος
1525 3759 1609 3841 ὑφ’
1633 3761 1777 3836 ὑμῶν

123 3882 184 3920 ιο
211 3856 722 3936 καταλαμὸάνεσθαί
744 3859 875 3918 ἐστι.
898 3857 994 3936 Τῷ
1023 3851 1116 3931 μὲν
1136 3850 1238 3930 γὰρ
1266 3848 1478 3930 ἄρξαντι
1499 3850 1771 3926 πανταχοῦ

217 3947 430 4027 μεγάλα
453 3944 692 4024 ἐπιτίμια
715 3935 970 4005 ἐπίκειται
989 3986 1006 4016 ,
1031 3943 1108 4022 τῷ
1133 3938 1187 3999 δὲ
1210 3935 1522 4016 ἀμυνομένῳ
1547 3935 1779 4010 οὐδαμοῦ

213 4036 366 4097 οὐδὲν
393 4034 650 4112 ἐπιτίμιον
682 4031 993 4115 γέγραπται.
1076 4030 1142 4107 (8)
1174 4025 1316 4108 Πρὸς
1343 4025 1397 4084 δὲ
1425 4023 1486 4084 τὸ
1513 4022 1648 4102 μήτε
1685 4023 1775 4080 δι-

215 4123 380 4193 καίως
407 4121 544 4202 μήτε
579 4121 770 4188 ἀδίκως
808 4116 1127 4180 ἀποκτείνειν
1155 4113 1512 4194 ἀποκέκριται·
1595 4111 1654 4168 οὔ
1679 4107 1780 4190 γὰρ

216 4213 322 4273 ὑπὸ
342 4215 448 4272 τῶν
464 4213 706 4290 πληγῶν,
733 4211 847 4269 ἀλλ’
872 4206 973 4266 ὑπὸ
990 4210 1080 4266 τοῦ
1103 4206 1282 4283 ἰατροῦ
1299 4205 1326 4260 6
1355 4197 1486 4279 ἀνὴρ
1510 4195 1782 4272 ἀπέθανεν,

217 4305 287 4370 ὣς
301 4305 352 4361 οἷ
381 4299 638 4382 μάρτυρες
661 4300 1026 4379 μαρτυροῦσιν.
1108 4290 1269 4352 Ἐστι
1291 4287 1454 4348 δὲκαὶ
1478 4290 1512 4358 ἡ
1531 4283 1668 4364 τύχη
1691 4288 1782 4343 τοῦ

221 4390 471 4470 ἄρξαντος
488 4387 578 4447 καὶ
593 4389 651 4446 οὐ
676 4391 767 4446 τοῦ
793 4382 1136 4464 ἀμυνομένου.
1178 4379 1248 4440 Ὁ
1281 4376 1374 4456 μὲν
1397 4373 1501 4458 γὰρ
1530 4373 1787 4441 ἀκουσίως

219 4478 398 4538 πάντα
443 4474 640 4558 δράσας
677 4475 768 4535 καὶ
807 4471 987 4532 παθὼν
1029 4466 1278 4550 ἀλλοτρίᾳ
1325 4462 1464 4546 τύχῃ
1513 4461 1784 4542 κέχρηται·

119 4571 248 4627 1296
299 4565 356 4626 δὲ
384 4562 634 4632 ἑκουσίως
655 4563 830 4622 πάντα
858 4559 1079 4641 δράσας,
1099 4561 1159 4616 ἐκ
1185 4559 1287 4616 τῶν
1308 4557 1468 4612 αὑτοῦ
1497 4551 1661 4631 ἔργων
1691 4547 1784 4620 τὴν

219 4655 386 4736 τύχην
409 4651 824 4734 προσαγόμενος,
851 4651 916 4728 τῇ
945 4650 1102 4705 αὑτοῦ
1125 4641 1316 4724 ἀτυχίᾳ
1332 4640 1587 4721 ἥμαρτεν.

307 4757 352 4804 9.
385 4743 480 4810 Ὧς
520 4739 617 4820 μὲν
645 4729 733 4798 οῧν
779 4736 944 4797 οὖδενὶ
989 4733 1162 4814 ἔνοχος
1199 4736 1304 4789 τῶν
1345 4723 1784 4807 κατηγορημένων

225 4839 252 4894 6
283 4828 597 4910 διωκόμενός
639 4831 810 4900 ἐστιν,
839 4822 1223 4884 ἀποδέδεικται.
1309 4819 1378 4878 Εἰ
1419 4815 1476 4876 δέ
1511 4838 1588 4882 τις
1614 4809 1786 4884 κοινὴν

225 4923 320 4982 μὲν
342 4919 440 4992 τὴν
453 4917 592 5000 upa}
599 4939 665 4990 ιν,
685 4912 862 4987 κοινὴν
879 4911 932 4972 δὲ
955 4911 1048 4982 τὴν
1079 4908 1298 4988 ἀτυχίαν
1319 4907 1486 4964 αὐτῶν
1507 4900 1790 4982 ἡγούμενος

229 5003 380 5082 εἶναι,
395 5005 561 5088 μηδὲν
580 5003 904 5081 ἀπολύσιμον
931 5001 1130 5078 μᾶλλον
1149 4997 1185 5068 ἢ
1209 4991 1576 5074 καταλήψιμον
1603 4991 1662 5048 ἐκ
1683 4991 1788 5046 τῶν

221 5095 516 5177 λεγομένοιν
547 5091 792 5173 γινώσκει
834 5089 989 5148 αὖτὸν
1033 5085 1189 5163 ὄντα,
1222 5083 1313 5144 καὶ
1342 5079 1504 5148 οὕτως
1547 5074 1789 5136 ἀπολύειν

174 5207 198 5243 ε
227 5189 425 5266 μᾶλλον
449 5183 488 5255 ἢ
527 5177 960 5257 καταλαμὸάνειν
1009 5173 1207 5234 δίκαιόν
1255 5175 1381 5231 ἔστι.
1464 5171 1514 5228 Τ
1517 5167 1576 5226 όν
1601 5188 1658 5223 τε
1689 5161 1790 5245 γὰρ

225 5272 482 5335 διώκοντα
512 5273 572 5331 οὗ
601 5269 800 5330 δίκαιον
827 5262 1286 5345 καταλαμὸάνειν,
1325 5257 1400 5338 μὴ
1429 5259 1606 5338 σαφῶς
1643 5251 1788 5313 διδά-

1121 459 1639 523 ANTIPHONTls
1681 456 2175 522 TETRALOGIA
2216 462 2343 540 111,-
2389 470 2446 524 4.

1847 604 1898 656 ει
1922 603 2120 654 auribus
2132 606 2187 655 ut
2202 603 2421 665 audiant,
2439 601 2508 658 ita
2521 601 2763 665 juventuti
2779 603 2978 666 cognata
2995 603 3117 655 esset
3134 602 3399 666 insolentia,

1849 683 2049 734 etsenio
2078 683 2263 748 pudor,
2280 683 2779 746 nilegeremnsvestra
2790 681 3161 746 disceptatione,
3186 682 3399 746 judices3

1848 761 1953 825 ipsa
1967 761 2097 813 enim
2111 764 2228 813 intas
2236 763 2467 825 juvenem
2476 761 2817 813 condemnaret
2832 780 2845 810 ε
2862 761 2965 824 iam
2974 773 3251 824 veroquam
3260 762 3403 812 multi

1845 837 2082 900 juvenum
2092 839 2446 904 εἰιιιριιᾶειιιεε,
2455 840 2593 892 multi
2606 852 2775 892 senum
2786 838 2968 901 lascivi,
2980 839 3059 890 hic
3067 840 3261 906 quidem
3270 839 3406 891 locus

1850 919 2122 969 communis
2134 921 2224 980 est,
2239 932 2338 969 non
2352 920 2621 970 accusatori
2640 918 2791 982 magis
2802 931 2951 983 quam
2965 918 3201 970 defensori
3217 919 3403 982 patens.

1853 996 1919 1060 (3)
1938 1003 1996 1047 At
2017 997 2110 1050 hoc
2131 1001 2467 1062 argumentum
2488 999 2627 1052 nobis
2651 999 2725 1049 εει
2738 998 2984 1064 proprium
2997 1033 3014 1060 ,
3037 1011 3193 1062 eoque
3212 999 3411 1062 praesta·

1851 1090 1963 1128 mus
1975 1077 2258 1130 adversariis
2278 1098 2291 1130 x
2312 1079 2459 1130 testes
2475 1078 2611 1129 aiunt
2626 1081 2926 1143 peremptum
2942 1077 3226 1129 verberandi
3243 1076 3412 1128 recisse

1851 1156 2061 1208 initium.
2082 1155 2225 1217 Quod
2246 1157 2286 1209 si
2307 1159 2406 1219 est,
2425 1169 2731 1223 quaecunque
2750 1155 2945 1209 tandem
2962 1156 3221 1206 aliaamico
3242 1157 3411 1208 nostro

1851 1235 1971 1287 vitio
1995 1237 2264 1298 vertantur,
2292 1235 2385 1289 hoc
2405 1249 2521 1289 eum
2550 1235 2685 1288 omni
2706 1236 2847 1302 culpa
2875 1234 3099 1286 absolvit.
3142 1237 3267 1286 Nam
3285 1233 3327 1284 si
3342 1246 3409 1286 ex

1852 1317 2015 1368 vestra
2045 1315 2283 1368 sententia
2316 1315 2359 1365 is
2372 1352 2387 1380 ,
2424 1315 2511 1380 qui
2540 1317 2735 1381 propter
2764 1313 2943 1366 inflicta
2970 1327 3002 1365 a
3030 1327 3083 1365 se
3120 1313 3323 1364 verbera
3356 1312 3410 1364 in

1851 1407 1999 1445 causa
2026 1393 2118 1445 ruit
2132 1429 2147 1456 ,
2170 1397 2227 1443 nt
2242 1394 2308 1444 ad
2328 1393 2503 1444 medici
2526 1395 2682 1446 artem
2706 1405 2954 1444 recurrere
2974 1391 3236 1454 deberetis,
3260 1389 3411 1454 magis

1852 1483 2001 1537 quam
2016 1473 2059 1524 is
2072 1473 2289 1524 medicus
2300 1473 2386 1536 qui
2400 1471 2615 1537 (inscitia
2636 1472 2742 1534 sua)
2762 1471 2971 1533 necavit,
2984 1469 3223 1521 homicida
3231 1468 3407 1519 habm-

1851 1552 1943 1604 dus
1958 1553 2033 1604 εει
2050 1568 2063 1601 :
2084 1554 2192 1603 tum
2210 1565 2351 1603 verus
2376 1549 2617 1602 homicida
2632 1549 2724 1600 erit
2742 1549 2784 1598 is
2800 1549 2885 1612 qui
2907 1549 3038 1611 prior
3061 1548 3260 1598 verbera
3276 1547 3408 1597 intu-

1853 1632 1928 1682 lit.
1992 1631 2083 1683 Hic
2108 1631 2237 1684 enim
2263 1631 2313 1680 in
2336 1641 2483 1680 causa
2511 1629 2634 1692 ruit,
2662 1629 2720 1678 nt
2753 1627 2878 1678 alter
2908 1640 2994 1690 par
3031 1626 3135 1690 pari
3162 1625 3409 1676 referendo

1851 1711 1954 1774 ipse
1971 1709 2252 1762 verberatus
2268 1709 2455 1760 medico
2476 1722 2529 1760 se
2550 1706 2851 1758 committere
2882 1705 3146 1768 cogeretur.
3210 1703 3410 1754 Infando

1851 1801 1967 1839 sane
1997 1801 2109 1839 reus
2136 1789 2297 1838 noster
2330 1787 2604 1850 pateretur,
2632 1784 2696 1848 si,
2725 1796 2879 1848 quum
2904 1795 3003 1832 non
3021 1780 3297 1843 occidisset,
3322 1793 3412 1844 pro

1851 1881 1969 1920 vero
2000 1869 2235 1930 occisore,
2255 1868 2330 1928 et,
2357 1879 2511 1930 quum
2540 1879 2639 1916 non
2661 1877 2799 1915 orsus
2826 1865 2950 1914 esset
2973 1862 3158 1924 rixam,
3177 1862 3285 1911 loco
3309 1861 3414 1924 ejus

1851 1949 1938 2015 qni
1954 1961 2153 1998 exorsus
2178 1960 2287 1997 eam
2304 1947 2404 2008 est,
2435 1944 2677 1995 diceretur
2710 1941 2969 1992 homicida.
3047 1939 3115 2003 (4)
3148 1940 3411 1991 Accusator

1853 2041 1997 2092 porro
2018 2027 2059 2077 si
2082 2025 2197 2076 vitae.
2218 2023 2453 2088 perempti
2475 2021 2725 2073 insidiatus
2746 2033 2845 2070 non
2865 2019 2983 2080 ruit,
3002 2031 3102 2067 non
3133 2016 3289 2080 magis
3303 2029 3413 2067 reus

1852 2108 1963 2159 ruit.
2028 2111 2153 2158 Nam
2176 2106 2243 2168 si,
2284 2105 2371 2168 qui
2400 2099 2687 2153 verberandi
2721 2099 2835 2152 tecit
2872 2097 3090 2159 initium,
3130 2097 3410 2159 verberare,

1852 2203 1953 2240 non
1986 2191 2152 2239 antem
2198 2185 2417 2237 occidere
2446 2182 2725 2234 intendisset
2738 2217 2753 2242 ,
2784 2179 3067 2230 verberatus
3110 2179 3275 2228 autem
3314 2191 3414 2227 non

1852 2267 2177 2326 reverberare,
2194 2264 2279 2315 sed
2295 2262 2529 2324 occidere,
2546 2263 2655 2311 tum
2678 2259 2844 2322 utique
2857 2257 2935 2309 hic
2951 2257 3079 2309 illius
3090 2257 3205 2307 vitae
3216 2254 3414 2305 insidia-

1851 2347 1934 2396 tus
1962 2347 2103 2397 osset.
2169 2347 2281 2394 Jam
2302 2355 2419 2392 vero
2440 2353 2593 2404 quum
2616 2339 2698 2389 hic
2727 2350 2948 2402 quoque,
2967 2337 3087 2386 dum
3114 2348 3166 2385 εε
3187 2334 3413 2386 desende-

1852 2425 1955 2486 ret,
1972 2423 2229 2474 verberare
2242 2420 2415 2481 modo,
2442 2417 2527 2469 sed
2550 2429 2648 2467 non
2670 2415 2889 2466 occidere
2907 2413 3215 2475 intendisset,
3238 2412 3417 2464 infelici

1851 2515 1967 2554 casu
1985 2503 2146 2566 lapsus
2167 2501 2269 2562 est,
2295 2498 2469 2549 seriens
2502 2509 2603 2560 quo
2632 2494 2775 2546 ferire
2790 2493 3023 2544 noluerat.
3100 2492 3169 2554 (5)
3192 2491 3417 2543 verberis

1853 2587 2015 2648 itaque
2036 2582 2132 2633 dici
2152 2583 2193 2632 is
2214 2579 2409 2644 quidem
2426 2576 2697 2640 designator
2712 2576 2859 2640 queat
2869 2591 2885 2636 ;
2902 2575 2953 2625 at
2972 2572 3103 2624 necis
3115 2571 3417 2635 designator,

1853 2678 2067 2732 quonam
2096 2663 2238 2728 pacto
2260 2660 2529 2724 appelletur
2550 2657 2593 2708 is
2608 2696 2623 2721 ,
2646 2657 2732 2723 qui
2748 2653 2929 2706 invitus
2947 2652 3303 2704 reverberavit?
3334 2655 3418 2703 In-

1853 2744 2038 2809 ceptori
2068 2740 2220 2804 magis
2254 2740 2327 2789 oet
2362 2736 2585 2801 proprius
2614 2749 2750 2787 error
2785 2747 2933 2799 quam
2966 2731 3132 2784 ultori.
3196 2733 3319 2781 Nam
3340 2729 3423 2780 hic

1855 2822 2053 2874 verbera
2090 2821 2141 2871 in
2180 2833 2232 2871 se
2260 2819 2441 2869 intorta
2473 2818 2784 2879 retorquens,
2823 2810 3055 2876 quicquid
3083 2809 3327 2872 peccavit,
3358 2807 3423 2858 ab

1853 2902 2006 2953 altero
2050 2901 2245 2950 coactus
2286 2895 2507 2962 peccavit
2545 2913 2559 2944 ε
2595 2893 2687 2942 iste
2728 2903 2846 2941 vero
2900 2887 3283 2951 intemperantiae
3316 2898 3418 2936 sum

1855 2983 2018 3045 debet,
2036 2979 2265 3044 quicquid
2282 2978 2370 3029 ant
2384 2975 2519 3026 dedit
2534 2973 2775 3023 malorum
2791 2970 2879 3019 aut
2894 2967 3101 3030 accepit;
3118 2967 3167 3017 et
3184 2967 3255 3016 sic
3270 2965 3423 3015 altero

1855 3064 1993 3114 tanto
2026 3061 2212 3124 dignior
2256 3060 2331 3109 εει
2383 3055 2470 3121 qul
2519 3050 2759 3104 homicida
2814 3049 3109 3112 appelletur,
3158 3060 3219 3096 ex
3260 3058 3423 3096 errore

1857 3141 2123 3206 geminato,
2144 3151 2257 3189 cum
2286 3149 2375 3186 suo
2403 3134 2593 3198 proprio
2616 3135 2723 3182 tum
2745 3128 2919 3178 alieno.
2984 3127 3052 3190 (6)
3081 3129 3232 3176 Reum
3256 3125 3423 3174 autem

1857 3233 1958 3271 non
1998 3220 2182 3280 acrius,
2231 3215 2317 3266 sed
2350 3212 2545 3264 mollius
2592 3209 2753 3260 ultum
2799 3219 2903 3257 esse
2951 3205 3146 3267 accepta
3190 3201 3390 3253 verbera
3406 3239 3423 3265 ,

1855 3300 1957 3363 iam
1996 3297 2195 3349 docebo.
2261 3295 2395 3346 Alter
2425 3292 2553 3342 enim
2566 3327 2581 3353 ,
2608 3287 2881 3352 petulanter
2912 3282 3148 3346 iniurians
3167 3281 3269 3331 vim
3300 3281 3425 3332 inie-

1863 3379 2029 3441 rebat,
2051 3389 2152 3426 non
2188 3371 2449 3437 repellebat
2487 3389 2500 3419 ι
2534 3367 2657 3418 alter
2682 3367 2845 3415 autem
2870 3362 3095 3426 iniuriam
3111 3397 3126 3424 ,
3157 3373 3257 3410 non
3294 3359 3422 3424 pati,

1861 3455 1947 3507 sed
1963 3453 2193 3518 repellere
2211 3449 2505 3501 contendens
2518 3482 2534 3510 ‚
2556 3459 2613 3496 ea
2628 3457 2741 3508 quae
2767 3454 2935 3506 passus
2965 3442 3037 3492 εει
3056 3439 3237 3490 invitus
3262 3451 3428 3501 passm

1865 3535 1939 3585 εει
1955 3551 1971 3595 ;
2004 3545 2116 3596 quae
2145 3543 2264 3580 vero
2294 3527 2405 3577 fecit
2434 3526 2539 3574 hoec
2564 3520 2809 3573 devitandi
2840 3531 3011 3582 causa,
3046 3518 3106 3566 iis
3137 3529 3236 3566 non
3262 3514 3430 3565 intulit

1861 3614 1963 3664 vim
1976 3648 1992 3674 ,
2016 3610 2102 3662 sed
2127 3609 2311 3658 illatam
2343 3605 2504 3655 minus
2528 3613 2677 3665 quam
2706 3611 2794 3662 pro
2816 3596 2962 3646 modo
2980 3593 3286 3658 aggressionis
3314 3605 3427 3656 pro·

1863 3693 2000 3757 pulit.
2065 3690 2131 3754 (7)
2154 3687 2238 3738 Sin
2266 3696 2501 3736 manuum
2522 3681 2695 3731 robore
2712 3676 3019 3742 praestantior
3038 3673 3225 3735 maiora
3253 3685 3427 3736 repen-

1865 3773 1939 3823 dit
1960 3784 2106 3836 qnam
2125 3766 2311 3830 accepit
2323 3802 2338 3829 ,
2358 3777 2419 3815 ne
2438 3763 2509 3813 sic
2530 3759 2729 3824 quidem
2742 3752 3053 3807 condemnari
3072 3766 3101 3802 a
3118 3750 3257 3802 vobis
3279 3763 3433 3801 mere-

1865 3853 1963 3902 tur.
2028 3853 2149 3900 Nam
2179 3842 2503 3907 inceptor-ibus
2528 3845 2747 3888 rixarum
2775 3836 2901 3897 leges
2925 3833 3104 3895 ubique
3131 3829 3431 3894 gravissimas

1865 3941 2033 3994 poenas
2054 3920 2372 3983 denunciant;
2391 3915 2638 3982 repellenti
2662 3915 2831 3965 autem
2856 3911 2955 3962 vim
2968 3947 2983 3974 ,
3001 3921 3242 3971 nusquam
3275 3919 3431 3970 poenae

1867 4011 2129 4075 quicquam
2159 4002 2495 4069 praescriptum
2534 3999 2626 4048 est.
2692 3995 2761 4058 (8)
2795 3993 2869 4044 Ad
2894 3991 3029 4042 illam
3061 3988 3387 4040 causationem
3396 3999 3433 4062 ‘a

1869 4090 1974 4153 lege
2016 4085 2267 4148 repetitam
2281 4116 2295 4141 ,
2313 4079 2509 4129 vetante
2537 4084 2817 4138 quenquam
2835 4080 3129 4135 quocunque
3158 4065 3303 4116 titulo
3333 4063 3435 4113 sive

1857 4165 1976 4232 ‘jure
1998 4166 2099 4217 sive
2120 4160 2297 4222 iniuria
2314 4156 2487 4218 occidi,
2504 4153 2619 4204 satis
2632 4151 2735 4214 jam
2750 4158 3033 4210 responsum
3050 4146 3125 4194 est
3158 4163 3171 4193 ι
3192 4156 3289 4193 ιιοιι
3306 4141 3435 4192 ειιίιιι

1869 4244 2072 4297 verbera
2085 4239 2328 4290 hominem
2341 4272 2356 4298 ,
2376 4233 2461 4284 sed
2482 4228 2719 4294 imperitia
2734 4223 2909 4276 medici
2928 4221 3149 4284 necavit,
3163 4219 3225 4270 de
3242 4233 3340 4283 quo
3358 4221 3434 4269 te-

1870 4325 1968 4374 stes
1981 4317 2343 4372 confirmarunt.
2408 4307 2669 4371 inceptoris
2686 4317 2880 4370 quoque
2902 4303 3091 4353 fortuna
3109 4336 3123 4361 ,
3142 4311 3241 4348 non
3268 4297 3434 4347 desen-

1871 4401 2018 4463 soris,
2036 4392 2301 4448 incusanda
2326 4391 2415 4440 εει.
2478 4391 2601 4439 Nam
2625 4385 2730 4447 hic,
2758 4381 2843 4446 qui
2867 4383 2917 4432 et
2945 4378 3131 4442 accepit
3164 4378 3215 4427 et
3233 4375 3435 4426 reddidit

1873 4479 2034 4530 omnia
2058 4475 2241 4527 invitus
2257 4510 2271 4536 ,
2298 4471 2451 4521 aliena
2480 4469 2671 4519 fortuna
2684 4502 2700 4528 ,
2742 4476 2843 4514 non
2874 4474 2961 4512 sna
2978 4497 2993 4521 ,
3026 4461 3100 4509 est
3126 4469 3279 4508 usus:
3315 4455 3435 4505 alter

1874 4550 2501 4619 antem‚spontesuaomnia
2514 4559 2676 4611 agens,
2694 4544 2830 4595 iactis
2854 4540 2945 4592 sibi
2958 4539 3059 4591 suis
3070 4549 3209 4590 suam
3232 4534 3433 4586 arcessi·

1883 4639 1955 4688 vit
1974 4638 2215 4687 fortunam
2228 4670 2244 4696 ,
2270 4643 2453 4693 suaque
2475 4625 2753 4678 infelicitate
2775 4623 2941 4684 lapsus
2957 4620 3047 4669 est.

1939 4735 1985 4777 9.
2022 4728 2133 4776 Jam
2150 4723 2349 4786 planum
2368 4719 2551 4768 sactum
2568 4714 2668 4777 εει,
2694 4723 2833 4762 reum
2858 4704 3105 4758 homicidii
3129 4715 3327 4767 prorsus
3348 4700 3435 4750 ob-

1876 4803 2077 4853 noxium
2095 4812 2195 4850 non
2211 4808 2331 4847 esse.
2366 4790 2507 4850 Quod
2529 4791 2569 4840 si
2586 4791 2749 4839 tamen
2762 4821 2777 4848 ‚
2794 4785 2849 4832 ut
2870 4789 3181 4830 communem
3204 4773 3439 4824 ambobus

1877 4879 2115 4930 actionem
2128 4911 2143 4939 ,
2184 4874 2254 4923 ito
2292 4865 2611 4920 infortunium
2644 4871 2841 4926 qnoque
2870 4865 3129 4908 commune
3164 4849 3442 4903 existimans

1877 4956 1988 5021 quis
2009 4965 2136 5014 esse,
2156 4947 2349 5010 colligat
2374 4959 2405 4994 e
2419 4938 2701 5005 disputatiS,
2728 4935 2958 4985 neutrum
2984 4930 3135 4979 altero
3151 4955 3169 4987 ,
3190 4925 3287 4976 sive
3306 4923 3441 4971 abso·

1878 5025 2062 5078 lutione
2076 5061 2090 5086 ,
2110 5023 2212 5071 sive
2242 5016 2642 5070 condemnatione
2656 5049 2673 5075 ,
2702 5009 2966 5072 digniorem
2992 5017 3095 5055 esse
3121 5022 3135 5052 ι
3166 5013 3255 5049 vos
3271 4997 3349 5048 vel
3374 4997 3443 5045 sic

1879 5099 2029 5164 magis
2050 5097 2219 5149 deceat
2255 5107 2392 5144 reum
2428 5091 2675 5141 absolvere
2688 5123 2703 5148 ,
2740 5097 2888 5148 quam
2924 5071 3255 5130 condenuiare.
3318 5073 3440 5121 Nam

1879 5179 2009 5228 haud
2046 5186 2243 5240 oequum
2267 5172 2340 5222 est
2384 5163 2836 5219 condemnationem
2874 5157 3089 5208 obtinere
3114 5148 3441 5202 accusatorem

1880 5257 1965 5320 qui
1982 5253 2235 5318 perspicue
2250 5261 2349 5299 non
2363 5242 2581 5297 docuerit
2596 5239 2826 5304 injuriam
2848 5247 2876 5284 a
2898 5245 2981 5294 reo
3002 5228 3092 5280 sibi
3114 5226 3291 5279 iactam
3312 5235 3413 5274 esse
3423 5238 3440 5286 ς
