3825 5842
589 544 702 595 210

535 696 562 737 ιι
587 669 678 729 καὶ
705 673 796 740 τῆς
823 669 1050 741 πόλεως,
1079 667 1144 740 ἣν
1172 664 1418 749 πρότερον
1446 668 1841 748 παραλαὸόντες
1863 668 2024 737 οὕτως
2048 673 2131 729 αἶ-

588 762 760 840 σχρῶς
795 756 886 817 καὶ
911 758 1085 824 δεινῶς
1119 756 1472 828 ἐλωὸήσαντο.
1551 758 1714 819 'ssot'
1747 761 1842 817 οὐκ
1873 758 2013 827 ἄξιον
2048 764 2139 831 τῆς

587 844 895 923 δοκιμασίας
941 842 1200 925 ὀλιγώρως
1249 843 1385 925 ἔχειν
1401 890 1420 921 ,
1456 844 1572 904 οὐδὲ
1617 845 1800 927 μικρὸν
1828 845 2141 925 ἡγουμένους

583 934 646 993 τὸ
666 943 889 1015 πρᾶγμα
919 932 995 1012 μὴ
1028 933 1306 1015 φροντίζειν
1343 936 1531 1008 αὐτῆς,
1569 934 1708 993 ἀλλὰ
1741 934 2035 1015 φυλάττειν·
2072 938 2141 1003 ὡς

585 1025 639 1081 ἐν
656 1028 732 1104 τῷ
751 1021 966 1081 ἕκαστον
991 1021 1202 1089 δικαίως
1221 1021 1400 1103 ἄρχειν
1423 1022 1460 1095 ἥ
1479 1046 1536 1081 τε
1559 1023 1798 1082 πολιτεία
1817 1022 1908 1081 καὶ
1934 1022 1989 1081 τὸ
2010 1022 2141 1083 ἄλλο

583 1115 776 1182 πλῆθος
801 1110 862 1170 τὸ
897 1110 1142 1192 ὑμέτερον
1167 1109 1404 1181 σώζεται.
1490 1112 1583 1191 (ιο)
1615 1114 1684 1173 Εἰ
1711 1109 1804 1189 μὲν
1840 1110 1904 1183 δὴ
1934 1110 2139 1191 βουλεύ·

585 1222 690 1260 σων
711 1200 820 1259 νυνὶ
843 1200 1178 1277 ἐδοκιμάζετο
1197 1198 1290 1258 καὶ
1316 1200 1387 1266 ὥς
1411 1200 1722 1268 ἱππευκότος
1749 1202 1907 1259 αὐτοῦ
1932 1200 2139 1259 ἐπὶτῶν

581 1290 860 1371 τριάκοντα
890 1287 1035 1369 ἅρμα
1056 1290 1108 1348 ἐν
1135 1290 1246 1355 ταῖς
1263 1286 1465 1347 σανίσιν
1491 1286 1837 1369 ἐνεγέγραπτο
1855 1334 1873 1365 ,
1901 1288 1992 1347 καὶ
2019 1287 2140 1346 ἄνευ

511 1401 562 1441 ιο
582 1378 874 1459 κατηγόρου
906 1376 968 1435 ἂν
1009 1376 1162 1436 αὐτὸν
1201 1376 1626 1453 ἀπεδοκιμάζετε·
1665 1375 1773 1435 νυνὶ
1812 1376 1902 1453 δέ,
1932 1374 2018 1435 ὅτε
2064 1374 2138 1452 μὴ

585 1468 740 1546 μόνον
777 1462 1044 1532 ἱππευκὼς
1079 1461 1213 1541 μηδὲ
1255 1462 1635 1543 βεὸουλευκώς,
1673 1462 1811 1521 ἀλλὰ
1837 1463 1929 1522 καὶ
1964 1466 2037 1529 εἷς
2080 1463 2141 1521 τὸ

583 1557 778 1626 πλῆθος
814 1549 1185 1631 ἐξημαρτηκὼς
1223 1550 1486 1632 φαίνεται,
1526 1553 1619 1610 οὐκ
1661 1548 1725 1609 ἂν
1763 1550 1955 1610 ἄτοπον
1986 1551 2137 1620 ποιή·

582 1665 754 1721 σαιτε,
769 1644 814 1700 εῖ
833 1640 908 1719 μὴ
927 1638 1022 1711 τὴν
1039 1636 1198 1711 αὐτὴν
1214 1636 1424 1717 γνώμην
1439 1637 1642 1719 ἔχοντες
1655 1637 1774 1721 περὶ
1789 1640 1950 1698 αὐτοῦ
1964 1643 2139 1721 φανοῖ-

583 1734 704 1803 σθε;
729 1730 820 1808 (n)
849 1726 959 1789 Καὶ
978 1726 1072 1805 μὲν
1087 1726 1152 1798 δὴ
1177 1724 1435 1805 βουλεύειν
1459 1750 1518 1806 γε
1537 1726 1866 1803 δοκιμασθεὶς
1879 1750 2139 1785 πεντακο-

583 1816 784 1885 σιοστὸς
801 1815 874 1877 ὢν
900 1816 1033 1894 μετὰ
1058 1820 1162 1876 τῶν
1187 1815 1360 1875 ἄλλων
1382 1814 1610 1874 ἐνιαυτὸν
1631 1814 1694 1875 ἂν
1722 1814 1874 1892 μόνον
1899 1814 2138 1877 ἐδούλευ·

581 1926 689 1979 σεν,
712 1904 850 1967 ὥστε
881 1904 973 1965 καὶ
1005 1904 1128 1964 εἴτι
1167 1905 1219 1963 ἐν
1256 1901 1424 1984 τούτῳ
1448 1906 1524 1984 τῷ
1562 1903 1735 1985 χρόνῳ
1763 1902 2136 1985 ἐξαμαρτάνειν

507 2010 555 2050 ia
581 1994 842 2068 ἐδούλετο,
867 1992 1055 2075 ῥαδίως
1075 1992 1138 2051 ἂν
1165 1990 1262 2051 ὑπὸ
1280 1994 1384 2050 τῶν
1401 1990 1572 2049 ἄλλων
1591 1990 1862 2051 ἐκωλύετο.
1926 1990 2138 2065 Ταύτην

585 2082 642 2142 δὲ
663 2082 758 2154 τὴν
783 2080 949 2164 ἀρχὴν
979 2080 1110 2150 ἀξιοῖ
1137 2080 1287 2157 μόνος
1315 2079 1466 2147 αὐτὸς
1487 2082 1604 2139 καθ’
1634 2080 1786 2139 αὑτὸν
1821 2079 2021 2159 ἄρχειν,
2050 2080 2138 2139 καὶ

583 2169 716 2248 μετὰ
729 2176 820 2243 τ’ἦς
844 2173 897 2229 ἐν
919 2167 1098 2251 Ἀρείῳ
1118 2168 1274 2249 πάγῳ
1301 2169 1486 2247 βουλῆς
1500 2166 1586 2225 τὸν
1606 2166 1815 2226 ἅπαντα
1828 2166 2013 2247 χρόνον
2032 2170 2135 2227 τῶν

582 2258 841 2337 μεγίστων
863 2257 1036 2340 κύριος
1051 2256 1304 2335 γενέσθαι·
1335 2256 1424 2334 (ιε)
1447 2252 1582 2313 ὥστε
1603 2258 1726 2334 ὑμῖν
1749 2252 1994 2327 καθήκειν
2014 2255 2132 2336 περὶ

576 2346 772 2420 ταύτης
803 2350 897 2419 τῆς
923 2349 1088 2427 ἀρχῆς
1109 2342 1484 2426 ἀκριὸεστέραν
1511 2341 1605 2413 τὴν
1625 2341 1989 2421 δοκιμασίανῆ
2016 2342 2136 2424 περὶ

576 2436 680 2493 τῶν
705 2432 876 2493 ἄλλων
906 2434 1081 2513 ἀρχῶν
1103 2436 1377 2492 ποιεῖσθαι.
1461 2433 1528 2491 Εἰ
1548 2429 1602 2491 δὲ
1625 2432 1700 2511 μή
1714 2475 1730 2505 ,
1752 2434 1864 2499 πῶς
1889 2429 2057 2491 οἴεσθε
2076 2430 2138 2490 τὸ

579 2521 708 2581 ἄλλο
725 2522 917 2593 πλῆθος
933 2523 1036 2579 τῶν
1056 2521 1279 2580 πολιτῶν
1299 2517 1664 2594 διακείσεσθαι,
1688 2520 1812 2579 ὅταν
1833 2518 2132 2593 αἴσθωνται,

579 2608 636 2668 δν
667 2614 902 2692 προσῆκε
939 2606 1084 2675 δίκας
1117 2610 1221 2666 τῶν
1259 2606 1650 2689 ἡμαρτημένων
1689 2606 1919 2686 διδόναι,
1958 2612 2134 2667 τοῦτον

499 2722 553 2762 20
577 2699 663 2779 ὑφ’
696 2700 841 2775 ὑμῶν
869 2694 1110 2768 τοιαύτης
1139 2697 1304 2776 ἀρχῆς
1338 2694 1648 2773 ἠξιωμένον;
1684 2695 1775 2754 καὶ
1805 2694 1962 2777 φόνου
1988 2693 2136 2762 δίκας

577 2784 850 2853 δικάζοντα
868 2828 884 2857 ,
909 2782 964 2843 δν
993 2782 1095 2843 ἔδει
1123 2782 1278 2841 αὖτὸν
1305 2782 1407 2841 ὑπὸ
1431 2787 1524 2855 τῆς
1546 2784 1597 2843 ἐν
1625 2781 1807 2864 Ἀρείῳ
1833 2782 1987 2863 πάγῳ
2012 2786 2135 2863 βου-

575 2875 672 2946 λῆς
690 2874 981 2953 κρίνεσθαι,
1011 2870 1102 2930 καὶ
1126 2868 1252 2949 πρὸς
1271 2868 1468 2938 τούτοις
1487 2868 1665 2930 ἴδωσιν
1691 2870 2133 2953 ἐστεφανωμένον,

575 2961 667 3021 καὶ
706 2958 1000 3041 ἐπικλήρων
1035 2958 1127 3018 καὶ
1171 2960 1408 3041 ὀρφανῶν
1446 2956 1621 3040 κύριον
1662 2958 2019 3039 γεγενημένον,
2062 2949 2134 3017 ὧν

569 3048 726 3118 ’ἐνίοις
757 3048 909 3115 αὐτὸς
935 3038 1080 3114 οὗτος
1103 3050 1197 3121 τῆς
1236 3046 1482 3129 ὀρφανίας
1510 3046 1670 3113 αἴτιος
1697 3045 2001 3127 γεγένηται;
2036 3046 2133 3125 (13)

485 3123 498 3139 “
574 3126 689 3219 'Ap’
713 3139 809 3196 οὐκ
830 3135 995 3196 οἴεσθε
1024 3132 1208 3202 αὐτοὺς
1233 3136 1482 3215 χαλεπῶς
1504 3134 1852 3194 διακείσεσθαι
1879 3133 1971 3193 καὶ
1997 3137 2135 3211 ὑμᾶς

577 3228 748 3285 αὐτῶν
792 3224 986 3293 αἰτίους
1017 3223 1329 3303 ἡγήσεσθαι,
1370 3222 1494 3282 ὅταν
1537 3222 1788 3303 γένωνται
1831 3224 1885 3281 ἐν
1925 3222 2134 3291 ἐκείνοις

575 3320 680 3381 τοῖς
704 3311 938 3394 χρόνοις,
967 3315 1018 3371 ἐν
1051 3304 1131 3379 οἷς
1167 3314 1338 3370 αὐτῶν
1365 3310 1548 3370 πολλοὶ
1575 3312 1647 3380 εἷς
1679 3310 1741 3371 τὸ
1777 3310 2131 3393 δεσμωτήριον

491 3422 545 3460 aa
575 3398 838 3477 ἀπήγοντο
865 3398 956 3457 καὶ
977 3398 1178 3480 ἄκριτοι
1209 3398 1310 3457 ὑπὸ
1331 3397 1527 3458 τούτων
1557 3396 1864 3458 ἀπώλλυντο
1889 3398 1981 3457 καὶ
2008 3398 2130 3480 φεύ-

575 3509 682 3567 γειν
700 3484 794 3557 τὴν
814 3484 1064 3566 σφετέραν
1085 3486 1254 3544 αὗτῶν
1273 3485 1656 3565 ἠναγκάζοντο;
1683 3486 1906 3546 Κάκεῗνο
1924 3508 2133 3567 προσεν·

575 3576 892 3651 θυμηθῶσιν,
915 3570 993 3631 ὅτι
1015 3574 1043 3629 ὁ
1067 3571 1220 3639 αὖτὸς
1243 3565 1390 3639 οὗτος
1415 3572 1547 3654 ἀνὴρ
1574 3572 1949 3655 Θρασύὸουλος
1972 3574 2133 3643 αἴτιος

574 3660 847 3741 γεγένηται
867 3658 1229 3739 Λεωδάμαντά
1253 3683 1309 3719 τε
1329 3660 1816 3738 ἀποδοκιμασθῆναι
1839 3660 1930 3721 καὶ
1949 3668 2128 3724 τοῦτον

573 3750 988 3829 δοκιμασθῆναι,
1007 3753 1096 3809 τοῦ
1119 3746 1213 3826 μὲν
1228 3748 1514 3832 κατήγορος
1530 3749 1798 3829 γενόμενος
1814 3796 1831 3825 ,
1860 3754 1991 3833 ὓπερ
2010 3752 2129 3811 τού-

571 3860 664 3899 του
707 3836 762 3897 δὲ
803 3836 1233 3917 ἀπολογήσασθαι
1282 3838 1846 3919 παρασκευασάμενος
1895 3840 1949 3909 ὃς
1988 3839 2131 3908 ὅπως

571 3926 698 4011 πρὸς
733 3924 827 3999 τὴν
851 3927 1002 3987 πόλιν
1030 3925 1248 3985 διέκειτο
1275 3925 1364 3985 καὶ
1393 3926 1568 3987 πόσων
1602 3926 1765 3996 αἴτιος
1790 3929 1922 4010 αὖτῇ
1951 3933 2127 3989 κακῶν

487 4040 544 4083 ao
569 4015 860 4095 γεγένηται.
892 4061 908 4079 .
936 4062 951 4077 .
985 4060 1000 4075 .
1049 4012 1138 4095 (ιι)
1175 4014 1210 4087 ἢ
1241 4014 1534 4093 πειθόμενοι
1569 4019 1680 4084 πῶς
1717 4014 1780 4074 ἂν
1820 4014 1985 4075 οἴεσθε
2014 4018 2127 4076 δια-

571 4104 854 4184 6ληθῆναι;
881 4103 1018 4165 Τότε
1042 4101 1135 4181 μὲν
1161 4100 1262 4184 γὰρ
1285 4105 1420 4181 ὑμᾶς
1442 4101 1603 4187 ᾤοντο
1630 4102 1957 4184 ὀργισθέντας
1980 4106 2126 4164 Λεω-

571 4192 816 4271 δάμαντα
844 4190 1250 4270 ἀποδοκιμάσαι·
1291 4191 1381 4250 ἐὰν
1410 4191 1463 4249 δὲ
1505 4192 1660 4251 αὐτὸν
1689 4192 2041 4269 δοκιμάσητε,
2068 4185 2128 4253 εὖ

569 4278 792 4338 εἴσονται
813 4278 892 4337 ὅτι
910 4280 966 4338 οὗ
980 4277 1155 4355 δικαία
1166 4276 1348 4357 γνώμῃ
1365 4277 1483 4359 περὶ
1501 4280 1658 4338 αὐτοῦ
1678 4278 1955 4359 κέχρησθε.
1967 4276 2125 4340 Ἔστι

569 4364 624 4425 δὲ
654 4366 852 4433 τούτοις
883 4365 977 4443 μὲν
1006 4364 1133 4445 πρὸς
1157 4369 1294 4442 ὑμᾶς
1329 4366 1489 4445 ἁγών,
1517 4369 1639 4445 ὑμῖν
1662 4365 1718 4425 δὲ
1745 4366 1872 4447 πρὸς
1909 4365 2123 4427 ἅπασαν

566 4452 662 4524 τὴν
681 4452 850 4525 πόλιν,
873 4452 907 4523 ἣ
931 4460 1115 4511 σκοπεῖ
1135 4450 1246 4510 νυνὶ
1262 4452 1377 4510 τίνα
1413 4456 1558 4530 ὑμεῖς
1582 4452 1802 4532 ’γνώμην
1825 4454 1946 4533 περὶ
1966 4457 2125 4527 αὐτῆς

567 4538 721 4607 ἕξετε.
809 4538 878 4615 (15
900 4540 919 4617 )
949 4536 1052 4597 Καὶ
1077 4538 1255 4614 μηδεὶς
1281 4542 1422 4615 ὑμῶν
1444 4539 1668 4618 ἡγείσθω
1689 4563 1754 4616 με
1777 4538 2121 4617 Λεωδάμαντι

486 4659 542 4699 35
564 4623 902 4707 χαριζόμενον
931 4624 1235 4705 κατηγορεῖν
1275 4625 1570 4706 Εὐάνδρου,
1611 4625 1691 4684 ὅτι
1726 4625 1867 4707 φίλος
1899 4623 1971 4685 ὧν
2000 4650 2121 4705 τυγ-

565 4712 742 4790 χάνει,
775 4713 892 4770 ἀλλ’
922 4710 1052 4791 ὑπὲρ
1079 4715 1226 4788 ὑμῶν
1261 4711 1352 4770 καὶ
1379 4716 1468 4783 τῆς
1494 4710 1695 4780 πόλεως
1723 4712 2117 4793 προνοούμενον.

565 4796 774 4881 Ῥᾴδιον
807 4800 852 4858 δ’
895 4798 950 4867 ἐξ
984 4800 1141 4857 αὐτοῦ
1164 4804 1256 4857 τοῦ
1290 4798 1594 4876 πράγματος
1613 4802 1815 4877 μαθεῖν.
1896 4802 2120 4861 Λεωδά-

567 4909 726 4965 μαντι
753 4886 854 4969 γὰρ
894 4886 1147 4967 συμφέρει
1186 4890 1367 4945 τοῦτον
1396 4888 1798 4967 δοκιμασθῆναι,
1842 4888 1977 4948 οὕτω
2016 4890 2117 4973 γὰρ

563 4978 710 5054 ὑμεῖς
745 4976 976 5055 μάλιστα
1005 4972 1448 5051 διαὸληθήσεσθε,
1488 4976 1578 5037 καὶ
1613 4976 1780 5047 δόξετε
1809 4979 1927 5037 ἀντὶ
1954 4979 2117 5056 δημο·

561 5067 719 5125 τικῶν
747 5062 1031 5145 ἀνθρώπων
1065 5062 1427 5145 ὀλιγαρχικοὺς
1452 5068 1523 5134 εἰς
1548 5065 1643 5135 τᾶς
1670 5064 1836 5147 ἀρχὰς
1866 5066 2114 5126 καθιστά-

561 5172 664 5211 ναι·
689 5155 812 5231 ὑμῑν
847 5151 902 5211 δὲ
926 5149 1072 5211 τόνδε
1107 5151 1525 5233 ἀποδοκιμάσαι,
1552 5153 1720 5223 δόξετε
1748 5152 1849 5235 γὰρ
1876 5154 2113 5215 κάκεῖνον

561 5240 773 5309 δικαίως
794 5238 1197 5320 ἀποδοκιμάσαι·
1222 5239 1312 5301 ἐὰν
1337 5240 1390 5300 δὲ
1416 5242 1550 5320 μηδὲ
1577 5242 1757 5320 τόνδε,
1793 5242 1898 5301 οὐδ’
1921 5244 2111 5303 ἐκεῖνον

559 5324 794 5395 δικαίως.

1298 530 1575 591 ΛΥΣΙΟΥ
1616 534 1666 591 Ο
1710 532 1882 593 ΠΕΡΙ
1924 531 2078 591 ΤΗΣ
2120 534 2517 595 Rumpor
2557 535 3052 596 ΔΟΚΙΜΑΣΙΑΣ.

3476 540 3767 619 [πο-79931

2226 672 2362 733 potes
2394 670 2509 721 raeti
2538 671 2697 735 legum
2724 672 2773 723 et
2800 671 3007 723 civitatis
3035 684 3185 736 quam
3204 673 3339 737 prius
3372 688 3403 725 a
3432 688 3487 726 se
3511 690 3771 740 oppressam

2224 760 2327 808 tam
2342 759 2544 822 turpiter
2562 762 2761 823 tamque
2780 758 2971 823 indigne
2984 759 3355 813 labefactarunt.
3421 766 3621 815 consta
3638 766 3773 829 igitur

2226 860 2325 897 non
2358 848 2648 911 negligenter
2684 848 3017 912 probationem
3046 862 3149 901 esse
3182 850 3503 903 exercendam
3516 890 3530 916 ,
3568 867 3721 917 neque
3748 868 3781 904 a

2228 935 2365 985 vobis
2386 934 2633 999 despectui
2658 936 2924 987 babendum
2942 938 3173 1001 tanquam
3196 938 3457 991 leviculam
3479 955 3581 991 rem
3602 946 3651 991 et
3674 944 3777 993 nui·

2228 1025 2321 1075 iius
2354 1025 2615 1088 momenti,
2652 1023 2737 1075 sed
2770 1038 2937 1077 severe
2974 1024 3353 1092 observandam,
3388 1042 3543 1091 quum
3576 1030 3627 1079 in
3654 1030 3783 1092 justo

2229 1113 2605 1179 uniuscuiusque
2628 1115 2936 1179 magistratus
2959 1116 3159 1181 imperio
3180 1119 3230 1168 et
3252 1118 3529 1181 reipublicae
3552 1120 3604 1169 et
3624 1120 3783 1181 popuii

2228 1202 2355 1253 salus
2392 1202 2711 1255 contineatur.
2776 1206 2876 1266 (10)
2910 1203 3093 1263 Quodsi
3124 1205 3213 1255 iste
3240 1206 3575 1269 probationem
3608 1206 3783 1255 subiret

2228 1304 2316 1355 pro
2344 1292 2579 1343 senatoris
2607 1292 2795 1356 officio,
2832 1305 3106 1356 nomenque
3138 1292 3243 1355 ejus
3269 1292 3321 1343 in
3356 1292 3537 1343 tabulis
3568 1294 3783 1357 equitum

2228 1380 2321 1431 sub
2341 1380 2650 1444 trigintaviris
2666 1380 2961 1444 descriptum
2988 1383 3293 1445 reperiretur,
3316 1394 3429 1432 eum
3448 1383 3525 1433 vel
3552 1383 3689 1433 nullo
3706 1396 3783 1432 ac-

2228 1470 2426 1519 cusante
2445 1468 2781 1532 reprobaretis.
2842 1470 2985 1519 Nunc
3013 1481 3131 1519 vero
3158 1482 3309 1533 quum
3332 1483 3431 1520 uon
3454 1470 3617 1521 solum
3642 1472 3783 1520 istum

2232 1556 2379 1607 fuisse
2418 1556 2655 1620 equitem,
2698 1556 2782 1607 sed
2814 1556 2865 1605 in
2892 1557 3127 1620 populum
3158 1556 3367 1621 graviter
3394 1557 3654 1622 deliquisse
3676 1572 3783 1609 con-

2226 1645 2347 1705 stet,
2368 1656 2528 1694 annon
2552 1646 2675 1695 roret
2694 1645 2916 1695 omnium
2940 1644 3337 1695 absurdissimum
3354 1645 3395 1696 ai
3412 1659 3511 1696 non
3536 1646 3707 1697 eadm
3726 1646 3783 1698 de

2227 1744 2287 1781 eo
2298 1731 2566 1783 sentiretis?
2588 1732 2689 1795 (11)
2706 1733 2769 1783 At
2776 1732 2906 1783 enim
2919 1746 2981 1783 ex
2994 1732 3279 1797 probatione
3288 1732 3339 1784 in
3350 1734 3651 1785 senatorium
3664 1734 3783 1785 onii-

2226 1832 2339 1871 nem
2360 1822 2637 1883 cooptatus,
2665 1834 2793 1871 unus
2816 1820 2919 1885 ipse
2940 1834 3055 1871 cum
3086 1822 3357 1885 quingentis
3380 1821 3486 1873 aliis
3514 1836 3605 1887 per
3636 1837 3783 1873 uuum

2226 1906 2465 1958 duntaxat
2480 1922 2665 1959 annum
2686 1906 3005 1959 consedisset:
3028 1908 3095 1959 ita
3113 1912 3169 1959 ut
3200 1910 3243 1961 si
3260 1909 3378 1974 quid
3400 1924 3483 1973 per
3502 1910 3637 1961 istud
3658 1914 3783 1963 tem-

2226 2009 2317 2060 pus
2333 1997 2646 2047 meditaretur
2662 1997 2779 2047 mali
2792 2032 2809 2059 ,
2830 1998 2969 2048 facile
2984 2011 3015 2047 a
3035 1998 3208 2049 ceteris
3222 1998 3578 2061 prohiberetur.
3642 2003 3783 2051 Hune

2225 2097 2343 2135 vero
2380 2087 2713 2149 magistratum
2744 2098 2910 2149 gerere
2946 2086 3079 2137 solus
3110 2087 3211 2149 ipae
3244 2100 3331 2149 per
3367 2098 3421 2137 se
3460 2088 3701 2150 pustulat,
3742 2092 3783 2139 ei

2225 2172 2399 2223 deinde
2426 2186 2540 2225 cum
2562 2176 2731 2225 senatu
2757 2173 3085 2238 Areopagitica
3106 2188 3191 2239 per
3210 2188 3403 2225 omnem
3424 2176 3624 2227 oetatem
3646 2191 3783 2229 aum-

2226 2261 2317 2311 mis
2342 2264 2392 2313 et
2414 2262 2703 2325 gravissimis
2733 2264 2879 2315 rebus
2908 2275 3129 2326 praeesse.
3196 2264 3295 2327 (12)
3318 2268 3416 2314 vos
3438 2264 3591 2326 igitur
3620 2280 3783 2329 quam·

2224 2350 2435 2400 maxime
2448 2350 2588 2401 decet
2603 2350 2666 2401 de
2685 2350 2781 2401 boc
2797 2344 3079 2414 ma'gistratu
3096 2352 3443 2401 accuratiorem
3460 2353 3622 2402 multo
3642 2368 3783 2417 quam

2223 2437 2285 2488 de
2300 2438 2472 2489 ceteris
2496 2438 2829 2503 probationem
2856 2438 3098 2490 adbibere.
3164 2439 3247 2490 Sin
3264 2438 3449 2503 minus,
3470 2453 3575 2503 quo
3592 2440 3783 2492 dunum

2222 2528 2383 2577 animo
2397 2526 2600 2578 censetis
2616 2528 2802 2578 ceteros
2817 2526 2945 2578 cives
2964 2527 3153 2577 futuros
3164 2563 3180 2589 ,
3195 2526 3283 2577 ubi
3300 2528 3628 2579 intellexa-int
3644 2544 3783 2594 quem

2222 2624 2421 2663 auorum
2438 2612 2726 2676 flagitiorum
2740 2626 2907 2677 peenas
2928 2613 3044 2665 dare
3060 2616 3332 2678 oporteret,
3350 2627 3465 2665 eum
3484 2614 3582 2665 tali
3600 2630 3631 2667 a
3656 2618 3783 2667 robii

2224 2698 2453 2764 dignitate
2472 2700 2661 2765 ornari;
2694 2704 2745 2753 et
2769 2700 2831 2753 de
2851 2702 2984 2753 coede
3008 2702 3250 2767 iudicare,
3276 2716 3422 2767 quem
3450 2704 3617 2767 ipsum
3644 2720 3783 2771 opor-

2220 2788 2319 2839 tuit
2342 2788 2548 2852 iudicari
2571 2802 2600 2839 a
2620 2791 2792 2841 senatu
2816 2790 3172 2855 Areopagitico3
3208 2794 3357 2855 atque
3384 2792 3537 2843 etiam
3570 2796 3783 2845 coronari

2220 2876 2457 2942 viderint,
2480 2878 2683 2943 flerique
2718 2880 3007 2945 pupillarum
3042 2880 3466 2945 orphanorumque
3492 2885 3783 2947 patronum,

2224 2978 2431 3029 quorum
2448 2968 2693 3019 nonnullis
2708 2969 2833 3032 ipse,
2851 2968 2939 3019 tali
2956 2968 3189 3031 praeditus
3218 2969 3432 3033 ingenio,
3462 2972 3699 3023 orbitatis
3714 2986 3781 3023 au·

2224 3056 2329 3105 ctor
2350 3056 2567 3106 exstitit?
2588 3057 2687 3119 (13)
2704 3062 2873 3107 Annon
2888 3056 3172 3107 existimatis
3184 3070 3266 3108 eos
3281 3070 3407 3121 segre
3421 3058 3699 3111 admodum
3720 3062 3779 3111 la·

2222 3144 2385 3206 turos,
2409 3146 2557 3209 atque
2583 3146 2801 3195 omnium
2821 3144 2962 3196 vobis
2988 3145 3181 3209 culpam
3214 3146 3536 3211 ascripturos,
3562 3148 3653 3198 ubi
3688 3150 3777 3199 illo·

2222 3244 2335 3281 rum
2359 3233 2635 3295 temporum
2660 3230 2943 3281 memoriam
2969 3232 3326 3294 revocaverint,
3350 3232 3403 3281 in
3432 3234 3619 3297 quibus
3654 3236 3775 3287 muli

2222 3320 2435 3383 ipsorum
2450 3320 2501 3370 in
2517 3333 2757 3371 carcerem
2775 3318 3158 3383 abducebantur,
3176 3322 3227 3370 et
3242 3318 3423 3371 indicta
3440 3334 3591 3373 cansa
3610 3324 3681 3374 ab
3696 3326 3773 3377 isti

2220 3406 2377 3470 capite
2394 3407 2746 3471 plectebantur,
2768 3407 2849 3458 vel
2861 3420 2999 3463 suam
3017 3408 3223 3471 patriam
3240 3407 3519 3471 relinquere
3542 3410 3771 3474 eugenni

2218 3496 2327 3558 tur;
2360 3494 2509 3559 idque
2538 3497 2683 3547 etiam
2703 3494 3044 3561 cogitaverint,
3080 3496 3287 3549 eundem
3332 3497 3705 3561 Thrasybulum
3740 3486 3769 3553 ά

2221 3596 2365 3635 causa
2383 3584 2527 3635 misse
2546 3586 2603 3635 ut
2624 3587 2675 3635 et
2694 3584 3031 3647 reprobaretur
3046 3584 3312 3635 Laodamas
3323 3621 3340 3649 ,
3358 3586 3411 3635 et
3428 3586 3523 3635 iste
3544 3582 3767 3650 approba

2219 3674 2370 3735 retur,
2402 3672 2543 3723 illum
2570 3672 2868 3735 accusando,
2886 3674 2937 3723 et
2956 3672 3095 3723 istius
3119 3671 3442 3724 defensionem
3467 3668 3764 3727 meditando}

2218 3772 2364 3822 quem
2382 3760 2515 3811 scitis
2535 3774 2703 3811 omnes
2720 3760 2850 3825 quali
2873 3760 3035 3811 animo
3052 3760 3115 3811 sit
3138 3760 3191 3811 in
3216 3760 3490 3822 civitatem,
3511 3764 3561 3812 et
3580 3766 3763 3826 quanta

2218 3848 2515 3899 calamitates
2552 3849 2599 3899 ei
2638 3848 2869 3899 intulerit.
2940 3850 3039 3913 (14)
3078 3848 3171 3899 Cui
3204 3849 3245 3900 si
3288 3848 3557 3900 adhibeatis
3606 3850 3760 3903 fldem

2217 3938 2447 3999 quantam
2462 3936 2807 3988 criminationis
2823 3936 3002 3987 molem
3015 3936 3153 3989 vobis
3168 3936 3443 4001 impendere
3456 3928 3758 3993 existimatis

2216 4026 2352 4074 Tunc
2370 4024 2498 4075 enim
2517 4025 2874 4077 arbitrabantur
2897 4038 2985 4076 vos
3001 4038 3104 4090 proe
3124 4026 3198 4076 ira
3214 4024 3593 4077 Laodamantem
3616 4010 3757 4095 αφά

2216 4111 2384 4163 basse:
2419 4113 2461 4163 si
2488 4115 2655 4165 autem
2684 4114 2834 4165 istum
2861 4112 3216 4178 approbabitis,
3243 4112 3368 4165 bene
3390 4114 3549 4166 scient
3570 4128 3673 4168 vos
3694 4102 3755 4170 ud

2210 4198 2341 4261 juste
2364 4199 2427 4250 de
2456 4200 2541 4251 illo
2567 4202 2811 4253 statuisse.
2876 4204 3037 4265 Atque
3068 4202 3171 4253 istis
3191 4201 3387 4266 quidem
3412 4202 3559 4253 video
3580 4216 3681 4255 con

2213 4286 2395 4337 tionem
2434 4287 2685 4337 vobiscum
2710 4288 3006 4352 comparari,
3027 4287 3168 4339 vobis
3183 4302 3303 4339 vero
3326 4300 3437 4339 cum
3464 4290 3705 4343 universa

2214 4374 2381 4438 vitate,
2400 4388 2512 4439 quae
2530 4388 2661 4425 nunc
2676 4376 2889 4427 studiose
2901 4376 3125 4428 observat
3135 4390 3358 4441 quaenam
3372 4377 3435 4427 de
3451 4390 3507 4427 se
3526 4378 3701 4430 futura

2214 4466 2373 4513 vestra
2394 4465 2648 4514 sententia.
2714 4464 2813 4528 (15)
2842 4466 2906 4515 Et
2924 4478 3067 4515 nemo
3094 4468 3313 4516 vestrum
3332 4464 3605 4515 arbitretur
3630 4480 3711 4517 me

2212 4550 2545 4602 Leodamantis
2562 4552 2783 4615 gratiam,
2802 4552 2934 4616 quod
2946 4566 3139 4604 mecum
3156 4552 3367 4603 amicitia
3381 4554 3445 4603 sit
3460 4554 3699 4617 conjunct

2210 4638 2487 4689 Evandrum
2520 4654 2747 4691 accusare
2767 4660 2781 4691 ε
2814 4642 2913 4691 imo
2941 4642 3071 4692 bunc
3090 4654 3266 4693 accuso
3286 4641 3416 4706 quod
3437 4642 3583 4694 vobis
3614 4606 3743 4784 etd

2208 4727 2412 4790 publicae
2428 4730 2609 4793 optime
2630 4730 2879 4781 consulere
2895 4730 3059 4781 velim.
3123 4733 3281 4795 Atque
3298 4728 3346 4780 id
3362 4744 3427 4781 ex
3448 4732 3631 4795 reipsa
3647 4734 3672 4783 Ι·

2210 4815 2352 4865 fuerit
2370 4818 2606 4880 colligere.
2636 4820 2691 4868 In
2706 4832 2811 4868 rem
2828 4819 2956 4868 enim
2972 4820 3045 4869 est
3060 4818 3400 4869 Laodamantis
3411 4822 3465 4867 ut
3486 4820 3585 4871 iste
3604 4836 3669 4884 ap

2207 4902 2349 4953 betur
2378 4905 2467 4967 (ea
2488 4906 2668 4969 quippe
2694 4906 2882 4957 ratione
2898 4920 2986 4957 vos
3008 4907 3333 4969 gravissimam
3370 4906 3632 4959 infamiam

2204 4990 2303 5041 turi
2330 4994 2443 5043 estis
2458 4996 2509 5044 et
2524 4996 2682 5057 palam
2701 4994 2981 5045 videbimini
3006 5008 3092 5058 pro
3118 4994 3235 5045 viris
3254 4994 3583 5058 popularibus
3606 4998 3671 5047 oli

2205 5080 2369 5133 cbicoa
2388 5081 2452 5131 ad
2476 5083 2780 5145 magistratus
2801 5082 3148 5147 promovere);
3168 5082 3218 5132 in
3242 5096 3345 5133 run
3372 5086 3545 5133 autem
3564 5098 3599 5133 ν

2203 5171 2262 5221 ut
2291 5170 2553 5234 reprobetis
2581 5190 2595 5221 ε
2642 5172 2711 5222 ita
2750 5172 2880 5221 enim
2919 5170 3143 5223 dicemini
3172 5170 3313 5222 illum
3356 5184 3565 5236 quoque

2204 5259 2498 5323 reprobasse.
2561 5258 2744 5320 Quodsi
2776 5274 2935 5325 neque
2967 5260 3059 5311 iate
3092 5274 3123 5311 a
3160 5259 3299 5313 vobis
3342 5262 3658 5327 reprobetur,

2149 5370 2154 5381 ’
2201 5346 2390 5400 dicetur
2410 5362 2441 5399 a
2470 5348 2607 5401 vobis
2634 5348 2875 5402 immerito
2896 5348 3039 5401 misse
3060 5348 3361 5413 reprobatus.

3702 5682 3718 5802 i
