3825 5842
140 443 361 522 ‹av-w)

136 571 255 650 λόγον
273 567 323 628 δὲ
342 569 577 626 πλεῖστον
594 589 687 626 του
653 561 905 622 “euhion
919 562 1285 641 ποιησάμενοι.
1367 560 1462 642 (ao)
1486 559 1631 624 Τού-

134 684 214 718 των
238 657 321 735 μὲν
338 648 421 716 οὖν
443 653 755 714 ἀδικούντων
779 651 997 733 μετρίως
1023 650 1087 710 ἂν
1106 650 1451 730 ἠγανάκτουν,
1475 647 1635 729 ἡγού-

134 770 254 826 μενος
278 743 514 824 τετάχθαι
542 741 663 809 τους
703 739 797 819 μὲν
839 738 1052 821 ἐχθρους
1082 741 1258 806 κακῶς
1303 746 1487 812 ποιεῖν,
1520 736 1635 806 τοὺς

134 835 175 894 δὲ
194 835 345 915 φίλους
368 825 441 891 ευ·
472 829 596 911 παρ’
626 832 773 908 ὑμῶν
798 826 853 888 δὲ
880 833 971 887 τοῦ
998 827 1197 887 δικαίου
1221 824 1483 907 στερηθεις
1504 825 1637 888 πολὺ

132 923 183 982 ἂν
215 923 391 1000 μᾶλλον
422 917 726 992 λυπηθείην·
807 917 872 976 δι’
910 913 1103 996 ἔχθραν
1140 913 1235 992 μὲν
1272 914 1375 995 γὰρ
1411 916 1471 974 οὖ
1509 915 1639 984 δόξω

133 1015 275 1075 κακῶς
304 1007 641 1082 πεπονθέναι,
671 1005 758 1064 διὰ
792 1003 981 1064 κακίαν
1017 1001 1075 1062 δὲ
1108 1026 1203 1074 της
1240 1002 1459 1068 πόλεως.
1546 1001 1636 1080 (21)

122 1100 242 1178 Λόγῳ
262 1098 347 1176 μὲν
373 1121 459 1156 ουν
490 1119 613 1177 περι
648 1099 743 1166 τῆς
771 1097 1080 1174 ἀπογραφῆς
1113 1090 1463 1171 ἀγωνίζομαι,
1502 1089 1639 1171 ἔργῳ

132 1189 174 1246 δὲ
196 1184 589 1268 περὶπολιτείας.
672 1181 864 1264 Τυχὼν
893 1181 988 1260 μὲν
1017 1180 1117 1261 γὰρ
1138 1182 1241 1239 τῶν
1270 1177 1483 1238 δικαίων
1515 1181 1640 1258 (πι-

133 1272 267 1332 credo
296 1273 349 1333 δὲ
368 1278 431 1354 τῇ
456 1271 681 1353 ὑμετέρα
703 1269 917 1350 γνώμῃ)
952 1268 1187 1346 μείναιμι
1211 1266 1273 1326 ἂν
1296 1267 1351 1327 ἐν
1386 1270 1451 1344 τῇ
1475 1265 1640 1326 πόλει·

86 1389 105 1425 ⁵
135 1361 377 1442 -αραχθεὶς
398 1337 453 1420 δὲ
478 1359 584 1418 ὑπο
614 1360 773 1420 τῶνδε
790 1360 853 1418 εἶ
894 1355 1085 1424 ἀδίκως
1114 1354 1313 1429 ἁλοίην,
1349 1353 1639 1436 ἀποδραίην

160 1451 327 1509 ιΤίνι
344 1447 441 1527 γὰρ
459 1446 753 1527 ἐπαρθέντα
768 1445 940 1506 ἐλπίδι
960 1447 1036 1504 δεῖ
1051 1467 1117 1524 με
1139 1444 1609 1522 συμπολιτεύεσθαι
1624 1486 1639 1516 ,

130 1535 157 1606 ἦ
183 1535 227 1594 τί
257 1561 316 1614 με
351 1533 452 1618 χρὴ
484 1534 853 1612 διανοηθέντα,
889 1532 1064 1592 εἰδότα
1101 1531 1195 1610 μὲν
1230 1535 1333 1591 τῶν
1371 1531 1641 1591 ἀντιδίκων

130 1621 205 1694 την
222 1623 512 1703 προθυμίαν,
540 1625 835 1702 ἀπορουντα
858 1624 903 1681 δ’
928 1618 1043 1681 ὅθεν
1027 1620 1169 1731 χρὴ
1189 1624 1295 1680 τῶν
1325 1619 1538 1679 δικαίων
1563 1643 1641 1678 τι-

130 1711 195 1778 νὸς
217 1735 405 1792 roxem
442 1713 533 1790 (aa)
564 1711 701 1789 Περὶ
724 1709 971 1771 πλείστου
998 1733 1087 1769 ουν
1110 1708 1454 1787 ποιησάμενοι
1476 1706 1538 1766 τὸ
1566 1704 1642 1766 δί-

131 1821 267 1872 καιον,
294 1798 377 1858 καὶ
402 1797 768 1877 ἐνθυμηθέντες
808 1797 889 1857 ὅτι
923 1796 1015 1856 καὶ
1049 1795 1183 1878 ὑπὲρ
1216 1818 1317 1854 των
1350 1797 1643 1876 περιφανῶν

132 1887 427 1964 ἀδικημάτων
462 1886 777 1966 συγγνώμην
805 1885 1067 1958 ποιεῖσθε,
1103 1883 1221 1951 τους
1260 1882 1425 1960 μηδὲν
1459 1880 1643 1952 ἀδική-

132 1997 289 2042 σαντας
314 1975 393 2034 διὰ
414 1974 507 2043 τὰς
530 1973 721 2056 ἔχθρας
746 1972 821 2051 μὴ
844 1972 1109 2053 περιίδητε
1150 1969 1339 2038 ἀδίκως
1366 1969 1473 2037 τοῖς
1496 1966 1644 2049 μεγί-

80 2081 117 2121 ιο
135 2084 247 2130 στοις
264 2061 560 2144 ἀτυχήμασι
581 2060 973 2143 περιπεσόντας.

840 2313 914 2376 Χ.

412 2467 623 2527 ΚΑΤΑ
663 2456 1185 2523 ΘΕΟΜΝΗΣΤΟΥ
1228 2456 1314 2518 Α’.

74 2633 113 2674 1⁶
196 2605 461 2686 Μαρτύρων
496 2603 597 2681 μὲν
632 2605 729 2663 οὐκ
763 2600 987 2682 ἀπορίαν
1026 2622 1117 2677 μοι
1154 2597 1364 2658 ἔσεσθαι
1401 2598 1569 2675 δοκῶ,
1604 2621 1649 2656 ω

132 2693 275 2772 ἄνδρες
312 2692 574 2753 δικασταί·
618 2689 840 2757 πολλοὺς
875 2686 978 2768 γὰρ
1018 2691 1163 2766 υμῶν
1204 2689 1311 2767 ὁρῶ
1350 2685 1649 2755 δικάζοντας

132 2784 213 2838 τῶν
238 2781 349 2840 τότε
366 2781 665 2862 παρόντων,
694 2777 781 2836 ὅτε
811 2776 1061 2841 Λυσίθεος
1092 2774 1433 2852 Θεόμνηστον
1466 2771 1647 2851 εἰσήγ-

129 2871 255 2944 γελλε
283 2869 346 2928 τὰ
379 2869 517 2929 ὅπλα
558 2862 997 2938 ἀποὸεὸληκότα,
1020 2866 1115 2923 οὐκ
1136 2861 1245 2932 έξον
1278 2864 1447 2942 αὐτῷ,
1477 2861 1648 2938 δημη-

134 2959 287 3068 γορεῖν·
308 2961 356 3017 ἐν
378 2957 561 3038 ἐκείνῳ
590 2953 691 3035 γὰρ
710 2956 786 3033 τῷ
818 2956 979 3032 ἀγῶνι
1002 2973 1091 3010 τον
1122 2948 1327 3028 πατέρα
1350 2973 1391 3026 μ
1392 2945 1649 3029 ’ἔφασκεν

130 3044 423 3105 ἀπεκτονέναι
440 3045 531 3104 τὸν
558 3047 815 3122 ἐμαυτου.
884 3041 949 3121 (2)
931 3037 1213 3118 )Ἐγὼ,
1144 3040 1188 3096 δ’
1236 3040 1279 3096 εἰ
1304 3036 1399 3116 μὲν
1420 3036 1508 3095 τὸν
1527 3039 1647 3095 ἑαυ-

74 3150 113 3188 ω
131 3155 200 3190 του
182 3158 275 3208 με
300 3133 635 3193 ἀπεκτονέναι
664 3135 851 3210 ᾐτιᾶτο
865 3173 883 3206 ,
910 3125 1221 3207 συγγνώμην
1244 3123 1309 3184 ἂν
1340 3117 1481 3204 εἶχον
1506 3127 1648 3184 αὐτῶ

131 3221 211 3276 τῶν
244 3219 511 3300 εἰρημένων
556 3219 791 3300 (φαῦλον
835 3213 937 3295 γὰρ
964 3212 1089 3272 αὐτὸ
1128 3235 1219 3271 και
1263 3211 1465 3278 οὐδενὸς
1510 3210 1650 3280 ἄξιον

130 3306 381 3386 ἡγούμην)·
406 3307 512 3367 οὐδ’
532 3306 581 3365 εἴ
598 3329 651 3363 τι
678 3303 807 3362 ἄλλο
835 3305 935 3360 τῶν
957 3299 1265 3382 ἀπορρήτων
1283 3297 1523 3375 ἤκουσα,
1546 3301 1640 3357 οὐκ

132 3415 179 3448 αν
202 3394 455 3466 ἐπεξηλθον
474 3397 619 3474 αὐτῷ
643 3387 1007 3470 (ἀνελεύθερον
1025 3387 1231 3468 γὰρκαὶ
1251 3386 1370 3446 λίαν
1392 3385 1650 3467 φιλόδικον

130 3471 235 3537 εἶναι
260 3483 441 3558 νομίζω
469 3479 798 3560 κακηγορίας
826 3477 1175 3554 δικάζεσθαι)·
1222 3475 1287 3554 (a)
1317 3473 1428 3532 νυνὶ
1469 3473 1525 3532 δὲ
1563 3476 1650 3532 αῖ-

130 3567 259 3672 σγρόν
284 3593 365 3646 μοι
402 3560 535 3628 εἶναι
568 3568 715 3628 δοκεῖ
742 3565 863 3646 περὶ
896 3569 987 3623 τοῦ
1019 3559 1245 3642 πατρός,
1282 3559 1419 3620 οὕτω
1454 3562 1651 3620 πολλου

129 3655 243 3720 ἀξίου
268 3657 607 3735 γεγενημένου
634 3677 729 3713 και
754 3654 873 3730 ὑμῖν
897 3675 989 3710 και
1008 3654 1071 3729 τῇ
1092 3649 1243 3708 πόλει
1262 3694 1279 3726 ,
1316 3647 1391 3725 μὴ
1414 3647 1649 3729 τιμωρή·

130 3747 285 3801 σασθαι
306 3745 387 3804 τὸν
424 3749 575 3804 ταῦτ’
608 3741 874 3824 εἰρηκότα.
962 3740 1067 3799 Και
1109 3741 1237 3817 παρ’
1280 3739 1424 3814 ὑμῶν
1466 3736 1651 3795 εἰδέναι

70 3847 109 3884 ²5
130 3831 579 3914 βωλομαιπότερον
600 3830 761 3891 δώσει
780 3829 943 3902 δίκην,
964 3827 999 3898 ἢ
1018 3825 1185 3906 τούτῳ
1206 3826 1349 3907 μόνῳ
1368 3823 1651 3896 Ἀθηναίων

130 3917 346 4000 ἐξαίρετόν
372 3925 483 3981 ἐστι
506 3919 603 3979 καὶ
628 3925 798 3978 ποιεῖν
831 3915 922 3976 καὶ
948 3915 1116 3994 λέγειν
1144 3913 1290 3995 παρὰ
1328 3937 1444 3980 τους
1469 3911 1653 3992 νόμους

129 4006 155 4062 ὅ
166 4032 205 4065 τι
222 4007 277 4067 ἂν
298 4011 567 4086 βούληται.

188 4117 228 4154 ι.
266 4097 419 4174 Ἐμοὶ
434 4097 563 4176 γάρ,
594 4099 643 4154 ὠ
663 4093 843 4174 ἄνδρες
861 4090 1123 4164 δικασταί,
1147 4089 1239 4164 ἔτη
1259 4088 1358 4148 εἰσὶ
1376 4087 1653 4168 τριάκοντα

128 4183 237 4262 τρία,
266 4185 315 4255 ἐξ
338 4186 456 4246 ὅτου
498 4187 545 4245 δ’
576 4187 730 4260 ὑμεῖς
771 4178 1193 4254 κατεληλύθατε,
1232 4177 1461 4238 εἰκοστὸν
1488 4177 1649 4237 τουτί.

132 4271 363 4349 Φαίνομαι
410 4265 501 4333 ουν
548 4268 973 4351 τρισκαιδεκέτης
1016 4266 1089 4327 ὢν
1130 4265 1217 4326 ὅτε
1263 4270 1290 4324 ὁ
1328 4262 1505 4345 πατὴρ
1554 4265 1655 4326 υπὸ

135 4359 211 4415 τῶν
234 4361 505 4439 τριάκοντα
532 4357 852 4430 ἀπέθνησκε.
936 4353 1151 4427 Ταύτην
1175 4351 1231 4412 δὲ
1256 4353 1391 4433 ἔχων
1416 4353 1513 4424 τὴν
1539 4355 1654 4424 ἡλι-

133 4443 223 4502 ιίαν
246 4446 344 4505 οὔτ’
371 4449 417 4506 εἰ
434 4446 581 4506 ἔστιν
610 4445 890 4525 ὀλιγαρχία
917 4442 1245 4520 ἠπιστάμην,
1276 4437 1395 4500 οὔτε
1427 4439 1490 4499 ἂν
1516 4439 1653 4499 ἐκεί-

84 4547 189 4588 ωνω
217 4534 521 4616 ἀδικουμένῳ
548 4532 829 4610 ἠδυνάμην
862 4535 1137 4612 βοηθησαι.
1223 4529 1289 4610 (ο)
1324 4529 1433 4589 Καὶ
1461 4526 1557 4606 μὲν
1590 4528 1654 4601 δὴ

136 4621 207 4677 οὐκ
242 4623 390 4701 ὀρθῶς
430 4625 537 4682 τῶν
571 4619 869 4702 χρημάτων
916 4618 1069 4680 ἕνεκα
1108 4613 1465 4678 έπεὸούλευσα
1496 4616 1655 4696 αὐτῷ·

138 4705 261 4788 ὅγᾶρ
283 4708 631 4791 πρεσὸύτερος
662 4705 877 4790 ἀδελφὸς
901 4703 1223 4766 Πανταλέων
1254 4701 1463 4762 ἅπαντα
1493 4726 1567 4762 πα
1575 4701 1654 4782 ρέ-

136 4792 263 4869 1262,
284 4821 369 4857 και
410 4793 797 4880 ἐπιτροπεύσας
832 4799 976 4906 ἡμᾶς
1002 4796 1107 4853 τῶν
1145 4789 1409 4873 πατρῴων
1433 4787 1659 4850 ἀπεστέ-

142 4900 283 4956 ςιησεν,
307 4883 435 4943 ωστε
461 4887 680 4944 πολλῶν
708 4881 885 4952 ἕνεκα,
912 4871 957 4942 ω
986 4881 1165 4958 ἄνδρες
1188 4877 1463 4954 δικασταί,
1454 4901 1657 4986 προσ-

142 4969 213 5034 ⁷115
246 4995 323 5046 μοι
348 4974 501 5032 αὖτον
546 4971 830 5052 βούλεσθαι
856 4973 967 5041 ζ’ἥν.
1051 4966 1275 5046 Ἀνάγκη
1306 4965 1399 5044 μὲν
1428 4989 1515 5025 ουν
1538 4963 1658 5045 περὶ

146 5055 277 5115 tini-’n
299 5063 621 5136 μνησθῆναι,
654 5056 800 5117 οὐδὲν
826 5057 883 5117 δὲ
905 5057 985 5116 δεῖ
1024 5057 1231 5115 πολλῶν
1256 5055 1443 5134 λόγων·
1470 5051 1655 5134 σχεδὸν

146 5139 375 5207 ἐπίστασθε
406 5147 641 5214 ἅπαντες
670 5145 749 5205 ὅτι
774 5147 943 5219 ἀληθπ
966 5143 1125 5223 λέγω·
1207 5141 1345 5222 ὅμως
1372 5139 1429 5202 a}
1452 5140 1657 5223 μάρτυ-

150 5248 221 5304 ρας
238 5235 384 5294 αὐτῶν
405 5235 725 5317 παρέξομαι.

830 433 1081 496 LYSIAE
1122 432 1247 496 ΟΒ
1291 433 1601 496 CONTRA
1641 433 2228 498 mEOMNstM
2268 435 2526 498 PRIOR.

3169 449 3278 500 ¹3³

1723 575 1928 625 constat.
1995 576 2092 640 (2ο)
2111 575 2196 627 lsti
2213 575 2358 638 igitur
2379 575 2420 626 si
2436 587 2517 626 me
2552 575 2716 639 inique
2749 574 2932 626 laedant
2945 613 2962 640 ,
2981 590 3078 627 non
3111 577 3282 628 admo·

1724 662 1843 713 dum
1860 662 2069 726 graviter
2092 663 2285 714 tulerim
2297 699 2312 726 ,
2333 663 2466 728 quod
2483 663 2550 714 ita
2567 677 2644 715 res
2663 665 2965 727 comparatas
2977 677 3080 715 esse
3109 665 3277 716 existi·

1725 763 1855 802 mem
1868 752 1930 801 ut
1944 751 2148 815 quisque
2162 751 2282 804 velit
2295 751 2515 802 inimicos
2531 752 2659 803 male
2668 790 2685 817 ,
2704 751 2885 803 amicos
2901 751 3023 803 bene
3045 752 3238 804 afficere
3268 773 3283 804 ε

1725 839 1801 889 sin
1826 841 1985 890 vestra
2009 841 2245 891 sententia
2278 854 2387 892 meo
2405 841 2516 904 iure
2531 840 2743 904 frauder,
2761 841 2919 892 multo
2950 840 3141 905 gravius
3165 843 3285 893 mihi

1726 925 1992 978 dolendum
2011 939 2114 978 esse
2133 927 2436 979 existimabo.
2469 930 2576 980 Non
2593 928 2724 980 enim
2743 929 2946 980 videbor
2961 929 3286 981 calamitatem

1727 1015 1924 1079 propter
1943 1014 2218 1066 inimicitias
2246 1017 2439 1079 tulisse,
2465 1017 2550 1067 sed
2580 1017 2645 1068 ob
2682 1016 2890 1068 civitatis
2907 1017 3284 1082 improbitatem.

1731 1103 1830 1168 (21)
1844 1103 2008 1155 Verbo
2026 1104 2189 1169 itaque
2206 1103 2267 1154 de
2281 1105 2652 1169 inscriptionem
2670 1105 2917 1168 marium,
2933 1118 2986 1156 re
3007 1108 3172 1156 autem
3185 1105 3289 1170 ipsa

1727 1191 1791 1242 de
1808 1191 2002 1243 civitate
2019 1193 2136 1243 mihi
2151 1193 2319 1256 agitur.
2384 1196 2508 1244 Nam
2527 1194 2568 1244 si
2575 1193 2658 1258 jus
2670 1206 2934 1257 consequar
2951 1193 3112 1260 (quod
3125 1207 3286 1258 spero,

1730 1279 1889 1330 vestra
1904 1280 2115 1332 confisus
2137 1281 2416 1346 aequitate),
2433 1280 2566 1332 domi
2587 1281 2827 1332 manebo:
2851 1283 2903 1332 at
2921 1282 2964 1332 si
2979 1281 3043 1332 ab
3055 1281 3157 1332 istis
3190 1294 3286 1332 vo·

1731 1367 1869 1416 catus
1896 1366 1946 1416 in
1974 1365 2239 1430 judicium,
2259 1367 2436 1429 iniuste
2459 1380 2606 1418 causa
2623 1367 2822 1430 cadam,
2841 1366 2938 1418 alio
2963 1367 3170 1431 migrare
3198 1369 3288 1419 de-

1730 1454 1879 1506 crevi.
1946 1458 2054 1514 Qua
2074 1455 2202 1506 enim
2225 1468 2335 1519 spe,
2355 1467 2564 1519 quonam
2590 1456 2752 1506 animo
2773 1456 2855 1506 hic
2883 1456 3002 1506 mihi
3022 1457 3284 1509 vivendum

1730 1544 1849 1606 erit,
1868 1557 2024 1606 quum
2063 1543 2302 1595 intensum
2324 1543 2711 1594 adversariorum
2734 1543 2950 1595 studium
2975 1545 3166 1596 videam
3180 1582 3195 1606 ,
3237 1547 3288 1597 et

1732 1633 1946 1696 ignorem
1965 1646 2062 1697 quo
2081 1635 2225 1696 pacto
2251 1633 2332 1696 Jus
2351 1645 2514 1684 meum
2537 1632 2757 1683 obtinere
2779 1633 2988 1697 possim?
3015 1634 3116 1699 (22)
3180 1635 3287 1686 Plu·

1732 1721 1843 1770 rimi
1864 1720 2013 1784 igitur
2045 1721 2323 1784 aequitatem
2350 1721 2606 1784 facientes,
2643 1723 2694 1772 et
2727 1724 3006 1785 reputantes
3039 1722 3290 1774 vobiscum

1734 1818 1822 1856 vos
1857 1805 2118 1870 aliquando
2161 1808 2431 1858 manifestis
2457 1808 2646 1860 delictis
2675 1810 2870 1860 veniam
2903 1810 3190 1872 concedere,
3227 1825 3292 1862 ne

1735 1893 2048 1945 committatis
2064 1894 2206 1946 hodie
2221 1897 2277 1946 ut
2293 1896 2376 1959 qui
2399 1895 2518 1947 nibil
2544 1895 2861 1962 deliquerint,
2883 1898 3154 1949 alienarum
3177 1912 3290 1963 ergo

1736 1981 2101 2034 inimicitiarum
2119 2020 2134 2046 ,
2177 1985 2352 2048 preter
2393 1986 2464 2035 fas
2501 1984 2552 2034 in
2595 1985 2806 2036 maxima
2831 1986 3092 2038 infortunia
3134 1987 3289 2048 conii·

1735 2069 1942 2121 ciantur.

2481 2313 2554 2372 Χ.

1842 2461 2148 2524 CONTRA
2191 2459 2776 2522 THEOMNESTUM
2818 2461 3101 2523 ORATIO
3143 2463 3188 2522 1.

1800 2611 2016 2661 ‘restium
2039 2609 2256 2673 paucitas
2281 2622 2378 2659 non
2403 2607 2522 2658 milii
2548 2608 2740 2658 videtur
2771 2621 2874 2659 esse
2897 2609 3156 2660 metuenda
3169 2647 3185 2672 ,
3209 2610 3292 2672 jn-

1738 2698 1901 2749 dices:
1925 2699 2106 2749 multos
2126 2697 2254 2748 enim
2271 2711 2332 2748 ex
2351 2697 2490 2748 vobis
2512 2697 2682 2748 sedere
2705 2697 2764 2747 ad
2783 2697 3099 2760 iudicandum
3125 2698 3294 2762 video,

1739 2789 1825 2850 qui
1840 2785 2100 2838 adfuerunt
2116 2785 2311 2850 quando
2329 2785 2580 2848 Lysitbeus
2593 2783 2766 2836 detulit
2777 2786 3153 2837 Theomnestum
3165 2787 3296 2850 quod

1738 2888 2034 2940 quumarma
2047 2873 2314 2938 abjecisset,
2332 2875 2511 2936 tamen,
2522 2870 2690 2924 contra
2707 2887 2853 2936 quam
2869 2872 3048 2936 liceret,
3069 2873 3130 2924 ad
3148 2888 3295 2938 popu·

1738 2966 1840 3015 lum
1857 2965 2004 3015 verba
2020 2965 2174 3014 facere
2193 2974 2339 3013 ausus
2350 2963 2488 3012 esset.
2550 2965 2608 3012 fn
2623 2961 2704 3011 ilia
2720 2961 2898 3025 quippe
2915 2974 3060 3011 causa
3075 2961 3200 3012 dixit
3217 2975 3298 3013 me

1739 3057 1926 3119 patrem
1939 3065 2102 3102 meum
2115 3050 2420 3101 interfecisse.
2435 3049 2502 3113 (2)
2514 3053 2612 3113 Ego
2627 3062 2764 3113 vero,
2781 3049 2822 3100 si
2840 3049 3118 3100 criminatus
3133 3050 3299 3102 fuisset

1740 3141 1871 3207 quod
1883 3153 2024 3190 suum
2043 3139 2290 3203 parentem
2307 3137 2654 3200 interfecerim,
2683 3150 2742 3187 ea
2764 3151 2874 3201 quae
2893 3137 3016 3187 dixit
3036 3137 3296 3201 potuissem

1740 3230 2028 3292 condonare,
2047 3225 2281 3292 siquidem
2289 3227 2384 3276 hoc
2391 3225 2795 3277 contemnendum
2812 3237 2870 3275 ac
2883 3225 3019 3275 nihili
3029 3225 3298 3277 faciendum

1739 3319 2082 3370 existimassem
2100 3332 2116 3379 ;
2155 3328 2312 3379 neque
2345 3314 2387 3364 si
2422 3313 2541 3378 quid
2581 3313 2714 3364 aliud
2737 3326 2905 3364 eorum
2927 3313 2978 3363 in
2999 3325 3078 3364 me
3103 3313 3166 3364 ab
3192 3314 3297 3377 ipso

1739 3407 1925 3457 dictum
1945 3406 2110 3456 fuisset
2123 3417 2232 3468 quae
2248 3403 2328 3454 lex
2339 3403 2434 3453 dici
2455 3403 2614 3465 vetat,
2633 3403 2767 3453 litem
2785 3403 2875 3466 ipsi
2891 3402 3196 3453 intendissem
3211 3438 3226 3464 ,
3248 3401 3300 3453 id

1740 3508 1911 3558 nempe
1923 3493 2143 3556 ,iudicans
2169 3491 2412 3542 illiberalis
2431 3503 2534 3542 esse
2552 3493 2602 3542 et
2622 3490 2811 3554 litigiosi
2839 3489 3046 3542 bominis
3061 3527 3077 3554 ‚
3093 3491 3300 3542 convicii

1740 3581 1952 3643 aliquem
1965 3579 2234 3642 postulare:
2258 3578 2325 3641 (3)
2340 3589 2471 3626 nunc
2487 3589 2654 3626 verum
2675 3575 2792 3624 mihi
2813 3577 2954 3640 turpe
2975 3575 3166 3626 videtur
3178 3588 3298 3643 esse,

1740 3665 1781 3715 si
1798 3664 1861 3715 ab
1876 3677 1936 3716 eo
1954 3665 2039 3728 qui
2057 3664 2161 3714 haec
2175 3662 2236 3713 de
2252 3663 2388 3726 patre
2405 3660 2545 3724 dixit,
2565 3662 2814 3724 tantopere
2833 3657 2894 3710 de
2915 3658 3054 3710 vobis
3069 3659 3198 3710 etde
3227 3673 3299 3710 re·

1740 3753 1933 3817 publica
1953 3753 2078 3802 bene
2100 3751 2271 3802 merito
2285 3787 2302 3813 ,
2331 3763 2431 3800 nou
2452 3762 2618 3813 poenas
2641 3749 2874 3812 repetam.
2912 3748 3072 3811 Atque
3086 3760 3149 3797 ex
3163 3747 3302 3798 vobis

1742 3854 2028 3906 cognoscem
2044 3840 2190 3891 velim
2208 3841 2374 3889 utrum
2392 3837 2484 3888 iste
2499 3849 2666 3901 poenas
2685 3836 2888 3886 daturus
2905 3835 2971 3886 sit
2985 3871 3000 3898 ,
3023 3848 3088 3884 an
3105 3835 3184 3885 isti
3201 3836 3293 3886 soii

1744 3928 2106 3981 Atheniensium
2125 3925 2433 3991 peculiariter
2454 3924 2518 3975 sit
2535 3937 2817 3974 eoncessum
2835 3923 2886 3973 et
2902 3935 3042 3986 agere
3063 3925 3114 3973 et
3140 3921 3300 3974 dicere

1742 4019 1915 4082 praeter
1942 4017 2094 4081 legem
2121 4013 2462 4079 quodcumque
2483 4011 2750 4062 collibitum
2767 4010 2929 4061 fuerit.

1807 4111 1853 4157 4.
1890 4108 2011 4157 Tres
2027 4106 2078 4154 et
2101 4103 2296 4165 triginta
2317 4113 2470 4150 annos
2485 4102 2632 4150 natus
2643 4112 2772 4161 sum,
2790 4097 2978 4162 judices
2991 4134 3006 4160 ,
3025 4099 3077 4147 et
3094 4109 3124 4147 a
3138 4100 3300 4148 vestro

1744 4201 1901 4253 reditu
1925 4200 2006 4250 hic
2031 4201 2104 4249 est
2120 4210 2276 4248 annus
2295 4196 2569 4247 vicesimus.
2636 4194 2774 4246 Patet
2793 4193 2939 4258 igitur
2954 4205 3108 4244 annos
3138 4190 3301 4242 trede-

1744 4301 1840 4351 cim
1888 4313 1968 4351 me
2001 4299 2173 4349 natum
2216 4296 2376 4356 fuisse,
2404 4307 2560 4359 quum
2595 4293 2731 4358 pater
2751 4304 2890 4342 meus
2918 4305 2949 4342 a
2987 4289 3302 4355 trigintaviris

1746 4395 2024 4446 interfectus
2043 4394 2131 4444 est.
2197 4391 2288 4442 llla
2322 4391 2488 4441 autem
2521 4389 2695 4451 aetate,
2725 4399 2885 4451 neque
2903 4385 3024 4450 quid
3047 4384 3195 4438 fuerit
3209 4383 3303 4436 oli·

1744 4489 1938 4558 garcbia
1956 4488 2079 4541 scire
2093 4524 2110 4550 ‚
2133 4497 2291 4550 neque
2307 4483 2432 4548 patri
2447 4481 2674 4546 iniuriam
2690 4493 2830 4546 passo
2844 4491 3126 4532 succurrere
3145 4479 3300 4544 potui.

1746 4584 1815 4649 (5)
1847 4585 2017 4646 Neque
2051 4579 2196 4630 etiam
2236 4578 2368 4628 recte
2409 4573 2723 4640 pecuniarum
2764 4585 2911 4623 causa
2949 4571 3020 4622 illi
3053 4570 3304 4624 insidiatus

1747 4678 1944 4730 missern
1968 4695 1982 4727 :
2009 4685 2177 4725 omnes
2193 4670 2325 4722 enim
2353 4668 2606 4720 facultates
2636 4667 2824 4730 accepit
2846 4664 2992 4716 frater
3010 4663 3164 4728 major
3182 4666 3303 4717 natu

1746 4773 2006 4826 Pantaleon
2029 4807 2044 4832 ,
2057 4769 2290 4830 tutorque
2319 4763 2458 4814 nobis
2480 4761 2624 4813 datus
2641 4759 2780 4812 bonis
2802 4758 3016 4823 paternis
3031 4769 3124 4810 nos
3147 4759 3301 4810 exuit.

1748 4867 1819 4918 ita
1854 4865 1910 4914 ut
1945 4860 2114 4912 multis
2141 4857 2203 4908 de
2221 4855 2406 4917 causis,
2430 4852 2642 4917 iudices,
2663 4849 2725 4902 ad
2751 4862 2833 4901 me
2868 4849 3133 4914 pertineret
3161 4847 3301 4897 illum

1747 4955 1870 5006 velle
1890 4963 2148 5016 superesse.
2213 4949 2440 5000 ceterum
2457 4956 2652 4996 necesse
2672 4942 2868 5007 quidem
2884 4941 2962 4992 est
2978 4938 3040 4989 de
3061 4937 3135 4988 liis
3159 4936 3306 4986 rebus

1746 5042 1893 5094 verba
1921 5042 2102 5102 facere3
2129 5036 2296 5088 multis
2308 5039 2471 5087 autem
2496 5046 2596 5084 non
2625 5045 2750 5096 opus
2770 5031 2859 5081 est.
2925 5030 3050 5079 Nam
3085 5036 3173 5073 voe
3202 5023 3305 5074 fere

1747 5149 1916 5188 omncs
1935 5135 2068 5187 scitis
2084 5147 2164 5185 me
2181 5131 2288 5181 boec
2303 5144 2416 5184 vera
2430 5130 2588 5184 dicere
2601 5147 2618 5194 ς
2637 5125 2950 5180 nibilominus
2965 5122 3140 5172 horum
3157 5119 3302 5171 testu

1750 5229 2003 5284 adducam.
