3825 5842
519 390 633 443 262

519 523 612 605 μὲν
635 498 1058 597 ὅτιέτῆνδίαιταν
1076 523 1172 584 οὔκ
1199 522 1646 607 ἅμφισὸητοῦντες
1664 526 1782 585 ἀλλ’
1797 524 1883 585 ἐπὶ
1905 528 2079 609 ῥητοῖς

515 612 895 695 ἐπετρέψαμεν,
925 610 1060 673 ὥστε
1088 611 1233 673 οὗδὲν
1263 612 1455 674 ἄτοπον
1485 612 1726 687 ἐποίησεν
1751 616 1797 675 εἰ
1827 614 2074 695 Νικόμα-

1194 378 1689 443 ῙΣΟΚΡΑΤΟΥΣ
1730 379 2203 483 nAPArPAeuu
2226 382 2433 481 1¹1sz
2476 388 3003 483 KAAAIMAXQN.

2165 521 2477 583 mitterem}
2491 532 2636 585 velim
2667 537 2879 600 primum
2908 522 3075 591 nos'ad
3092 542 3323 597 arbitrum
3344 544 3547 601 venisse
3566 546 3625 605 re'
3638 534 3733 606 ιῖιῖιι

2166 624 2499 685 controversa,
2523 622 2611 673 sed
2632 626 2854 689 pactione
2876 628 3017 679 fecta.
3058 634 3218 690 Quare
3238 634 3359 687 nihil
3382 638 3589 690 absurdi
3606 641 3736 706 iecit,

409 714 609 783 374χον
651 699 818 761 εἵλετο
858 700 1149 776 διαιτητήν,
1191 700 1329 763 ἀλλὰ
1356 702 1490 763 πολὺ
1522 706 1719 782 μᾶλλον
1757 706 1803 765 εἰ
1824 703 1947 786 περὶ
1974 706 2080 764 τῶν
2100 726 2139 770 a
2168 708 2211 759 εἰ
2234 708 2577 762 Nicomachum
2602 712 2835 765 arbitrum
2854 716 3013 781 dedit3
3048 719 3133 770 sed
3154 720 3205 771 id
3238 722 3404 787 potius
3424 732 3561 779 esset
3582 731 3739 783 incon·

513 792 839 873 πραγμάτων
868 790 1219 872 ὡμολογηκὼς
1241 792 1362 873 περὶ
1387 798 1480 853 τοῦ
1507 794 1772 867 διαιτητοῦ
1798 795 2077 876 διεφέρετο.

465 902 492 943 n
513 877 724 942 Ἔπειτ’
753 879 1098 965 ὀφειλομένων
1131 878 1226 960 μὲν
1259 884 1401 965 αὐτῷ
1443 882 1643 965 μυρίων
1684 884 1937 966 δραχμῶν
1982 886 2077 943 οὔκ

511 968 645 1037 εἰκὸς
665 961 731 1041 ἦν
759 969 913 1028 αὐτὸν
942 970 1031 1031 ἐπὶ
1055 971 1195 1031 δυοῖν
1221 981 1375 1050 μναῖν
1400 971 1721 1045 ποιήσασθαι
1739 971 1835 1044 τὴν
1857 974 2077 1032 διαλλα-

507 1058 624 1138 γήν·
643 1057 832 1127 ἀδίκως
846 1056 901 1118 δὲ
921 1058 1226 1140 αἰτιώμενον
1241 1061 1332 1121 καὶ
1352 1066 1773 1144 συκοφαντοῦντα
1791 1062 1937 1122 οὐδὲν
1960 1066 2077 1122 θαυ-

510 1146 708 1225 μαστὸν
737 1154 979 1208 τοσοῦτον
1008 1152 1251 1223 ἐθελῆσαι
1277 1150 1477 1212 λαὸεῖν.
1518 1149 1645 1212 Ἔτι
1675 1152 1731 1211 δέ
1746 1198 1764 1231 ,
1790 1154 1836 1211 εἰ
1865 1150 2075 1233 μεγάλα

507 1239 742 1316 ἐγκαλῶν
786 1237 938 1317 ὀλίγα
981 1239 1269 1319 ἐπράξατο,
1301 1242 1360 1299 οὗ
1401 1238 1569 1323 τούτῳ
1595 1246 1748 1301 τοῦτο
1790 1238 2073 1322 τεκμήριόν

2168 799 2397 861 veniens,
2416 800 2459 850 si
2480 813 2534 852 re
2547 801 2647 864 jam
2672 803 2868 866 probata
2898 804 2961 857 de
2976 806 3157 859 arbitro
3176 810 3437 866 rixaretur.
3465 818 3677 884 Deinde,
3698 823 3739 873 si

2166 888 2365 951 quidem
2388 887 2457 938 illi
2469 888 2628 941 decies
2646 891 2777 943 mille
2794 892 3037 947 drachmas
3052 896 3359 963 deberentur,
3378 916 3482 955 non
3500 908 3605 957 veri
3618 916 3739 961 esset

2166 976 2321 1027 simile
2341 977 2531 1029 duabus
2545 978 2692 1030 minis
2703 979 2805 1031 iore
2824 985 3105 1036 contentum
3124 1002 3142 1038 ι
3166 988 3253 1039 sed
3274 1004 3427 1055 quum
3450 992 3638 1058 iniuste
3656 1000 3738 1049 cri-

2166 1068 2428 1118 minaretur
2452 1069 2503 1118 et
2532 1080 2619 1132 per
2634 1068 2950 1137 calumniam,
2972 1074 3089 1125 nihil
3108 1076 3219 1127 miri
3236 1083 3314 1129 est
3342 1082 3595 1136 tantillum
3624 1087 3738 1137 acci-

2164 1168 2277 1219 pere
2300 1156 2529 1209 voluisse.
2574 1152 2813 1211 Praeterea
2831 1162 2872 1212 si
2889 1162 3042 1214 multa
3064 1166 3351 1232 postulavit,
3374 1184 3535 1234 panca
3556 1176 3738 1239 exegit,

2162 1258 2261 1295 non
2288 1259 2347 1296 eo
2368 1250 2650 1310 argumento
2684 1250 2855 1313 probat
2880 1250 3132 1304 arbitrium
3158 1268 3253 1305 non
3284 1256 3593 1313 intercessise
3606 1299 3623 1324 ,
3658 1265 3738 1315 sed

425 1346 478 1386 10
505 1326 645 1385 ἐστιν
671 1329 741 1393 ὣς
767 1330 800 1397 ἡ
826 1326 1002 1386 δίαιτα
1033 1330 1092 1387 οὗ
1121 1326 1348 1408 γέγονεν,
1382 1327 1520 1389 ἀλλὰ
1551 1328 1684 1390 πολὺ
1712 1330 1912 1408 μᾶλλον
1943 1330 2073 1409 ἡμῖν
2096 1328 2143 1395 b
2166 1335 2285 1387 illud
2306 1336 2485 1400 potius,
2506 1352 2558 1390 se
2576 1350 2666 1388 nos
2679 1340 2814 1389 initio
2836 1354 2921 1405 per
2943 1342 3163 1406 injuriam
3181 1359 3456 1401 accusasse.
3524 1350 3629 1415 (1⁵)
3654 1355 3741 1405 ui·

407 1424 413 1430 ’
503 1417 574 1483 ὡς
607 1413 698 1474 καὶ
724 1413 818 1486 τὴν
849 1414 1016 1495 ἀρχὴν
1049 1418 1108 1475 οὗ
1148 1416 1364 1486 δικαίως
1391 1417 1712 1481 ἐνεκάλεσεν.
1799 1420 1892 1497 (15)
1921 1420 2071 1479 Θαυ-

505 1504 655 1583 μάζω
684 1503 728 1562 δ’
760 1506 805 1563 εἶ
825 1504 980 1563 αὑτὸν
1010 1502 1104 1580 μὲν
1131 1506 1310 1565 ἱκανὸν
1333 1510 1527 1587 γνῶναι
1549 1506 1744 1588 νομίζει
1771 1505 1851 1567 ὅτι
1872 1510 1967 1567 οὒκ
1996 1510 2071 1567 εἰ·

503 1591 592 1661 κὸς
633 1593 748 1652 ἀντὶ
779 1592 976 1675 μυρίων
1015 1595 1267 1677 δραχμῶν
1297 1595 1564 1665 διακοσίας
1592 1598 1835 1670 ἐθελῆσαι
1860 1597 2069 1676 λαθεῖν,

503 1680 598 1760 ἐμὲ
626 1683 673 1742 δ’
702 1684 799 1742 οὐκ
833 1682 894 1742 ἂν
926 1682 1089 1743 οἴεται
1120 1687 1262 1745 τοῦτ’
1307 1685 1546 1767 ἐξευρεῖν,
1575 1684 1626 1745 εἴ
1648 1708 1748 1769 περ
1775 1684 2071 1765 ἐόουλόμην

397 1770 472 1849 7¹⁶
498 1771 664 1927 ἶῗέἕ
677 1768 752 1920 a*
752 1770 1050 1943 γῗέἑνὸἷζξ
1049 1770 1746 1943 {225322525551‘3533'33
1755 1776 1802 1937 ff
1803 1774 2068 1925 ⁸⁸5⁰

745 1905 762 1935 2
1289 1922 1302 1945 ι

2162 1439 2243 1477 ror
2262 1430 2423 1477 autem
2441 1440 2571 1486 eum,
2596 1429 2636 1479 si
2650 1441 2703 1479 se
2722 1429 2947 1481 idoneum
2968 1433 3107 1495 putet
3131 1434 3217 1497 qui
3234 1434 3475 1501 intelligat
3490 1452 3595 1491 non
3627 1454 3731 1494 essa

2161 1516 2265 1566 veri
2284 1516 2441 1567 simile
2468 1529 2521 1568 se
2550 1529 2639 1580 pro
2661 1516 2821 1569 decies
2843 1520 2975 1571 mille
3002 1519 3243 1577 drachmis
3263 1527 3504 1578 ducentas
3526 1530 3739 1595 aodpere

2160 1608 2393 1674 voluisse,
2406 1622 2485 1661 me
2497 1616 2655 1662 autem
2672 1626 2770 1664 non
2782 1614 2967 1676 credat,
2980 1616 3067 1679 qui
3078 1620 3349 1681 excogitare
3358 1633 3460 1671 non
3478 1626 3737 1689 potuerim,

2158 1702 2201 1753 si
2226 1704 2419 1755 mentiri
2447 1705 2735 1770 voluissem,
2760 1707 3019 1759 dicendum
3038 1709 3190 1763 ruisse
3212 1725 3291 1763 me
3312 1714 3473 1765 multo
3507 1717 3624 1782 plus
3654 1735 3737 1770 nu-

2158 1810 2383 1849 merasse.
2406 1800 2523 1849 Peto
2540 1803 2703 1850 autem
2715 1836 2732 1863 ,
2755 1805 2993 1866 quantum
3019 1803 3065 1855 ei
3087 1813 3430 1868 argumentum
3445 1814 3525 1861 eet
3542 1812 3727 1865 arbitrii

2156 1899 2251 1936 non
2270 1886 2569 1951 interpositi,
2594 1888 2637 1938 εἰ
2656 1889 2931 1941 testimonia
2952 1891 3075 1943 salsa
3087 1906 3195 1945 esse
3214 1896 3443 1961 evicerit,
3470 1902 3531 1951 ut
3546 1902 3731 1954 tantum

499 1946 727 2028 γέγονεν,
773 1948 941 2009 ἑλόντι
983 1948 1050 2009 τὰ
1096 1950 1610 2033 διαμαρτυρηθέντα,
1655 1957 1898 2013 τοσοῦτον
1949 1953 2067 2030 ἐμοὶ
2095 1972 2133 2016 c
2156 1974 2273 2024 mihi
2304 1988 2498 2039 quoque
2518 1976 2640 2027 illud
2674 1978 2864 2041 signum
2888 1980 2952 2030 sit
2984 1994 3063 2032 me
3088 1980 3153 2033 de
3175 1982 3375 2037 arbitrio
3404 2000 3525 2039 vera
3546 1990 3729 2053 dicere,

499 2035 738 2115 γενέσθαι
765 2038 1048 2119 τεκμήριον
1075 2041 1147 2106 ὣς
1169 2042 1339 2113 ἀληθῆ
1357 2038 1497 2119 λέγω
1525 2041 1644 2123 περὶ
1668 2044 1856 2119 αὐτῆς,
1885 2041 2065 2115 ἐπειδὴ

499 2128 572 2206 τῷ
602 2123 827 2207 μάρτυρι
855 2126 1073 2207 φανερός
1101 2130 1238 2187 ἐστιν
1264 2128 1372 2187 οὔδ’
1401 2127 1686 2198 ἐπεξελθεῖν
1716 2127 1957 2198 ἀξιώσας.

417 2234 472 2273 20
580 2232 647 2274 ιο.
693 2212 961 2294 Ἧγοῗὶμαι
990 2214 1077 2292 δέ,
1109 2217 1156 2275 εἶ
1199 2215 1333 2296 μήτε
1372 2222 1406 2289 ἡ
1447 2214 1620 2276 δίαιτα
1663 2216 1884 2297 ἐγεγόνει
1930 2216 2065 2293 μήτε

495 2303 601 2360 τῶν
623 2302 1004 2383 πεπραγμένων
1031 2296 1166 2377 ἦσαν
1194 2304 1481 2387 μάρτυρες,
1506 2305 1609 2365 ἔδει
1639 2308 1684 2365 δ’
1711 2308 1773 2365 ἐκ
1799 2308 1901 2365 τῶν
1928 2306 2064 2367 εῖκό·

494 2412 599 2448 των
627 2394 861 2467 σκοπεῖν,
897 2394 1003 2451 οὐδ’
1037 2390 1172 2451 οὕτω
1207 2394 1454 2473 χαλεπῶς
1485 2392 1551 2453 ἃν
1599 2399 1733 2472 ὑμᾶς
1759 2397 1954 2476 γνῶναι
1996 2394 2065 2456 τὰ

495 2476 693 2540 δίκαια.
783 2482 851 2540 Εἰ
873 2479 969 2558 μὲν
989 2480 1091 2562 γὰρ
1113 2481 1204 2540 καὶ
1231 2481 1348 2549 τοὺς
1375 2484 1564 2551 ἄλλους
1585 2486 1781 2544 ἀδικεῖν
1806 2483 2063 2563 ἐτόλμων,

494 2564 705 2635 εἰκότως
734 2568 795 2627 ἄν
833 2592 934 2647 μου
967 2570 1412 2650 κατεγιγνώσκετε
1450 2572 1540 2631 καὶ
1566 2572 1689 2653 περὶ
1730 2579 1909 2633 τοῦτον
1938 2572 2063 2643 ἐξα-

2158 2062 2289 2128 quod
2314 2067 2483 2117 testem
2516 2080 2652 2117 reum
2671 2081 2894 2133 peragere
2912 2083 2975 2121 ne
2998 2071 3209 2124 voluisse
3230 2074 3432 2139 quidem
3454 2078 3599 2130 illum
3620 2094 3728 2132 enn-

2156 2158 2269 2204 stat.

2220 2248 2296 2295 16.
2332 2244 2371 2295 c
2381 2248 2566 2295 elerum
2590 2244 2633 2296 si
2654 2258 2745 2297 nec
2767 2246 3020 2300 arbitrium
3057 2250 3237 2302 factum
3256 2258 3416 2317 esset,
3442 2269 3538 2308 nee
3566 2258 3651 2309 ulii
3671 2260 3729 2311 de

2154 2354 2207 2393 re
2238 2342 2567 2393 testimonium
2599 2343 2841 2409 dicerent,
2863 2348 2947 2399 sed
2979 2348 3269 2413 conjecturis
3290 2353 3455 2405 solum
3478 2356 3728 2411 nitendum

2154 2445 2283 2491 esset
2296 2476 2314 2503 ,
2330 2453 2393 2491 ne
2410 2441 2481 2491 sic
2501 2440 2699 2505 quidem
2718 2457 2807 2495 vos
2824 2458 2920 2495 non
2940 2445 3081 2498 facile
3094 2485 3109 2510 ,
3126 2449 3245 2513 quid
3265 2449 3465 2513 iustum
3481 2460 3643 2517 esset,
3660 2470 3728 2509 οο·

2156 2538 2373 2600 gnituros
2388 2537 2612 2591 arbitror.
2654 2542 2773 2590 Nam
2793 2541 2835 2592 si
2858 2542 3093 2595 hactenus
3108 2546 3229 2597 aiios
3244 2560 3444 2613 quoque
3469 2552 3729 2617 laissenn,

415 2677 470 2717 25
495 2654 774 2737 μαρτάνειν
792 2680 806 2694 ·
832 2662 923 2715 νῦν
947 2656 1004 2716 δὲ
1026 2658 1209 2718 οῧδένα
1233 2660 1536 2742 φανήσομαι
1561 2664 1663 2721 τῶν
1689 2662 1916 2722 πολιτῶν
1940 2660 2059 2725 οὗτε
2087 2662 2131 2729 d
2153 2630 2255 2685 ⁰⁰¹².
2270 2635 2513 2687 ‘mmmm’
2534 2638 2805 2689 “anetem
2830 2652 2909 2692 ¹¹²⁰
2928 2654 3041 2705 αἶ’
3068 2643 3219 2695 mum
3250 2646 3399 2698 eum
3432 2648 3723 2715 dffiqusssei

491 2742 730 2824 χρήμασι
759 2745 1029 2824 ζημιώσας
1057 2746 1175 2807 οὔτε
1200 2750 1320 2831 περὶ
1346 2756 1438 2811 τοῦ
1468 2748 1710 2829 σώματος
1731 2754 1804 2820 εἷς
1827 2750 2060 2811 κίνδυνον

492 2832 856 2908 καταστήσας,
881 2834 988 2896 οὔτ’
1013 2839 1072 2896 ἐκ
1091 2836 1188 2916 μὲν
1210 2843 1314 2899 τῶν
1335 2839 1659 2921 μετεχόντων
1679 2844 1772 2913 τῆς
1796 2839 2064 2908 πολιτείας

494 2920 794 3004 ἐξαλείψας,
833 2928 903 2993 εἷς
933 2924 986 2983 δὲ
1012 2925 1099 2985 τὸν
1138 2926 1272 3006 μετὰ
1304 2928 1608 3010 Λυσάνδρου
1646 2928 1937 3008 κατάλογον
1967 2931 2060 3008 ἐγ-

491 3009 715 3092 γράψας.
801 3012 888 3091 (17)
919 3014 1104 3074 Καίτοι
1127 3014 1350 3085 πολλοὺς
1373 3019 1562 3099 ἐπῆρεν
1587 3020 1620 3091 ἡ
1649 3019 1751 3075 τῶν
1774 3016 2057 3099 τριάκοντα

411 3114 466 3153 30
492 3098 716 3179 πονηρία
737 3104 953 3159 τοιαῦτα
976 3106 1158 3163 ποιεῖν·
1179 3105 1238 3162 οὗ
1257 3103 1358 3184 γὰρ
1382 3103 1459 3164 ὅτι
1482 3103 1599 3172 τοὺς
1615 3106 1922 3174 ἀδικοῦντας
1941 3105 2059 3165 ἐκό-

489 3187 664 3261 λαζον,
694 3188 808 3247 ἀλλ’
834 3190 983 3259 ἐνίοις
1001 3192 1093 3251 καὶ
1120 3192 1470 3275 προσέταττον
1489 3192 1881 3276 ἐξαμαρτάνειν.
1911 3192 2057 3272 Ἐγὼ

491 3277 586 3365 μὲν
615 3276 784 3335 τοίνυν
812 3280 919 3337 οὐδ’
956 3280 1040 3339 ἐπὶ
1068 3286 1159 3353 τῆς
1182 3282 1389 3342 ἐκείνων
1421 3286 1588 3365 ἀρχῆς
1613 3282 1760 3343 οὐδὲν
1783 3282 2059 3371 εὑρεθήσο-

492 3366 588 3441 μαι
616 3370 846 3425 τοιοῦτον
878 3369 1258 3448 ἐργασάμενος·
1286 3363 1432 3439 οὗτος
1463 3372 1517 3431 δὲ
1543 3372 1852 3445 ἀδικηθῆναί
1879 3396 2055 3455 φησιν,

2153 2748 2285 2787 nune
2302 2748 2417 2787 vero
2432 2750 2511 2788 me
2520 2738 2759 2789 neminem
2772 2740 2951 2793 civium
2969 2743 3046 2795 vel
3056 2746 3273 2809 pecuniis
3282 2749 3573 2813 mulctasse,
3584 2754 3661 2803 rel
3678 2754 3725 2804 in

2154 2835 2420 2900 periculum
2456 2838 2626 2903 capitis
2649 2839 2935 2906 adduxisse,
2958 2844 3037 2895 vel
3066 2844 3261 2899 civitate
3282 2848 3529 2913 privatum
3552 2854 3607 2905 in
3636 2860 3729 2921 Ly-

2149 2936 2313 2987 sandri
2336 2938 2606 3003 catalogum
2626 2940 2929 3004 inscripsisse
2952 2944 3209 2997 constabit.
3243 2948 3343 3012 (17)
3364 2953 3513 3015 Atqui
3534 2952 3725 3017 triginta

2148 3042 2463 3102 tyrannorum
2497 3040 2778 3105 improbitas
2808 3044 2989 3096 multos
3022 3046 3217 3111 impulit
3251 3049 3313 3100 ad
3344 3052 3460 3103 talia
3482 3054 3719 3107 facienda.

2150 3138 2460 3192 Facinorosos
2478 3141 2615 3191 enim·
2625 3156 2723 3193 non
2740 3143 2886 3195 modo
2903 3160 2999 3197 non
3016 3148 3305 3223 puniebant,
3324 3152 3413 3204 sed
3429 3156 3723 3219 quibusdam

2153 3241 2297 3292 etiam
2320 3242 2498 3293 scelera
2515 3244 2829 3310 imperabant.
2852 3251 2975 3300 Nem
3028 3256 3191 3304 autem
3214 3266 3294 3306 me
3318 3256 3393 3307 vel
3413 3258 3507 3307 sub
3528 3259 3723 3313 illorum

2143 3342 2345 3409 imperio
2374 3344 2470 3395 tale
2500 3347 2757 3413 quicquam
2778 3350 3029 3405 admisisse
3050 3354 3261 3406 inveniet
3299 3376 3315 3409 ι
3347 3356 3444 3410 iste
3479 3373 3600 3412 vero
3623 3364 3716 3414 sibi

488 3452 574 3511 ὅτε
604 3452 942 3529 ἐξεὸέὸληντο
971 3456 1066 3537 μὲν
1095 3461 1142 3517 οἱ
1184 3460 1492 3540 τριάκοντα,
1522 3465 1550 3520 ὃ
1589 3459 1643 3519 δὲ
1685 3460 1962 3542 Πειραιεὺς
1993 3452 2057 3535 ἦν
2081 3482 2117 3525 e
2146 3446 2318 3499 facum
2341 3436 2897 3519 injuriamlmnquefflur
2922 3457 3199 3522 dcem-5⁸⁸¹
3217 3460 3411 3525 “53³¹‘'
3434 3468 3719 3526 tymme*

411 3562 464 3601 :35
488 3541 932 3622 κατειλημμένος,
966 3546 1170 3623 ἐκράτει
1199 3549 1244 3605 δ’
1275 3552 1302 3607 ὁ
1329 3550 1514 3625 δῆμος,
1539 3550 1660 3631 περὶ
1689 3552 1985 3629 διαλλαγῶν
2010 3551 2055 3609 δ’

488 3618 623 3700 ἦσαν
652 3631 699 3687 οἱ
717 3627 878 3709 λόγοι.
924 3633 1012 3709 (18)
1041 3628 1226 3694 Καίτοι
1249 3636 1391 3693 δοκεῖ
1415 3634 1478 3694 ἂν
1509 3636 1650 3715 ὑμῖν,
1675 3634 1812 3705 ὅστις
1840 3637 1929 3696 ἐπὶ
1951 3640 2055 3697 τῶν

383 3716 766 3797 375τριάκοντα
794 3718 1010 3797 κόσμιον
1037 3722 1219 3782 ἑαυτὸν
1249 3722 1538 3805 παρέσχεν,
1566 3727 1638 3793 εἷς
1661 3730 1841 3785 τοῦτον
1859 3724 2055 3786 ἀποθέ-
2080 3751 2116 3792 a
2146 3758 2191 3810 tr

489 3812 608 3866 σθαι
629 3806 717 3866 τὸν
745 3808 928 3889 χρόνον
956 3812 1169 3885 ἀδικεῖν,
1201 3816 1255 3872 ἐν
1283 3804 1327 3896 ᾧ
1355 3814 1445 3874 καὶ
1468 3823 1573 3883 τοῖς
1601 3812 1849 3897 πρότερον
1876 3819 2056 3898 ἡμαρ-

487 3894 671 3967 τηκόσι
697 3896 1008 3976 μετέμελεν;
1039 3900 1068 3961 ὃ
1095 3901 1151 3961 δὲ
1179 3901 1388 3962 πάντων
1418 3903 1726 3978 δεινότατον,
1751 3906 1797 3963 εἰ
1823 3907 1928 3964 τῶν
1958 3904 2053 3982 μὲν

409 3998 464 4039 40
487 3985 829 4066 ὑπαρχόντων
859 3990 1059 4071 ἐχθρῶν
1103 3992 1225 4070 μηδ’
1273 3990 1562 4069 ἀμύνεσθαι
1591 3990 1792 4071 μηδένα
1824 3992 2050 4069 ἠξίωσα,

486 4080 664 4134 τοῦτον
691 4074 744 4135 δὲ
771 4082 946 4145 κακῶς
974 4083 1140 4139 ποιεῖν
1171 4081 1495 4163 ἐπεχείρουν,
1516 4081 1648 4163 πρὸς
1673 4080 1730 4141 ὃν
1759 4080 1906 4143 οὔδὲν
1934 4084 2053 4143 πώ-

485 4162 614 4223 ποτέ
645 4188 734 4243 μοι
759 4166 1079 4245 συμὸόλαιον
1107 4167 1328 4249 ἐγένετο.

567 4271 634 4311 19.
678 4251 777 4320 Ὦς
805 4252 900 4331 μὲν
925 4244 1012 4313 οὗν
1043 4258 1136 4315 οὐκ
1159 4256 1321 4326 αἴτιός
1341 4262 1448 4337 εἶμι
1469 4258 1806 4342 Καλλιμάχῳ
1832 4263 1925 4333 τῆς
1946 4263 2050 4321 τῶν

2146 3552 2328 3603 Piraeeo
2352 3559 2589 3619 occupato
2611 3557 2661 3606 et
2684 3557 2864 3623 populo
2888 3572 3049 3610 rerum
3076 3564 3315 3627 potiente,
3351 3580 3508 3630 quum
3536 3570 3637 3631 jam
3659 3571 3719 3621 de

2142 3654 2471 3719 pacificatione
2487 3661 2720 3723 ageretur.
2785 3662 2882 3728 (18)
2906 3667 2981 3715 An
2998 3677 3115 3717 vero
3150 3667 3346 3720 creditis
3372 3683 3489 3723 eum
3508 3674 3597 3737 qui
3627 3676 3718 3725 sub

2192 3759 2339 3823 iginta
2360 3763 2571 3827 tyrannis
2590 3762 2807 3817 modeste
2824 3779 2877 3818 se
2902 3769 3132 3834 gesserit,
3150 3770 3349 3835 injurias
3372 3774 3424 3824 in
3446 3775 3497 3825 id
3520 3778 3718 3843 tempus

2142 3860 2389 3913 faciendas
2428 3876 2725 3929 reservasse,
2745 3880 2843 3931 quo
2860 3874 3047 3921 eeteros
3066 3884 3265 3924 suorum
3284 3874 3549 3929 facinorum
3568 3883 3717 3944 pumi-

2140 3964 2295 4015 teret?
2324 3965 2451 4024 Quid
2482 3980 2597 4018 vero
2618 3966 2713 4019 diei
2731 3972 2891 4035 potest
2905 3984 2934 4023 a
2950 3972 3155 4025 veritate
3176 3975 3542 4043 abhorrentius,
3568 3996 3713 4046 quam

2140 4078 2246 4127 me,
2266 4066 2350 4131 qui
2382 4066 2688 4120 inimicorum
2712 4071 2881 4123 ulcisci
2903 4074 3145 4125 neminem
3173 4076 3406 4129 voluerim
3420 4116 3437 4142 ,
3460 4080 3609 4132 istum
3630 4084 3713 4135 lae·

2140 4164 2251 4218 dere
2268 4166 2561 4233 instituisse,
2586 4184 2699 4222 cum
2714 4186 2811 4237 quo
2828 4173 2947 4225 nihil
2972 4188 3187 4241 unquam
3210 4180 3279 4230 rei
3302 4179 3422 4231 mihi
3441 4182 3621 4235 tuerit?

2204 4273 2278 4320 ¹9.
2312 4272 2479 4322 Acme
2502 4272 2700 4336 quidem
2729 4274 2781 4325 in
2810 4289 2955 4327 causa
2978 4291 3077 4328 non
3105 4279 3257 4330 fuisse
3288 4282 3344 4332 ut
3372 4282 3481 4347 ejus
3506 4288 3713 4349 pecnnia

483 4336 772 4418 χρημάτων
809 4342 1136 4419 δημεύσεως,
1167 4348 1358 4415 ἱκανῶς
1392 4347 1757 4429 ἀποδεδεῖχθαί
1784 4372 1874 4427 μθῑ
1901 4348 2049 4428 νομί·
2138 4373 2475 4441 publicaretur,
2491 4379 2609 4429 satis
2625 4381 3237 4447 ostensumesseputo.1sti
3256 4388 3531 4440 autemnon
3552 4390 3708 4443 licuis-

403 4449 455 4489 45
485 4430 580 4495 ζω·
607 4430 676 4495 ὡς
703 4427 758 4487 δὲ
787 4434 880 4489 οὔκ
909 4431 1026 4505 ἐξῆν
1050 4436 1192 4515 αὐτῷ
1223 4434 1520 4506 δικάζεσθαι
1547 4436 1666 4519 περὶ
1695 4440 1796 4497 τῶν
1823 4436 1940 4497 τότε
1963 4462 2047 4518 γε·
2071 4440 2117 4505 b

484 4514 800 4594 γενημένων,
831 4520 937 4577 οὐδ’
966 4522 1010 4579 εἰ
1037 4520 1211 4580 πάντα
1238 4526 1385 4583 ταῦτ’
1414 4514 1479 4597 ἧν
1502 4524 1802 4597 πεποιηκὼς
1829 4524 1864 4584 ἅ
1892 4549 2047 4609 φησιν

484 4604 664 4678 αὖτός,
693 4607 752 4664 ἐκ
789 4610 891 4665 τῶν
920 4612 1184 4681 συνθηκῶν
1207 4609 1485 4691 γνώσεσθε.
1569 4611 1682 4675 Καί
1713 4637 1802 4691 μοι
1830 4614 1961 4675 λαὸἑ
1986 4614 2047 4676 τὸ

486 4692 702 4775 βιὸλίον.

1083 4831 1432 4884 ΣΥΝΘΗΚΑῙ.

559 4986 630 5030 20.
674 4958 806 5050 ’Ἆρα
837 4973 1010 5053 μικρῷ
1038 4972 1116 5052 τῷ
1146 4970 1334 5053 δικαίῳ
1355 4974 1614 5035 πιστεύων
1641 4976 1737 5050 τὴν
1760 5002 2044 5063 παραγρα-

400 5076 455 5118 ῑο
479 5056 578 5140 φὴν
605 5057 952 5137 ἐποιησάμην,
976 5062 1095 5119 ἀλλ’
1123 5062 1182 5121 οὗ
1209 5064 1314 5121 τῶν
1347 5060 1442 5140 μὲν
1470 5070 1738 5136 συνθηκῶν
1761 5064 2043 5151 διαρρήδην

484 5148 730 5227 ἅφιεισῶν
752 5147 870 5216 τοὺς
897 5148 1214 5219 ἐνδείξαντας
1240 5148 1274 5223 ἢ
1309 5150 1572 5233 φήναντας
1594 5149 1629 5225 ἢ
1660 5157 1762 5214 τῶν
1791 5156 1965 5217 ἄλλων
1992 5184 2043 5219 τι

481 5232 585 5290 τῶν
609 5234 852 5295 τοιούτων
885 5236 1212 5317 πράξαντας,
1242 5236 1466 5317 ἐμαυτὸν
1497 5238 1541 5301 δ’
1573 5239 1722 5325 Ignis}
1738 5244 2041 5327 ἀποφαίνειν

2142 4492 2196 4530 se
2225 4479 2395 4533 afferre
2414 4481 2465 4532 in
2486 4482 2721 4547 iudicium
2738 4485 2929 4538 illorum
2948 4490 3223 4554 temporum
3244 4496 3627 4559 conuovernias,
3650 4510 3711 4549 ne

2135 4587 2241 4637 tum
2258 4584 2473 4651 quidem,
2494 4588 2535 4638 si
2553 4588 2769 4641 iecissem
2786 4592 2949 4643 omnia
2964 4606 3077 4657 qum
3090 4594 3173 4647 ilie
3189 4598 3375 4663 arguit,
3394 4612 3425 4651 e
3442 4600 3703 4653 i'oederibus

2134 4696 2449 4757 cognoscetis.
2480 4698 2611 4761 cape
2632 4696 2753 4748 mihi
2771 4697 3005 4752 libellum.

2764 4856 3058 4907 FOEDERA.

2194 4998 2274 5045 20.
2308 4996 2380 5045 An
2398 5006 2495 5045 non
2511 4995 2655 5059 igitur
2673 4994 2857 5061 iustam
2876 4997 3247 5063 praescriptionis
3261 5011 3389 5050 mese
3410 5013 3610 5055 musam
3627 5004 3707 5055 ba·

2132 5082 2245 5147 bui,
2263 5097 2414 5147 quum
2437 5086 2600 5150 aperte
2622 5086 2801 5137 foedera
2825 5088 2957 5138 omni
2979 5088 3190 5153 periculo
3208 5088 3418 5141 liberent
3442 5093 3547 5144 tam
3571 5093 3703 5146 dela·

2132 5173 2289 5234 tores,
2315 5186 2462 5237 quam
2484 5174 2908 5242 quadruplatores,
2934 5178 3082 5241 atque
3104 5176 3221 5227 aiios
3242 5178 3329 5241 qui
3364 5178 3526 5231 simile
3559 5184 3699 5247 quip-

2130 5256 2259 5321 piam
2274 5255 2607 5327 designarunt,
2626 5273 2810 5329 suoque
2826 5260 3077 5317 ostendere
3091 5262 3269 5328 possim
3278 5299 3297 5329 ,
3314 5276 3399 5319 me
3414 5279 3581 5337 neque
3593 5271 3695 5324 bu
