3825 5842
436 507 509 559 88
1175 486 1693 578 ,ΑΝΤΙΦΩΝΤΟΣ
1733 487 1784 547 Ο
1825 483 2013 546 ΠΕΡΙ
2052 483 2206 545 ΤΟΥ
2250 480 2557 544 ΗΡΩΔΟΥ
2598 481 2891 543 ΦΟΝΟΥ.
2952 483 2957 488 “

3324 485 3643 568 ‹vsa—m)

433 587 550 706 δίκῃ
577 625 652 704 μὴ
677 625 839 705 ὀρθῶς
863 625 1056 702 γνῶτε,
1082 623 1233 679 τοῦτο
1259 620 1356 678 οὒκ
1385 617 1522 677 ἔστιν
1545 615 1664 677 ὅποι
1686 617 1747 678 ἄν
1775 641 1852 685 τις
1873 618 1988 675 ἀνε·
2078 623 2233 675 cando
2249 622 2436 688 erratis,
2447 635 2549 674 non
2562 623 2745 688 estque
2756 623 2869 688 quis
2880 622 3168 674 &auster-ens
3182 637 3393 677 errorem
3406 641 3649 679 excusare

433 711 627 792 νεγκὼν
657 710 753 783 τὴν
796 706 1057 790 ἁμαρτίαν
1088 704 1424 765 ἀπολύσαιτο.

1533 705 1620 786 (oo)
1655 708 1783 775 Πῶς
1814 704 1875 765 ἂν
1900 694 1988 764 οῧν
2076 712 2240 774 possit.
2259 711 2358 775 (90)
2374 711 2627 770 Quomodo
2645 724 2757 774 ergo
2772 712 2901 762 recte
2916 712 2968 762 et
2978 711 3187 775 legitime
3202 713 3294 762 hac
3306 713 3357 764 in
3372 728 3517 766 causa
3531 729 3650 766 mea

435 802 591 880 ὀρθῶς
625 794 892 856 δικάσαιτε
923 793 1043 876 περὶ
1071 794 1270 867 αὐτῶν,
1295 793 1341 850 εἰ
1365 791 1572 859 τούτους
1603 815 1660 851 τε
1695 791 1878 853 ἐάσετε
1899 790 1989 850 τὸν
2076 799 2383 862 judicabitis?
2400 801 2477 851 Sic
2488 799 2744 863 nimirum,
2762 799 2803 850 si
2821 799 2911 848 lios
2923 798 3546 862 iureiurandoastrictosad
3568 816 3651 854 ac-

431 884 766 966 νομιζόμενον
801 883 952 964 ὅρκον
992 879 1399 960 διομοσαμένους
1437 885 1824 963 κατηγορῆσαι,
1851 879 1992 960 κάμὲ

433 975 554 1057 περὶ
585 975 742 1034 αὐτοῦ
770 977 862 1031 τοῦ
889 969 1195 1053 πράγματος
1222 967 1670 1048 ἀπολογήσασθαι.
1780 971 1906 1036 Πῶς
1934 968 1988 1032 δὲ

435 1061 647 1134 ἐάσετε,
669 1059 760 1118 ἐὰν
797 1057 908 1118 νυνὶ
945 1054 1348 1142 ἀποψηφίσησθέ
1384 1079 1503 1134 μου.
1586 1055 1864 1138 Διαφεύγω
1889 1053 1992 1136 γὰρ

436 1151 544 1210 οὐδ’
575 1148 711 1208 οὕτω
741 1144 1114 1226 τὰς·ὑμετέρας
1139 1142 1384 1223 γνώμας,
1419 1147 1535 1203 ἀλλ’
1564 1145 1707 1223 ὑμεῖς
1739 1143 1915 1206 ἔσεσθε
1943 1145 1991 1204 οἱ

355 1259 408 1299 lo
435 1237 590 1299 κάκεῖ
609 1233 732 1316 περὶ
758 1236 886 1311 ἐμοῦ
919 1229 1362 1314 διαψηφιζόμενοι·
1399 1231 1490 1291 καὶ
1514 1233 1997 1315 ἀποψηφισαμένοις

438 1325 532 1404 μὲν
552 1324 672 1403 ὑμῖν
694 1324 822 1401 ἕμοῧ
838 1326 925 1381 νῦν
950 1319 1115 1390 ἔξεστι
1137 1317 1251 1378 τότε
1272 1323 1503 1401 χρῆσθαι
1525 1319 1554 1379 8
1567 1343 1619 1380 τι
1643 1321 1705 1392 δὴ
1732 1321 1996 1400 βούλεσθε,

437 1411 725 1474 ἀπολέσασι
760 1409 815 1470 δὲ
853 1409 969 1470 οὐδὲ
1001 1408 1383 1490 βουλεύσασθαι
1409 1407 1486 1468 ἔτι
1523 1409 1642 1491 περὶ
1669 1413 1797 1489 ἐμοῦ
1827 1413 1994 1492 ἕγχω·

439 1511 536 1587 ρεῖ.
619 1501 710 1580 (οι)
741 1498 860 1578 ιΚαὶ
901 1497 1007 1576 μὴν
1029 1499 1075 1557 εἰ
1115 1495 1218 1556 δέοι
1263 1496 1515 1579 ἁμαρτεῖν
1545 1496 1632 1558 ἐπί
1670 1521 1773 1580 τῳ,
1800 1497 1994 1568 ἀδίκως

440 1592 704 1654 ἀπολῦσαι
735 1585 1009 1668 ὁσιώτερον
1034 1583 1098 1645 ἂν
1134 1581 1170 1658 ἢ
1193 1583 1252 1645 τὸ
1283 1582 1357 1664 μὴ
1387 1583 1598 1654 δικαίως
1629 1584 1913 1647 ἀπολέσαι·
1940 1585 1999 1646 τὸ

440 1671 536 1752 μὲν
562 1674 664 1758 γὰρ
692 1673 847 1754 μόνον
875 1671 1170 1754 ἁμάρτημά
1196 1674 1336 1748 ἔστι,
1365 1670 1423 1732 τὸ
1459 1671 1513 1732 δὲ
1554 1669 1725 1754 ἕτερον
1753 1674 1844 1734 καὶ
1873 1674 2000 1734 ἀσέ-

442 1759 610 1840 6ημα·
630 1764 685 1822 ἐν
707 1753 753 1844 ᾧ
775 1758 880 1844 χρὴ
903 1760 1104 1832 πολλὴν
1127 1757 1368 1841 πρόνοιαν
1389 1759 1546 1842 ἔχειν,
1568 1760 1851 1839 μέλλοντας
1871 1760 1997 1834 ἀνή-

361 1870 411 1912 15
440 1873 622 1910 κεστον
651 1849 796 1932 ἔργον
827 1847 1149 1930 ἐργάζεσθαι.
1231 1847 1324 1910 Ἐν
1353 1850 1449 1928 μὲν
1479 1848 1580 1930 γὰρ
1609 1853 1814 1932 ἀκεστῷ
1855 1849 2000 1932 πρά-

440 1961 606 2016 γματι
632 1936 724 1996 καὶ
750 1940 879 2018 ὀργῇ
905 1935 1271 2018 χρησαμένους
1295 1937 1386 1998 καὶ
1413 1937 1632 2018 διαὸολῇ
1671 1937 2001 2016 πειθομένους

442 2025 656 2085 ἔλαττον
681 2023 820 2084 ἔστιν
850 2023 1175 2107 ἐξαμαρτεῖν·
1209 2025 1492 2106 μεταγνοὺς
1517 2025 1619 2109 γὰρ
1647 2025 1726 2087 ἔτι
1749 2025 1812 2086 ἂν
1839 2028 2002 2108 ὀρθῶς

445 2110 800 2194 βουλεύσαιτο·
823 2114 876 2172 ἐν
902 2112 956 2172 δὲ
982 2121 1088 2180 τοῖς
1103 2112 1403 2186 ἀνηκέστοις
1425 2111 1583 2173 πλέον
1617 2113 1810 2194 βλάὸος
1832 2115 1892 2175 τὸ
1914 2138 2002 2194 με·

441 2202 641 2261 τανοεῖν
661 2199 751 2278 καὶ
772 2203 966 2279 γνῶναι
986 2199 1430 2283 ἐξημαρτηκότας.
1461 2197 1606 2274 Ἤδη
1623 2201 1681 2262 δέ
1701 2225 1832 2263 τισιν
1853 2207 2001 2282 ὑμῶν

443 2287 534 2347 καὶ
551 2286 902 2366 μετεμέλησεν
923 2289 1300 2350 ἀπολωλεκόσι.
1383 2291 1573 2350 Καίτοι
1587 2289 1732 2350 οὔπω
1756 2295 1878 2372 ὑμῖν
1897 2296 2003 2361 τοῖς

367 2395 421 2436 ao
441 2375 808 2448 ἕξαπατηθεῑσι
832 2375 1203 2456 μετεμέλησεν,
1228 2380 1274 2437 εἷ
1301 2377 1392 2438 καὶ
1416 2378 1555 2438 πάνυ
1573 2403 1623 2437 τι
1645 2403 1684 2460 χ
1687 2378 1750 2460 ρή
1764 2423 1782 2454 ,
1805 2380 1923 2448 τούς
1943 2404 2001 2458 γε

445 2463 809 2534 ἐξαπατῶντας
837 2463 1250 2528 ἀπολωλεκέναι.
1335 2466 1434 2548 (02)
1461 2464 1693 2528 Ἔπειτα
1729 2467 1784 2528 δὲ
1812 2467 1880 2528 τὰ
1908 2467 2003 2548 μὲν

445 2551 665 2612 ἀκούσια
690 2555 793 2612 τῶν
813 2553 1211 2636 ἁμαρτημάτων
1229 2553 1339 2636 ἔχει
1355 2555 1686 2635 συγγνώμην,
1706 2557 1773 2615 τὰ
1787 2556 1842 2616 δὲ
1862 2556 2007 2618 ἑκού-

444 2662 535 2698 σια
557 2641 652 2700 οὔκ
672 2638 800 2721 ἔχει.
880 2641 958 2704 Τὸ
978 2641 1073 2720 μὲν
1100 2641 1202 2722 γὰρ
1226 2642 1468 2703 ἀκούσιον
1492 2643 1783 2727 ἁμάρτημα
1798 2690 1815 2724 ,
1843 2634 1888 2704 ὦ
1913 2645 2009 2706 ἅν-

445 2729 580 2808 δρες,
604 2731 697 2801 τῆς
714 2727 876 2809 τύχης
890 2727 1018 2805 ἐστί,
1035 2729 1094 2790 τὸ
1115 2729 1169 2789 δὲ
1194 2728 1425 2790 ἑκούσιον
1438 2734 1532 2804 τῆς
1552 2730 1782 2811 γνώμης.
1813 2731 2005 2795 Ἑκού-

445 2837 554 2876 σιον
583 2813 637 2874 δὲ
665 2818 774 2883 πῶς
798 2815 861 2875 ἂν
885 2816 966 2890 εἴη
991 2820 1189 2896 μᾶλλον
1213 2817 1248 2891 ἢ
1273 2817 1323 2878 εἴ
1343 2842 1444 2894 τις,
1469 2810 1541 2879 ὧν
1563 2821 1754 2901 βουλὴν
1776 2827 2005 2898 ποιοῖτο,

445 2907 611 2962 ταῦτα
633 2907 964 2985 παραχρῆμα
997 2904 1290 2986 ἐργάζοιτος
1317 2906 1407 2966 καὶ
1431 2903 1537 2984 μὴν
1563 2905 1659 2981 τὴν
1685 2906 1804 2982 ἴσην
1836 2932 1896 2989 γε
1915 2908 2005 2970 δύ-

415 3043 420 3046 .
443 3013 602 3068 ναμιν
629 2989 769 3071 ἔχει,
796 2991 936 3060 ὅστις
958 3015 1014 3051 τε
1041 2991 1104 3051 ἂν
1131 2997 1196 3072 τῇ
1223 2993 1360 3074 χειρὶ
1389 2995 1667 3076 ἀποκτείνῃ
1694 2996 1883 3065 ἀδίκως
1915 2998 2007 3058 καὶ

443 3077 584 3147 ὅστις
605 3084 671 3160 τῇ
694 3078 873 3162 ψήφῳ.
959 3080 1049 3163 (0³)
1081 3073 1165 3142 Εῧ
1187 3082 1232 3142 δ’
1260 3081 1372 3142 ἴστε
1399 3081 1480 3142 ὅτι
1501 3086 1594 3143 οὐκ
1619 3085 1681 3143 ἄν
1707 3089 1829 3146 ποτ’
1851 3078 2008 3160 ἦλθον

369 3179 421 3221 2⁵
446 3169 518 3236 εἰς
556 3165 653 3239 τὴν
687 3166 858 3242 πόλιν,
887 3169 937 3228 εἴ
968 3192 1021 3228 τι
1049 3169 1276 3250 ξυνῄδειν
1301 3173 1514 3254 ἐμαυτῷ
1543 3178 1791 3233 τοιοῦτον·
1820 3179 1908 3236 νῦν
1951 3174 2007 3234 δὲ

444 3257 706 3314 πιστεύων
724 3259 799 3336 τῷ
823 3256 1027 3338 δικαίῳ,
1048 3249 1108 3316 οὗ
1125 3257 1338 3326 πλέονος
1363 3258 1508 3319 οὐδέν
1534 3262 1673 3321 ἐστιν
1697 3260 1837 3331 ἄξιον
1859 3263 2009 3346 ἀνδρὶ

445 3341 898 3422 συναγωνίζεσθαι,
914 3343 1076 3422 μηδὲν
1091 3349 1234 3428 αὑτῷ
1257 3345 1500 3416 ξυνειδότι
1521 3349 1724 3409 ἀνόσιον
1741 3349 2013 3431 εἰργασμέ-

447 3449 521 3509 νῳ
545 3427 674 3506 μήτ’
707 3433 778 3497 εἰς
809 3427 924 3499 τοὺς
951 3430 1092 3500 θεοὺς
1129 3433 1432 3508 ἠσεόηκότι·
1467 3437 1521 3494 ἓν
1552 3436 1654 3519 γὰρ
1687 3441 1766 3519 τῷ
1790 3439 2009 3522 τοιούτῳ

449 3515 550 3590 ἤδη
573 3516 664 3576 καὶ
691 3515 750 3578 τὸ
779 3521 937 3596 σῶμα
960 3521 1242 3602 ἀπειρηκὸς
1269 3526 1304 3595 ἠ
1327 3522 1471 3604 ψυχὴ
1501 3524 1862 3604 συνεξέσωσεν,
1893 3529 2008 3588 ἐθέ-

446 3609 609 3664 λουσα
634 3607 988 3689 ταλαιπωρεῖν
1018 3607 1102 3667 διὰ
1131 3609 1189 3669 τὸ
1217 3609 1290 3688 μὴ
1327 3611 1605 3680 ξυνειδέναι
1643 3617 1821 3696 ἑαυτῇ·
1850 3621 1927 3698 τῷ
1954 3616 2007 3677 δὲ

449 3689 688 3761 ξυνειδότι
711 3699 863 3755 τοῦτο
879 3696 1007 3756 αὐτὸ
1021 3701 1226 3778 πρῶτον
1246 3699 1496 3778 πολέμιόν
1517 3703 1676 3761 ἐστιν·
1698 3702 1775 3762 ἔτι
1793 3702 1895 3787 γὰρ
1915 3705 2009 3767 καὶ

447 3784 539 3839 τοῦ
562 3779 803 3860 σώματος
829 3783 1097 3864 ἰσχύοντος
1121 3790 1156 3859 ἠ
1183 3788 1328 3868 ψυχὴ
1357 3791 1764 3871 προαπολείπει,
1787 3796 2011 3874 ἡγουμέ-

370 3883 426 3924 30
447 3891 510 3941 νη
529 3867 624 3941 τὴν
652 3870 907 3952 τιμωρίαν
926 3875 972 3933 οἱ
993 3873 1138 3946 ἥκειν
1163 3874 1359 3949 ταύτην
1381 3881 1484 3936 τῶν
1508 3878 1878 3958 ἀσεὸημάτων·
1904 3884 2008 3964 ἐγὼ

449 3957 495 4014 δ’
521 3961 733 4040 ἐμαυτῷ
761 3965 988 4023 τοιοῦτον
1017 3961 1160 4023 οὐδὲν
1189 3963 1426 4034 ξυνειδὼς
1449 3965 1565 4038 ἥκω
1589 3971 1659 4038 εἰς
1678 3973 1827 4048 ὑμᾶς.
1914 3976 2004 4054 (σε)

445 4042 524 4103 Τὸ
540 4043 593 4104 δὲ
611 4043 726 4115 τοὺς
744 4047 1061 4130 κατηγόρους
1078 4052 1378 4113 διαὸάλλειν
1397 4055 1543 4116 οὐδέν
1558 4060 1666 4118 ε’στι
1687 4060 2005 4138 θαυμαστόν.

445 4131 658 4192 Τούτων
690 4133 791 4217 γὰρ
816 4135 965 4218 ἔργον
992 4144 1171 4217 τοῦτο,
1203 4146 1349 4221 ὑμῶν
1379 4143 1434 4203 δὲ
1459 4143 1520 4205 τὸ
1546 4143 1622 4224 μὴ
1651 4146 1919 4210 πείθεσθαι
1940 4148 2006 4210 τὰ

447 4219 522 4297 μὴ
547 4221 741 4281 δίκαια.
771 4227 944 4286 Τοῦτο
960 4227 1055 4306 μὲν
1077 4230 1178 4315 γὰρ
1201 4232 1318 4310 ἐμοὶ
1345 4236 1665 4314 πειθομένοις
1693 4241 1813 4316 ὑμῖν
1843 4264 2006 4318 μετα-

450 4308 676 4384 μελῆσαι
707 4309 846 4383 ἔστι,
873 4315 963 4374 καὶ
991 4317 1175 4378 τούτου
1200 4321 1476 4402 φάρμακον
1505 4323 1566 4384 τὸ
1594 4316 1738 4394 αὖθις
1765 4328 2005 4404 κολάσαι,

447 4399 538 4456 τοῦ
565 4393 621 4452 δὲ
652 4395 850 4465 τούτοις
877 4402 1210 4481 πειθομένους
1238 4407 1613 4490 ἐξεργάσασθαι
1641 4411 1676 4471 ἃ
1714 4405 1855 4475 οὗτοι
1885 4418 2007 4497 βού-

372 4492 425 4533 35
446 4480 625 4541 λονται
651 4485 746 4543 οὐκ
768 4483 907 4545 ἔστιν
935 4488 1090 4561 ἴασις.
1123 4493 1261 4554 Οὐδὲ
1290 4495 1473 4576 χρόνος
1494 4498 1653 4566 πολὺς
1681 4504 1708 4560 ὁ
1733 4503 2005 4587 διαφέρων,

449 4569 503 4626 ἐν
538 4560 584 4651 ᾧ
621 4575 789 4631 ταῦτα
818 4576 1052 4654 νομίμως
1079 4579 1292 4662 πράξεθ’
1319 4583 1355 4642 ἃ
1383 4590 1473 4644 νῦν
1513 4589 1648 4664 ὑμᾶς
1692 4590 2008 4670 παρανόμως

446 4653 708 4718 πείθουσιν
731 4663 778 4721 οἱ
801 4664 1079 4748 κατήγοροι
1105 4669 1448 4752 ψηφίσασθαι.
1470 4673 1553 4735 Οὔ
1578 4699 1655 4735 τοι
1673 4681 1776 4737 τῶν
1802 4681 2005 4761 ἐπειγο-

448 4745 617 4821 μένων
643 4748 755 4809 ἐστὶ
782 4751 848 4811 τὰ
871 4755 1190 4835 πράγματα,
1221 4760 1358 4820 ἀλλὰ
1380 4766 1482 4822 τῶν
1514 4755 1572 4824 εὗ
1601 4769 2003 4848 βουλευομένων.

446 4836 558 4895 Νῦν
585 4834 680 4914 μὲν
707 4829 795 4898 οὗν
821 4845 1103 4924 γνωρισταὶ
1124 4846 1324 4925 γίνεσθε
1351 4855 1441 4923 τῆς
1479 4852 1653 4933 δίκης,
1689 4856 1806 4918 τότε
1844 4857 1900 4919 δὲ
1924 4861 2005 4921 δι-

446 4923 639 4983 κασταὶ
660 4929 764 4986 τῶν
792 4930 1084 5012 μαρτύρων·
1110 4940 1202 4994 νῦν
1231 4935 1326 5013 μὲν
1356 4937 1628 5016 δοξασταί,
1656 4943 1770 5004 τότε
1798 4945 1850 5006 δὲ
1886 4971 2005 5029 κρι-

444 5011 532 5071 ταὶ
559 5015 663 5071 τῶν
686 5016 909 5088 ἀληθῶν.
958 5022 1050 5099 (95)
1081 5022 1306 5104 Ῥᾷστον
1331 5027 1388 5085 δέ
1415 5028 1496 5089 τοί
1519 5033 1656 5091 ἐστιν
1688 5034 1868 5114 ἀνδρὸς
1886 5035 2006 5118 περὶ

445 5100 668 5161 θανάτου
685 5103 955 5186 φεύγοντος
969 5107 1034 5168 τὰ
1045 5113 1209 5192 ψευδῆ
1226 5123 1717 5199 καταμαρτυρῆσαι.
1749 5121 1887 5185 Ἐὰν
1902 5122 2005 5206 γὰρ

368 5213 420 5250 ⁴0
446 5187 506 5244 τὸ
521 5197 847 5272 παραχρῆμα
869 5197 1021 5273 μόνον
1037 5200 1286 5262 πείσωσιν
1301 5202 1435 5265 ὥστε
1459 5210 1779 5285 ἀποκτεῖναι,
1802 5212 1915 5291 ἅμα
1930 5217 2005 5296 τῷ

447 5273 653 5353 σώματι
676 5281 816 5356 καὶὴ
837 5287 1062 5369 τιμωρία
1093 5290 1379 5357 ἀπόλωλεν.
1412 5293 1550 5357 Οὔτε
1574 5297 1676 5379 γὰρ
1703 5302 1753 5358 οἱ
1773 5301 1913 5382 φίλοι
1928 5301 2005 5362 ἔτι

2081 886 2347 938 cusantium
2364 887 2645 950 admittatis,
2658 887 2943 951 copiamque
2956 887 3073 937 mibi
3092 887 3273 939 radatis
3282 889 3443 954 ipsum
3456 891 3652 942 crimen

2080 975 2325 1040 purgandi.
2350 973 2605 1035 Quomodo
2634 975 2798 1026 autem
2824 987 2933 1026 eam
2956 975 3075 1026 mihi
3104 976 3317 1028 facietis?
3342 979 3493 1030 sime
3511 993 3655 1031 nunc

2080 1062 2356 1113 absolvatis.
2370 1065 2510 1126 Nam,
2522 1063 2705 1114 etiamsi
2718 1063 2810 1114 hoc
2822 1063 3045 1127 feceritis,
3056 1077 3154 1115 non
3163 1065 3272 1116 ideo
3282 1067 3447 1118 tamen
3458 1070 3654 1119 vestras

2082 1151 2338 1202 sententias
2354 1150 2501 1214 effugi
2522 1170 2535 1202 ι
2554 1163 2669 1202 nam
2695 1165 2783 1203 vos
2798 1151 2945 1202 iidem
2961 1153 3069 1204 tum
3086 1166 3284 1218 quoque
3300 1153 3489 1218 judices
3514 1155 3656 1207 sede-

2082 1239 2196 1290 bitis
2209 1255 2226 1302 3
2245 1239 2466 1290 absoluto
2480 1251 2564 1290 me
2580 1253 2711 1290 nune
2720 1276 2737 1302 ‚
2754 1241 2862 1291 tum
2878 1241 3043 1291 tamen
3058 1240 3372 1294 nihilominus
3386 1242 3452 1294 de
3472 1245 3657 1294 volun·

2082 1327 2184 1378 tate
2202 1327 2277 1378 uti
2300 1328 2351 1378 in
2374 1328 2610 1391 potestate
2625 1329 2785 1379 vestra
2809 1328 2902 1380 erit
2911 1344 2930 1393 ;
2956 1329 3031 1380 sin
3049 1331 3212 1380 autem
3226 1342 3306 1380 me
3322 1343 3455 1384 nunc
3470 1331 3655 1382 conde-

2086 1414 2380 1479 mnaveritis,
2394 1429 2492 1466 non
2506 1415 2667 1468 licebit
2679 1415 2989 1480 postmodum
3004 1415 3164 1468 denuo
3176 1417 3239 1468 de
3256 1431 3337 1470 me
3352 1418 3650 1472 deliberare.

2088 1502 2188 1568 (91)
2206 1503 2327 1555 Etsi
2350 1504 2429 1554 vel
2455 1515 2566 1555 vere
2584 1504 2677 1554 eim
2704 1503 2949 1556 homicfflii
2974 1517 3111 1566 reus,
3137 1507 3536 1560 sanctiuntamen
3560 1509 3660 1559 erit

2086 1592 2273 1643 sontem
2294 1605 2380 1656 per
2396 1593 2530 1643 netas
2548 1591 2799 1644 absolvere
2812 1628 2827 1655 ,
2854 1605 3003 1656 quam
3026 1593 3265 1646 insontem
3280 1607 3366 1660 per
3382 1597 3519 1648 noras
3536 1609 3660 1648 con-

2086 1679 3088 1733 denmarezalterumenimilludnihilnisi
3106 1695 3259 1746 error,
3277 1682 3659 1736 alterumetiam

2086 1767 2285 1818 vlolatio
2308 1768 2382 1818 est
2400 1767 2677 1818 divinorum
2692 1768 2893 1832 jurium.
2940 1773 3011 1820 Ac
3030 1769 3358 1835 maximopere
3378 1773 3659 1824 cavendnm

2088 1855 2165 1907 est
2176 1893 2191 1920 ,
2214 1868 2277 1906 ne
2296 1855 2413 1920 quid
2430 1855 2741 1907 committatis
2756 1856 3077 1920 irreparabile.
3100 1860 3159 1908 ln
3176 1871 3345 1922 causa,
3370 1861 3454 1911 ubi
3472 1861 3660 1911 admis-

2088 1956 2169 1994 sus
2180 1956 2315 1994 error
2330 1943 2503 2007 corrigi
2514 1945 2689 2008 queat,
2706 1945 2868 1995 minus
2883 1945 3091 2009 peccetis
3107 1945 3354 1998 iracundia
3369 1947 3565 2012 abrepti
3578 1950 3659 2000 vel

2089 2031 2342 2082 calumniis
2372 2030 2717 2095 circumventi;
2740 2045 2853 2082 nam
2878 2033 2945 2084 ibi
2967 2033 3103 2084 locus
3132 2037 3207 2084 est
3236 2036 3535 2098 poeniwntim
3566 2057 3580 2087 =
3608 2039 3661 2088 in

2090 2119 2245 2171 causis
2264 2120 2430 2171 autem
2454 2119 2848 2173 irremeabilibus
2854 2157 2872 2184 ,
2896 2121 2979 2171 ubi
3002 2121 3065 2172 ed
3086 2135 3297 2173 errorem
3314 2125 3493 2188 agnitio
3510 2139 3659 2176 erro-

2091 2207 2156 2258 ris
2176 2208 2227 2258 et
2242 2207 2521 2272 poenitentia
2544 2209 2825 2272 accesserit,
2842 2209 3087 2272 geminum
3110 2210 3159 2260 id
3178 2210 3409 2262 damnum
3430 2213 3521 2264 est.
3544 2216 3655 2264 Sae-

2090 2295 2197 2358 pius
2208 2294 2311 2358 jam
2328 2296 2585 2347 nonnullos
2601 2297 2815 2347 vestrum
2831 2297 3055 2361 pinnituit
3067 2297 3408 2350 condemnasse
3416 2300 3658 2363 insontes,

2090 2383 2144 2434 at
2158 2383 2375 2434 nondum
2391 2397 2480 2436 vos
2495 2384 2718 2448 poenituit
2735 2385 2994 2437 absolvisse
3014 2387 3099 2449 qui
3120 2399 3208 2438 vos
3222 2386 3537 2451 deceperant,
3566 2391 3663 2439 etei

2091 2472 2163 2522 tas
2178 2473 2252 2522 est
2266 2471 2557 2536 decipientes
2572 2473 2897 2524 condemnari.
2944 2474 3043 2537 (92)
3067 2476 3307 2526 Praeterea
3318 2489 3503 2527 errores
3518 2478 3665 2527 invo-

2090 2559 2287 2610 luntarii
2309 2559 2500 2612 veniam
2530 2561 2805 2624 inveniunt,
2828 2561 3087 2612 voluntarii
3118 2561 3258 2613 venia
3288 2566 3486 2615 carent:
3514 2578 3666 2616 error

2092 2648 2223 2698 enim
2244 2647 2621 2712 involuntariae,
2646 2648 2903 2713 oiudices‚
2922 2650 3129 2700 somnae
3141 2687 3158 2714 ,
3176 2652 3477 2704 voluntarius
3486 2656 3666 2705 autem

2094 2735 2291 2788 oonsilio
2324 2736 2609 2800 imputatur.
2676 2739 2775 2797 Qui
2810 2738 2975 2789 autem
3007 2737 3139 2788 aliud
3176 2739 3438 2804 quicquam
3473 2743 3663 2794 volun-

2092 2825 2202 2875 tarii
2218 2837 2396 2875 nomen
2410 2826 2667 2888 mereatur,
2683 2837 2831 2890 quam
2844 2825 2885 2875 si
2894 2825 3005 2889 quis
3016 2824 3278 2877 deliberata
3288 2829 3508 2891 protinus
3516 2843 3665 2881 exse·

2093 2910 2303 2973 quatur?
2319 2909 2517 2973 perinde
2536 2923 2653 2961 vero
2676 2912 2775 2974 est,
2808 2912 2909 2963 sive
2930 2925 3077 2963 manu
3104 2927 3381 2978 quenquam
3406 2930 3493 2980 per
3518 2919 3665 2970 nefas

2094 2987 2352 3050 occideris,
2377 2988 2482 3039 sive
2514 2988 2613 3038 lato
2647 2989 2893 3052 suffragio.
2958 2990 3057 3054 (93)
3093 2991 3279 3050 Quodsi
3312 2993 3536 3045 facinoris
3572 3010 3665 3060 ego

2095 3074 2213 3125 mihi
2248 3076 2467 3126 conscius
2497 3076 2719 3140 fuissem,
2744 3078 2959 3141 proiecto
2980 3092 3231 3143 nunquam
3260 3077 3432 3145 pedem
3454 3084 3506 3133 in
3527 3084 3668 3134 hanc

2099 3164 2267 3214 urbem
2286 3164 2580 3227 intulissem,
2603 3165 2665 3215 de
2684 3178 2784 3229 quo
2807 3179 2895 3216 vos
2913 3168 3070 3218 certos
3096 3181 3197 3219 ease
3216 3169 3361 3220 velim
3384 3170 3517 3234 :jam
3538 3185 3667 3223 vero

2095 3253 2207 3303 veni
2223 3252 2348 3315 huc,
2372 3251 2585 3302 bonitate
2601 3266 2759 3304 causoe
2780 3267 2902 3305 meae
2922 3254 3099 3319 fretus;
3119 3270 3217 3320 qua
3234 3270 3335 3308 non
3350 3258 3505 3321 major
3521 3261 3667 3312 auxi·

2096 3339 2259 3390 liatrix
2291 3341 2364 3390 est
2385 3341 2490 3391 viro
2513 3340 2693 3391 nullius
2714 3342 2925 3394 criminis
2945 3343 3021 3394 vel
3054 3343 3312 3408 impietatis
3340 3343 3429 3397 sibi
3455 3349 3663 3400 conscii.

2096 3427 2238 3479 Haud
2250 3429 2398 3479 semel
2410 3429 2540 3480 enim
2552 3429 2605 3480 in
2618 3430 2809 3494 capitali
2820 3443 2964 3482 causa
2978 3430 3186 3484 fractum
3196 3433 3297 3496 jam
3310 3447 3486 3499 corpus
3500 3439 3665 3488 erexit

2098 3517 2148 3567 et
2169 3517 2376 3568 oervavit
2396 3517 2588 3570 animus
2608 3531 2852 3570 aerumnas
2873 3521 3062 3572 fortiter
3081 3523 3294 3574 tolerans
3317 3523 3382 3573 ob
3406 3526 3665 3578 conscien-

2097 3605 2217 3655 tiam
2238 3604 2525 3657 innocentiae
2546 3621 2559 3656 τ
2580 3609 2747 3658 contra
2772 3609 2815 3658 si
2836 3609 2946 3672 quis
2966 3611 3186 3662 conscius
3201 3611 3291 3661 sibi
3312 3612 3537 3663 facinoris
3558 3617 3663 3677 est,

2097 3693 2190 3742 hoc
2201 3693 2311 3742 ante
2328 3695 2491 3744 omnia
2508 3707 2621 3744 eum
2638 3695 2865 3759 opprimit
2885 3715 2899 3746 ε
2919 3709 3032 3746 nam
3052 3697 3243 3760 vigente
3258 3698 3417 3749 adhuc
3430 3713 3660 3764 corpore.

2097 3781 2285 3831 animus
2303 3794 2492 3844 poenam
2512 3783 2615 3845 jam
2632 3785 2885 3834 venturam
2904 3785 3209 3848 existimans,
3230 3788 3343 3837 ante
3358 3789 3549 3851 tempus
3568 3789 3659 3839 de-

2098 3868 2215 3919 ficit.
2279 3870 2402 3919 Veni
2432 3883 2545 3932 ergo
2568 3870 2632 3920 ad
2657 3884 2745 3920 vos
2778 3873 2947 3935 utpote
2968 3873 3150 3924 nullius
3174 3875 3365 3926 sceleris
3395 3877 3513 3926 mihi
3534 3891 3661 3928 con-

2097 3957 2239 4007 scius.
2306 3958 2406 4022 (94)
2432 3960 2743 4010 Accusatores
2759 3973 2874 4010 vero
2893 3973 2973 4011 me
2988 3961 3301 4026 calumniari,
3316 3963 3435 4014 nihil
3452 3965 3661 4016 mirum.

2096 4044 2155 4096 Id
2176 4045 2369 4096 illorum
2392 4047 2490 4109 est,
2514 4047 2585 4096 uti
2613 4049 2829 4098 vestrum
2852 4049 2926 4100 est
2951 4049 3098 4100 fidem
3127 4051 3380 4102 calumniis
3399 4052 3661 4116 denegare.

2098 4133 2240 4192 Quod
2257 4146 2287 4183 a
2308 4147 2387 4185 me
2420 4148 2669 4198 persuasos
2690 4149 2779 4188 vos
2808 4137 2850 4188 si
2875 4138 3185 4201 postmodum
3204 4141 3461 4203 poenitent,
3492 4155 3660 4193 reme·

2096 4220 2231 4272 dium
2258 4221 2493 4274 habebitis
2510 4237 2702 4288 poenam
2733 4225 2895 4289 pauu0
2926 4229 3033 4290 post
3067 4227 3187 4278 mihi
3221 4228 3551 4294 infligendum
3582 4232 3663 4283 sin

2095 4309 2309 4372 persuasi
2332 4309 2397 4360 ab
2421 4310 2515 4362 illis
2534 4311 2767 4376 imperata
2784 4313 3015 4379 feceritis,
3042 4310 3181 4366 nulla
3198 4315 3316 4366 mali
3336 4321 3553 4382 superest
3578 4333 3661 4371 sa-

2094 4401 2243 4452 natio.
2271 4405 2435 4465 Neque
2455 4403 2665 4467 denique
2680 4405 2819 4469 longe
2846 4407 2982 4457 abest
3006 4409 3224 4471 tempus,
3250 4421 3351 4472 quo
3374 4408 3584 4472 legitime
3608 4415 3660 4464 in

2097 4505 2173 4544 me
2189 4493 2445 4545 decernere
2466 4494 2629 4546 licebit
2644 4509 2703 4548 ea
2714 4510 2826 4561 qum
2840 4499 2897 4549 ut
2912 4511 3045 4550 nunc
3058 4499 3227 4563 iniquo
3242 4502 3461 4566 tempore
3472 4503 3665 4556 faciatis

2094 4588 2395 4638 accusatores
2414 4588 2512 4638 mei
2541 4589 2679 4640 vobis
2707 4589 2927 4642 suadent.
3008 4593 3117 4642 Non
3139 4593 3213 4644 est
3242 4593 3557 4648 festinationis
3582 4613 3659 4650 res

2094 4685 2319 4737 prospere
2333 4687 2522 4738 gerere,
2546 4676 2627 4726 aed
2646 4679 2777 4728 recte
2796 4679 2847 4728 et
2864 4678 2991 4730 lente
3012 4679 3395 4734 deliberantium.
3418 4685 3557 4736 Nunc
3580 4701 3655 4738 so-

2096 4763 2344 4814 lummodo
2366 4765 2633 4828 cognitores
2654 4779 2811 4818 causae
2828 4769 2942 4820 estis
2951 4804 2968 4831 ,
2990 4770 3113 4821 tunc
3128 4772 3293 4823 autem
3308 4772 3507 4825 testium
3522 4776 3656 4826 eritis

2096 4854 2261 4906 arbitri
2284 4875 2295 4906 ι
2321 4868 2451 4906 nune
2472 4858 2585 4909 estis
2608 4860 2880 4923 opinatores
2900 4873 3129 4913 verorum
3141 4901 3156 4926 ,
3180 4864 3289 4916 tum
3304 4867 3470 4918 autem
3487 4868 3657 4921 deere-

2094 4949 2223 4998 tores
2252 4947 2535 5000 eorundem.
2603 4950 2701 5016 (95)
2723 4955 2849 5004 Num
2868 4954 3041 5005 tenetis
3060 4957 3229 5018 quanti
3246 4961 3477 5010 momenti
3497 4974 3575 5012 res
3596 4961 3655 5014 sit

2095 5041 2262 5090 contra
2279 5041 2522 5092 hominem
2548 5041 2794 5095 homicidii
2812 5057 2947 5096 reum
2974 5047 3155 5097 factum
3176 5049 3293 5100 falsa
3314 5051 3513 5102 testari?
3534 5057 3655 5106 Nam

2094 5132 2135 5182 si
2159 5133 2305 5184 testes
2322 5133 2597 5198 hujusmodi
2614 5136 2720 5188 falsi
2735 5137 2977 5200 iudicibus
2999 5142 3319 5201 persuaserint
3330 5180 3345 5205 ,
3364 5143 3420 5194 ut
3438 5146 3657 5206 protinus

2095 5237 2231 5275 reum
2258 5225 2503 5289 occidant,
2534 5241 2632 5279 non
2655 5231 2812 5280 solum
2839 5243 3016 5294 corpus
3038 5233 3205 5295 periit,
3232 5233 3315 5284 sed
3338 5247 3434 5286 una
3462 5249 3658 5302 quoque

2094 5315 2217 5367 ultio
2238 5317 2325 5381 ipsi
2350 5318 2511 5370 debita
2528 5321 2685 5386 periit.
2706 5325 2827 5374 Nam
2846 5324 2987 5374 amici
3004 5323 3202 5387 quidem
3220 5326 3323 5390 ejus
3339 5341 3435 5379 non
3449 5329 3553 5393 iam
3568 5345 3653 5383 vot
3676 5311 3691 5336 ³
