3825 5842
515 468 606 525 ΗΒ

512 599 674 667 πόλιν
693 594 830 656 κατὰ
858 594 944 656 τὸν
971 595 1126 674 νόμον
1151 594 1349 665 ἀξιοῦτε
1372 594 1579 678 κρίνειν,
1612 594 1738 678 παρ’
1766 586 1839 655 ὧν
1869 594 1975 654 οὐδ’
2008 594 2073 655 ἂν

513 684 833 767 παρανόμως
883 684 1188 764 βουλόμενοι
1232 680 1380 754 δίκην
1436 682 1725 761 λαμὸοίνειν
1767 682 1914 752 ἀξίαν
1965 687 2071 743 τῶν

518 772 860 850 ἀδικημάτων
885 764 956 833 ὧν
984 772 1098 846 τὴν·
1118 772 1267 831 πόλιν
1295 770 1580 843 ἠδικήκασι
1605 770 1836 831 λοίὸοιτε.
1873 770 1946 831 Τί
1971 772 2073 853 γὰρ

518 860 582 921 ἂν
607 861 858 929 παθόντες
884 860 1031 934 δίκην
1061 859 1159 933 τὴν
1193 858 1340 928 ἀξίαν
1370 858 1552 933 εἴησαν
1585 864 1689 919 τῶν
1716 858 1878 940 ἔργων
1914 862 2071 919 δεδω-

516 949 693 1028 κότεςς
738 949 828 1031 (83)
869 948 1099 1029 Πότερον
1140 951 1185 1007 εἰ
1227 945 1414 1015 αὐτοὺς
1451 946 1802 1009 ἀποκτείνοιτε
1835 948 1927 1007 καὶ
1960 947 2075 1015 τοὺς

441 1056 492 1097 ιι)
518 1038 709 1104 παῖδας
742 1039 932 1110 αὐτῶν,
968 1036 1155 1109 ἱκανὴν
1203 1033 1266 1095 ἂν
1294 1041 1384 1096 τοῦ
1420 1034 1574 1118 φόνου
1614 1035 1764 1109 δίκην
1801 1034 2074 1113 λεἰὅοιμεν,

517 1114 590 1185 ὧν
611 1117 751 1185 οὗτοι
771 1123 1001 1204 πατέρας
1031 1124 1124 1185 καὶ
1146 1127 1272 1193 υἱεῖς
1306 1123 1398 1183 καὶ
1421 1123 1667 1205 ἀδελφοὺς
1687 1123 1926 1207 ἀκρίτους
1946 1124 2073 1184 ἀπέ-

517 1236 720 1273 κτειναν
734 1236 751 1286 3
765 1212 923 1272 Ἀλλὰ
940 1212 1040 1294 γὰρ
1058 1215 1105 1272 εἰ
1127 1212 1194 1272 τὰ
1207 1212 1460 1294 χρήματα
1477 1210 1544 1271 τᾶ
1559 1213 1756 1295 φανερὰ
1771 1212 2075 1291 δημεύσετε,

516 1302 689 1367 καλῶς
716 1298 781 1359 ἂν
815 1300 928 1381 ἔχοι
953 1299 988 1372 ἢ
1019 1306 1085 1381 τῇ
1113 1301 1295 1376 πόλει,
1322 1294 1384 1372 ἧς
1407 1294 1548 1361 οὗτοι
1573 1300 1745 1361 πολλὰ
1782 1302 2075 1383 εἰλήφασιν,

515 1386 552 1460 ἢ
577 1396 684 1456 τοῖς
721 1387 973 1463 ἰδιώταις,
1003 1380 1076 1449 ὧν
1105 1388 1272 1456 οἰκίας
1299 1389 1684 1470 ἐξεπόρθησαν;
1717 1388 1808 1473 (ει)
1851 1390 2076 1464 Ἐπειδὴ

517 1474 684 1535 τοίνυν
706 1475 881 1535 πάντα
900 1482 1164 1545 ποιοῦντες
1183 1476 1332 1548 δίκην
1352 1480 1479 1557 παρ’
1509 1479 1678 1537 αὐτῶν
1702 1480 1796 1538 οὔκ
1817 1478 1882 1538 ἂν
1910 1477 2079 1539 δύναι-

518 1568 608 1623 σθε
630 1562 833 1637 λαὸεῖν,
863 1568 975 1632 πῶς
1004 1567 1099 1623 οὐκ
1125 1565 1344 1646 αἰσχρὸν
1367 1568 1490 1643 ὑμῖν
1514 1567 1604 1625 καὶ
1627 1572 1860 1639 ἡντινοῦν
1893 1569 2079 1626 ἀπολι-

422 1656 657 1726 ηεπεῗν,
690 1650 876 1724 ἥντινά
924 1676 1002 1719 τις
1045 1651 1283 1731 βούλοιτο
1317 1651 1466 1735 παρὰ
1499 1652 1695 1713 τούτων
1749 1654 2076 1733 λαμὸάνειν;

520 1742 641 1801 Πᾶν
670 1740 716 1797 δ’
749 1739 810 1799 ἄν
839 1762 928 1818 μοι
956 1740 1096 1799 δοκεῖ
1120 1743 1416 1818 τολμῆσαι,
1443 1740 1585 1811 ὅστις
1616 1743 1727 1802 νυνὶ
1765 1748 1861 1824 οὐχ
1890 1743 2078 1824 ἑτέρων

517 1828 681 1888 ὄντων
703 1832 808 1888 τῶν
842 1830 1124 1905 δικαστῶν,
1158 1831 1273 1888 ἀλλ’
1302 1832 1474 1890 αὐτῶν
1497 1835 1600 1891 τῶν
1627 1835 1803 1901 κακῶς
1824 1831 2076 1892 πεπονθό-

521 1939 646 1990 των,
673 1916 790 1989 ἥκει
815 1915 1268 1995 ἀπολογησόμενος
1295 1916 1424 1999 πρὸς
1455 1917 1638 1984 αὐτοὺς
1666 1917 1785 1987 τοὺς
1812 1919 2079 2002 μάρτυρας

519 2008 614 2075 τῆς
639 2003 827 2064 τούτου
845 2002 1121 2084 πονηρίας·
1148 2010 1392 2067 τοσοῦτον
1429 2007 1473 2065 δ’
1500 2010 1644 2085 ὑμῶν
1671 2009 2078 2090 καταπεφρόνη-

475 2166 482 2173 .
521 2114 609 2151 κεν
631 2089 869 2172 ἢέτέροις
896 2091 1257 2156 πεπίστευκεν.
1345 2096 1438 2173 (85)
1459 2084 1566 2155 'nv
1601 2096 1908 2179 ἀμφοτέρων
1936 2096 2077 2165 ἄξιον

470 2194 497 2233 ο
523 2180 918 2255 ἐπιμεληθῆναι,
935 2180 1338 2259 ἐνθυμουμένους
1353 2182 1432 2241 ὅτι
1445 2181 1554 2243 οὔτ’
1570 2182 1633 2242 ἂν
1649 2187 1820 2246 ἐκεῖνα
1833 2183 2078 2245 ἐδύναντο

521 2270 687 2326 ποιεῖν
719 2265 795 2342 μὴ
834 2268 1022 2347 ἑτέρων
1053 2268 1492 2349 συμπραττόντων
1527 2270 1632 2331 οὔτ’
1659 2268 1724 2330 ἂν
1751 2276 1841 2330 νῦν
1872 2269 2075 2351 ἐπεχεί·

527 2377 694 2437 ρησαν
721 2356 884 2414 ἐλθεῖν
923 2354 998 2433 μὴ
1025 2355 1124 2433 {siro
1141 2360 1248 2416 τῶν
1273 2359 1444 2417 αὐτῶν
1472 2358 1697 2437 οἰόμενοι
1723 2358 2078 2433 σωθήσεσθαι,

525 2440 576 2501 οἳ
625 2444 683 2501 οὔ
727 2442 928 2511 τούτοις
966 2444 1151 2517 ἥκουσι
1191 2445 1540 2545 βοηθήσοντες
1557 2494 1574 2522 ,
1619 2446 1756 2506 ἀλλὰ
1799 2446 2079 2526 ἡγούμενοι

524 2520 726 2593 πολλὴν
760 2522 938 2582 ἄδειαν
975 2523 1148 2605 σφίσιν
1185 2532 1393 2585 εσεσθαι
1433 2529 1536 2585 τῶν
1568 2528 1953 2608 πεπραγμένων
1989 2526 2080 2585 καὶ

521 2615 614 2671 τοῦ
636 2613 817 2671 λοιποῦ
849 2622 1013 2673 ποιεῖν
1043 2613 1074 2671 ὅ
1093 2638 1145 2674 τι
1171 2612 1234 2674 ἂν
1266 2614 1582 2695 βούλωνται,
1605 2619 1650 2676 εἰ
1667 2614 1785 2684 τοὺς
1809 2615 2076 2697 μεγίστων

523 2702 701 2759 κακῶν
730 2698 924 2767 αἰτίους
949 2700 1196 2769 λαὸόντες
1224 2702 1468 2783 ἀφήσετε.

603 2806 676 2847 88.
711 2786 871 2847 'Ain
896 2787 987 2846 καὶ
1017 2792 1122 2849 τῶν
1153 2788 1492 2871 ξυνερούντων
1524 2793 1694 2861 αὐτοῖς
1717 2792 1854 2862 ἄξιον
1883 2795 2081 2872 θαυμά-

525 2878 650 2949 ζειν,
677 2874 892 2955 πότερον
909 2878 978 2943 ὥς
999 2876 1152 2936 καλοὶ
1169 2878 1389 2958 κάγαθοὶ
1412 2878 1716 2952 αἰτήσονται
1736 2927 1752 2958 ,
1778 2880 1876 2955 τὴν
1907 2885 2079 2944 αὑτῶν

448 2985 498 3022 ιο
527 2960 715 3044 ἀρετὴν
744 2961 978 3031 πλείονος
1005 2962 1154 3033 ἀξίαν
1192 2965 1571 3047 ἀποφαίνοντες
1590 2972 1684 3041 τῆς
1713 2968 1961 3051 [τούτων]
1982 2994 2077 3031 πο·

522 3048 732 3129 νηρίας·
788 3049 1078 3129 ἐὸουλόμην
1131 3050 1324 3129 μέντᾶν
1381 3054 1566 3122 αὐτοὺς
1613 3054 1750 3117 οὕτω
1785 3059 2081 3139 προθύμους

524 3128 658 3197 εἶναι
683 3137 863 3207 σώζειν
899 3138 996 3211 τὴν
1023 3140 1195 3215 πόλιν,
1219 3140 1398 3223 ὥσπερ
1433 3133 1572 3203 οὗτοι
1601 3144 1888 3206 ἀπολλύναι
1904 3170 1919 3185 ·
1950 3145 1984 3218 ἢ
2011 3150 2081 3216 ὧς

524 3224 680 3285 δεινοὶ
706 3225 877 3304 λέγειν
905 3227 1324 3309 ἀπολογήσονται
1363 3230 1454 3290 καὶ
1477 3229 1545 3290 τὰ
1571 3231 1767 3292 τούτων
1791 3234 1920 3315 ἔργα
1943 3238 2081 3295 πολ-

525 3314 622 3373 λοῦ
656 3312 776 3382 ἄξια
797 3316 1170 3394 ἀποφανοῦσιν.
1195 3315 1332 3377 Ἀλλ’
1352 3320 1453 3397 οὔχ
1477 3317 1607 3400 ὑπὲρ
1629 3323 1776 3397 ὑμῶν
1797 3322 1962 3391 οὐδεὶς
1990 3324 2081 3382 αὖ·

523 3402 628 3459 τῶν
652 3399 768 3459 οὐδὲ
791 3399 858 3459 τὰ
877 3400 1054 3461 δίκαια
1073 3400 1288 3463 πώποτε
1312 3404 1650 3485 ἐπεχείρησεν
1679 3410 1863 3469 εἰπεῖν.

607 3504 677 3548 87.
705 3485 864 3547 Ἀλλὰ
885 3486 1004 3555 τοὺς
1025 3488 1295 3571 μάρτυρας
1321 3490 1462 3560 ἄξιον
1485 3494 1630 3569 ἰδεῖν,
1663 3494 1714 3555 οἰ
1731 3494 1928 3565 τούτοις
1945 3521 2083 3578 μαρ-

447 3598 498 3639 15
527 3579 800 3657 τυροῦντες
845 3579 1016 3636 αὑτῶν
1059 3585 1444 3659 κατηγοροῦσι,
1485 3582 1684 3664 σφόδρα
1727 3585 2084 3660 ἐπιλήσμονας

525 3662 617 3723 καὶ
640 3662 834 3735 εὐήθεις
855 3664 1146 3742 νομίζοντες
1175 3668 1309 3743 ὑμᾶς
1326 3658 1459 3728 εἶναι
1472 3716 1489 3743 ,
1512 3673 1558 3729 εἷ
1588 3671 1670 3730 διὰ
1710 3671 1804 3750 μὲν
1831 3680 1922 3733 τοῦ
1946 3678 2086 3752 ὑμε-

522 3748 675 3830 τέρου
697 3750 926 3824 πλήθους
949 3753 1113 3820 ἀδεῶς
1137 3757 1388 3831 ἡγοῦνται
1423 3755 1541 3826 τοὺς
1571 3758 1848 3841 τριάκοντα
1878 3761 2085 3838 σώσειν,

525 3834 612 3896 διὰ
631 3836 686 3897 δὲ
707 3838 1089 3918 Ἐρατοσθένην
1115 3841 1344 3910 καὶτοὺς
1366 3842 1720 3924 συνάρχοντας
1741 3850 1897 3907 αὐτοῦ
1921 3848 2085 3909 δεινὸν

525 3914 591 3996 ἦν
615 3923 702 3983 καὶ
725 3928 829 3985 τῶν
849 3926 1141 3987 τεθνεώτων
1165 3928 1248 3987 ἐπ’
1267 3930 1488 4013 ἐκφορὰν
1510 3934 1697 3995 ἐλθεῖν.
1779 3936 1869 4015 (ss)
1897 3935 2087 3998 Καίτοι

527 4003 681 4071 οὗτοι.
695 4010 788 4091 μὲν
817 4013 1062 4082 σωθέντες
1085 4016 1245 4075 πάλιν
1272 4017 1336 4077 ἂν
1374 4018 1612 4079 δύναιντο
1639 4020 1736 4093 τὴν
1759 4022 1912 4084 πόλιν
1952 4026 2085 4085 ἀπο·

527 4098 704 4159 λίσαι·
733 4102 920 4161 ἐκεῖνοι
945 4102 1030 4178 δέ,
1069 4102 1155 4171 οὓς
1185 4096 1326 4165 οὗτοι
1362 4106 1658 4184 ἀπώλεσαν,
1685 4112 2088 4185 τελευτήσαντες

525 4186 614 4247 τὸν
644 4186 755 4267 βίον
781 4188 943 4270 πέρας
971 4188 1150 4273 ἔχουσι
1171 4197 1266 4265 τῆς
1287 4192 1433 4275 παρὰ
1455 4199 1557 4257 τῶν
1591 4200 1789 4279 ἐχθρῶν
1813 4202 2086 4285 τιμωρίας.

450 4294 503 4334 w
526 4276 645 4335 Οὔκ
670 4267 759 4335 οῦν
788 4277 952 4337 δεινὸν
991 4280 1036 4337 εἰ
1055 4284 1161 4341 τῶν
1193 4282 1288 4359 μὲν
1326 4282 1518 4352 ἀδίκως
1545 4286 1836 4349 τεθνεώτων
1865 4294 1912 4350 οἱ
1950 4292 2088 4375 φίλοι

527 4360 956 4438 συναπώλλυντο,
980 4367 1155 4435 αὐτοῖς
1174 4367 1229 4428 δὲ
1247 4370 1351 4438 τοῖς
1368 4369 1462 4443 τὴν
1494 4372 1643 4433 πόλιν
1667 4378 1984 4438 ἀπολέσασιν
2004 4384 2088 4440 ἐπ’

527 4447 748 4532 ἐκφορὰν
778 4452 962 4513 πολλοὶ
987 4453 1216 4530 ἥξουσιν,
1245 4458 1400 4518 ὁπότε
1423 4464 1627 4540 βοηθεῖν
1649 4471 1884 4526 τοσοῦτοι
1909 4492 1987 4527 πα
2025 4495 2085 4530 α-

528 4538 902 4615 σκευάζονταις
928 4541 1018 4621 (8⁹)
1042 4543 1152 4603 Καὶ
1173 4544 1270 4623 μὲν
1294 4545 1355 4618 δὴ
1371 4549 1504 4607 πολὺ
1525 4550 1698 4632 ῥᾴδιον
1710 4556 1941 4632 ἡγοῦμαι
1956 4492 2087 4619 siem

526 4618 658 4705 ὑπὲρ
680 4616 752 4684 ὧν
773 4629 917 4705 ὑμεῖς
943 4629 1200 4712 ἐπάσχετε
1225 4634 1502 4712 ἀντειπεῖν,
1527 4635 1563 4709 ἢ
1593 4638 1720 4719 ὑπὲρ
1741 4631 1815 4701 ὧν
1837 4634 1973 4703 οὗτοι
1995 4670 2087 4705 πε-

524 4712 806 4784 ποιήκασιν
830 4718 1276 4797 ἀπολογήσασθαι.
1309 4722 1496 4784 Καίτοι
1513 4723 1749 4805 λέγουσιν
1772 4732 1841 4797 ὣς
1859 4729 2085 4812 Ἐρατο-

525 4799 694 4861 σθένει
721 4802 976 4884 ἐλάχιστα
997 4810 1098 4868 τῶν
1113 4808 1392 4889 τριάκοντα
1415 4810 1556 4872 κακὰ
1574 4814 1864 4896 εἴργασται,
1889 4820 1980 4880 καὶ
1999 4822 2085 4881 διὰ

524 4892 676 4948 τοῦτο
692 4890 845 4951 αὐτὸν
856 4891 1050 4961 ἀξιοῦσι
1071 4900 1317 4970 σωθῆναι·
1335 4896 1415 4960 ὅτι
1437 4900 1491 4960 δε
1508 4904 1612 4961 τῶν
1625 4903 1798 4965 ἄλλων
1814 4906 2083 4982 Ἑλλήνων

451 4995 503 5034 2⁵
526 4976 749 5035 πλεῖστα
769 4980 843 5046 εἰς
865 4982 1003 5059 ὑμᾶς
1032 4980 1408 5065 ἐξημάρτηκεν,
1438 4988 1532 5046 οὔκ
1555 4988 1749 5051 οἴονται
1773 4997 1967 5075 χρῆναι
1989 5000 2081 5057 αὖ·

524 5061 613 5121 τὸν
637 5065 940 5157 ἀπολέσθαι.
1003 5070 1093 5150 (90)
1123 5070 1311 5149 εΥμ.εἷς
1339 5074 1393 5134 δὲ
1435 5074 1630 5146 δείξατε
1658 5078 1838 5152 ἥντινα
1868 5082 2081 5165 γνώμην

526 5147 676 5229 ἔχετε
715 5155 958 5238 περὶτῶν
979 5158 1323 5239 πραγμάτων.
1409 5166 1478 5226 Εἰ
1515 5164 1609 5244 μὲν
1640 5168 1742 5252 γὰρ
1769 5171 1953 5235 τούτου
1981 5200 2081 5236 κα·-

523 5242 863 5323 ταψηφιεῑσθε
909 5246 1057 5305 δῆλοι
1076 5245 1254 5308 ἔσεσθε
1275 5254 1344 5319 ὣς
1378 5254 1698 5333 ὀργιζόμενοι
1723 5268 1830 5331 τοῖς
1868 5286 2081 5349 πεπρα-

1473 462 1758 531 ΛΥΣῙΟΥ
1819 470 1869 529 Ο
1915 464 2112 529 ΚΑΤΑ
2147 462 2785 530 ΕΡΑΤΟΣΘΕΝΟΥΣ.

2160 606 2321 654 autem
2356 616 2469 654 enm
2510 604 2717 654 civitatis
2768 602 3068 655 eversoribus
3107 602 3214 665 iure
3252 602 3399 667 agitis
3412 637 3432 667 ‚
3468 618 3501 655 a
3531 608 3693 667 quibus

2162 705 2320 755 neque
2346 692 2385 743 si
2411 694 2589 756 praeter
2616 692 2698 755 ius
2727 704 2867 756 agere
2892 692 3163 755 volueritis,
3192 704 3362 756 poems
3382 692 3568 755 possitis
3586 708 3699 757 repe-

2160 782 2263 831 tere
2284 780 2340 830 iis
2370 780 2537 843 dignas
2566 793 2680 844 quae
2700 778 2750 829 in
2781 779 3027 831 etvitatem
3054 780 3334 843 peccarunt.
3367 781 3476 838 Quo
3496 781 3617 832 enim
3637 785 3701 833 al-

2163 868 2276 918 feeti
2306 867 2540 931 supplicio
2571 882 2738 933 poeuas
2776 868 2916 919 saetis
2951 867 3163 932 aequales
3201 870 3351 919 erunt
3390 868 3578 919 daturi?
3615 870 3701 935 (83)

2162 957 2426 1019 Utrumne,
2462 957 2500 1007 si
2535 956 2664 1020 ipsos
2684 956 2996 1021 ipsorumque
3021 956 3199 1007 liberos
3232 956 3597 1021 interfeceritis,
3632 973 3706 1010 nos

2158 1043 2313 1106 iustas
2345 1044 2491 1096 caedis
2525 1058 2690 1109 poenas
2719 1046 2960 1109 sumpturi
2995 1044 3204 1106 erimus,
3234 1058 3452 1108 quorum
3480 1050 3707 1108 parentes,

2164 1131 2289 1183 filios
2305 1133 2568 1197 fratresque
2581 1133 2659 1183 isti
2672 1170 2688 1195 ‚
2701 1132 2881 1183 indicta
2898 1145 3069 1195 eausa,
3091 1132 3474 1183 interfecerunt?
3494 1134 3711 1187 Utrumne

2168 1220 2209 1270 si
2228 1219 2370 1271 villas
2398 1220 2615 1284 ipsorum
2643 1226 2693 1271 et
2714 1219 2883 1272 domos
2908 1220 3025 1271 tiseo
3047 1219 3421 1283 adjudicamus,
3439 1221 3553 1271 satis
3574 1222 3617 1270 id
3632 1224 3711 1272 erit

2166 1307 2247 1358 vel
2281 1307 2559 1373 reipublicae
2582 1313 2721 1371 eujus
2746 1309 2825 1359 isti
2848 1308 3056 1372 plurima
3076 1308 3414 1372 diripuerunt,
3436 1308 3513 1359 vel
3536 1311 3711 1372 privatis

2165 1408 2373 1460 quorum
2400 1396 2529 1449 sedes
2553 1398 2861 1461 expilarunt?
2898 1398 2995 1461 (84)
3029 1401 3194 1455 Quum
3220 1396 3386 1460 igitur,
3404 1396 3633 1461 qunquid
3646 1412 3712 1449 eo-

2168 1484 2378 1547 nemini,
2413 1484 2534 1537 istos
2564 1485 2699 1536 nullo
2722 1486 2839 1535 satis
2868 1484 2999 1547 gravi
3022 1484 3257 1549 supplicio
3276 1484 3473 1548 possitis
3499 1485 3713 1549 plectere,

2170 1574 2255 1635 qut
2286 1584 2383 1622 non
2406 1572 2545 1627 vobis
2566 1574 2708 1635 turpe
2741 1572 2806 1623 sit
2834 1572 2955 1623 illud
2980 1572 3205 1623 omittere
3224 1584 3539 1635 quocumque
3564 1573 3713 1623 saltem

2166 1657 2277 1721 quis
2306 1670 2390 1707 eos
2410 1656 2601 1708 afficere
2628 1658 2777 1711 velit?
2802 1661 2847 1709 Is
2875 1660 3040 1709 autem
3058 1658 3177 1709 mibi
3204 1658 3405 1709 videtur
3420 1660 3714 1722 paratusesse

2168 1743 2233 1794 ad
2248 1758 2395 1795 omne
2418 1744 2725 1808 audendum,
2754 1746 2867 1810 qui,
2892 1760 3043 1810 quum
3080 1746 3227 1797 iidem
3252 1746 3450 1809 iudices
3473 1746 3659 1801 sedeant
3672 1752 3711 1797 et

2168 1832 2393 1896 injuriam
2418 1832 2732 1895 pertulerint,
2750 1832 2814 1884 nd
2829 1846 2881 1884 se
2905 1832 3259 1887 defendendum
3277 1833 3485 1898 prodeat
3500 1846 3653 1889 eoram
3670 1836 3713 1884 iis

2168 1920 2255 1983 qui
2274 1932 2379 1969 suae
2412 1920 2562 1983 ipsius
2585 1920 2903 1984 improbitatis
2932 1922 3079 1973 testes
3100 1924 3215 1972 sunt
3229 1958 3245 1985 ,
3282 1925 3337 1973 et
3352 1935 3415 1973 eo
3432 1936 3584 1985 usque
3606 1936 3709 1973 con·

2170 2008 2357 2057 temnat
2378 2019 2468 2058 vos
2488 2008 2577 2059 aut
2605 2008 2817 2060 confidat
2840 2010 3046 2059 aliorum
3078 2010 3319 2073 praesidio.
3386 2009 3487 2075 (85)
3516 2014 3714 2070 Quorum

2172 2095 2425 2158 utriusque
2441 2096 2678 2147 rationem
2707 2108 2797 2147 vos
2816 2096 2995 2147 babere
3020 2097 3187 2160 decet,
3208 2097 3481 2161 cogitantes
3509 2098 3711 2149 nimirum

2171 2182 2275 2233 rore
2298 2184 2354 2232 ut
2375 2182 2456 2233 isti
2484 2196 2643 2247 neque
2670 2184 2785 2234 talia
2812 2184 3062 2248 potuerint
3096 2184 3329 2247 perticere
3358 2184 3454 2234 nisi
3484 2183 3627 2247 adjuti
3655 2186 3707 2235 ab

2170 2269 2276 2320 aliis
2289 2307 2305 2333 ,
2332 2284 2495 2335 neque
2516 2284 2648 2322 nune
2665 2272 2885 2323 venirent
2900 2271 2961 2322 ad
2983 2285 3177 2322 eausam
3200 2271 3488 2335 dicendam,
3506 2271 3601 2333 [nisi
3623 2285 3715 2335 spe-

2172 2360 2335 2408 rarent
2367 2372 2421 2409 se
2466 2372 2551 2423 per
2588 2358 2779 2410 eosdem
2812 2361 3059 2412 servatum
3108 2360 3185 2410 iri.
3250 2360 3355 2419 Qui
3384 2372 3517 2409 nune
3560 2359 3713 2410 adsunt

2172 2458 2272 2497 non
2291 2447 2394 2497 tam
2411 2447 2515 2499 istis
2531 2448 2836 2515 auxiliaturi„
2854 2462 3003 2513 quain
3024 2448 3359 2500 existimantes
3376 2462 3542 2500 eorum
3560 2454 3606 2500 et
3620 2462 3715 2513 quae

2172 2534 2290 2585 olim
2330 2534 2627 2587 admisemnt
2673 2539 2724 2587 et
2761 2550 2875 2601 quae
2912 2537 2963 2587 in
3001 2540 3247 2601 posterum
3284 2536 3545 2587 admissuri
3593 2540 3713 2599 sunt,

2168 2620 2431 2677 maximam
2454 2628 2567 2692 ipsis
2596 2629 2932 2693 impunitatem
2958 2631 3085 2695 rore,
3106 2632 3145 2683 si
3164 2631 3493 2684 maximorum
3504 2632 3715 2683 scelerum

2168 2714 2390 2765 auctores
2400 2716 2531 2766 nacti
2551 2716 2839 2768 dimiseritis.

2232 2806 2309 2852 86.
2330 2802 2427 2853 sed
2446 2805 2495 2854 et
2512 2816 2595 2855 eos
2613 2804 2698 2867 qui
2727 2818 2813 2869 pro
2832 2806 2935 2856 istis
2952 2820 3147 2859 cauam
3168 2808 3333 2859 dieent
3350 2810 3519 2859 mirari
3536 2822 3709 2871 aequum

2167 2880 2259 2942 est,
2278 2882 2445 2932 utrum
2458 2882 2643 2932 utboni
2657 2883 2787 2934 cives
2802 2885 2855 2934 et
2870 2885 3054 2935 suenus
3072 2886 3190 2937 istos
3210 2886 3303 2937 sibi
3318 2874 3576 2937 condonari
3596 2900 3711 2949 roga-

2168 2957 2269 3007 turi
2284 2958 2399 3019 siut,
2422 2958 2728 3011 ostendentes
2738 2974 2875 3011 suam
2890 2962 3101 3025 ipsorum
3112 2963 3345 3015 virtutem
3375 2963 3711 3029 improbitatem

2168 3035 2371 3088 istorum
2392 3052 2643 3103 superare5
2680 3039 2905 3109 equidem
2934 3041 3081 3092 velim
3103 3042 3193 3093 bos
3222 3044 3288 3094 ita
3326 3045 3512 3095 alaeres
3536 3056 3633 3093 esse
3656 3043 3707 3092 ad

2170 3114 2419 3167 civitatem
2446 3118 2757 3182 servandam,
2794 3122 2851 3170 ut
2882 3120 2959 3171 isti
2986 3121 3185 3172 suerunt
3206 3122 3269 3173 nd
3300 3122 3623 3187 perdendam:
3658 3136 3708 3173 en

2168 3190 2492 3246 defensionem
2536 3197 2891 3260 comparaturi,
2930 3200 2987 3249 ut
3038 3200 3317 3264 eloquentia
3366 3203 3572 3252 maxima
3612 3215 3712 3265 prm-

2169 3268 2287 3335 diti,
2307 3271 2605 3337 istorumque
2641 3288 2718 3325 res
2734 3278 2888 3339 gestas
2904 3276 3179 3341 reipublicae
3202 3280 3348 3329 utiles
3376 3281 3519 3331 misse
3534 3279 3709 3329 demon-

2170 3350 2387 3400 straturi.
2420 3352 2483 3401 At
2504 3351 2679 3403 horum
2711 3366 2854 3403 nemo
2884 3366 3099 3418 unquam
3117 3369 3205 3419 pro
3235 3357 3380 3410 vobis
3406 3358 3604 3420 nejusta
3620 3358 3709 3419 qui-

2174 3426 2288 3477 dem
2304 3426 2557 3479 defendere
2572 3430 2796 3493 suscepit.

2248 3508 2327 3556 87.
2350 3508 2526 3555 Verum
2554 3506 2699 3556 etiam
2724 3509 2873 3558 testes
2888 3510 3206 3573 contemplari
3223 3524 3381 3574 operae
3405 3512 3603 3576 pretium
3627 3512 3709 3573 est,

2172 3592 2329 3657 quise
2350 3594 2477 3656 ipsos
2500 3598 2729 3647 accusant
2748 3594 2867 3647 dum
2884 3597 3001 3647 istos
3022 3600 3305 3650 testimoniis
3333 3601 3439 3652 suis
3454 3602 3708 3665 protegunt,

2172 3695 2261 3733 vos
2282 3683 2510 3734 nimirum
2526 3684 2745 3736 arbitrati
2762 3686 2985 3739 soeordes
3009 3702 3111 3741 esse
3128 3692 3179 3741 et
3194 3690 3482 3757 obliviosos,
3508 3692 3546 3743 si
3566 3692 3707 3743 existi-

2176 3779 2310 3828 ment
2332 3792 2384 3828 se
2409 3778 2512 3829 sine
2523 3780 2737 3842 periculo
2762 3794 2848 3844 per
2869 3783 3100 3847 populum
3124 3786 3340 3837 vestrum
3356 3800 3499 3851 posse
3514 3786 3707 3848 triginta·

2178 3864 2305 3917 viros
2322 3880 2513 3917 servare
2527 3904 2544 3931 ,
2564 3881 2717 3931 quum
2734 3882 2821 3933 per
2837 3872 3201 3923 Eratosthenem
3228 3873 3430 3938 ejusque
3442 3874 3587 3926 socios
3601 3874 3703 3937 peri·

2178 3958 2342 4009 eulum
2382 3963 2506 4013 esset
2539 3963 2902 4017 interfectorum
2936 3970 3107 4021 funera
3135 3975 3373 4036 prosequi.
3450 3974 3545 4038 (88)
3572 3975 3706 4035 Atque

2176 4044 2441 4097 istiusmodi
2470 4049 2512 4099 si
2542 4053 2808 4116 serventur,
2829 4068 2995 4107 rursus
3016 4060 3360 4122 rempublicam
3385 4063 3561 4125 possint
3588 4060 3702 4109 labe-

2178 4134 2355 4186 factare
2377 4151 2391 4186 :
2415 4136 2486 4187 illi
2506 4139 2673 4193 autem
2691 4154 2815 4204 quos
2828 4142 2923 4206 ipsi
2954 4146 3233 4197 oeciderunt
3248 4186 3263 4211 ,
3293 4148 3392 4199 vita
3408 4148 3608 4201 deuincti
3622 4160 3703 4197 non

2177 4225 2376 4285 possunt
2401 4225 2608 4289 amplius
2638 4228 2699 4278 ab
2730 4228 2935 4283 inimicis
2966 4246 3131 4296 peenas
3166 4248 3440 4299 exposcere.
3503 4236 3701 4289 Gravissi-

2180 4324 2317 4363 mum
2334 4312 2479 4377 igitur
2493 4316 2564 4365 est
2580 4314 2620 4365 si
2636 4352 2653 4379 ,
2671 4330 2822 4381 quum
2842 4318 3015 4381 iniuste
3027 4322 3421 4387 interemptorum
3440 4325 3573 4376 amici
3594 4336 3700 4386 quo·

2176 4412 2273 4462 que
2293 4399 2699 4467 interimerentur,
2726 4406 2868 4457 multi
2884 4420 2999 4459 sane
3020 4410 3083 4460 ad
3105 4424 3272 4463 eorum
3302 4414 3471 4466 funera
3494 4412 3699 4479 prodeant

2174 4486 2261 4549 qui
2292 4486 2461 4539 urbem
2500 4490 2842 4557 perdiderunt,
2870 4497 3259 4562 quandoquidem
3288 4503 3363 4552 tot
3387 4516 3517 4554 nune
3550 4500 3699 4551 adsunt

2176 4572 2292 4635 ipsis
2308 4576 2608 4631 auxiliaturi.
2652 4579 2751 4644 (89)
2780 4585 3012 4635 Ceterum
3030 4588 3186 4638 multo
3200 4589 3387 4642 facilius
3404 4604 3505 4643 esse
3520 4589 3699 4641 arbitmr

2174 4660 2292 4711 istos
2308 4676 2537 4715 accusare
2562 4666 2623 4717 de
2644 4668 2705 4719 iis
2719 4683 2832 4734 quoe
2847 4684 2934 4723 vos
2957 4675 3081 4738 passi
3108 4676 3221 4727 estis
3234 4714 3251 4740 ‚
3269 4692 3415 4741 quam
3434 4678 3611 4731 eosdem
3626 4676 3696 4727 de-

2177 4748 2374 4801 fendere
2390 4750 2451 4803 de
2468 4752 2529 4804 iis
2551 4768 2664 4818 quae
2688 4756 2777 4821 ipsi
2794 4763 3146 4824 perpetrarunt.
3180 4766 3405 4817 Attamen
3424 4766 3584 4819 dicunt
3602 4768 3698 4815 Era·

2174 4838 2441 4891 tostbenem
2466 4854 2493 4892 e
2518 4842 2827 4907 trigintaviris
2846 4861 2997 4899 unum
3022 4852 3222 4904 minime
3247 4867 3492 4918 peeeasse,
3517 4853 3694 4914 id⁴³0⁴i¹¹e

2173 4936 2370 4989 aequum
2392 4932 2589 4981 censent
2608 4933 2663 4981 ut
2688 4932 2729 4983 is
2744 4938 2979 4989 servetur.
3008 4940 3149 4997 Quod
3168 4954 3283 4992 vero
3300 4946 3563 4994 ceterorum
3574 4942 3693 4991 Grae·

2172 5026 2337 5065 eorum
2359 5016 2567 5080 plurima
2585 5019 2635 5069 in
2652 5033 2741 5072 vos
2756 5021 3042 5090 deliquerit,
3061 5040 3159 5079 non
3175 5028 3283 5081 ideo
3296 5031 3579 5083 arbitrantur
3596 5038 3689 5078 eum

2170 5104 2330 5154 morte
2360 5104 2507 5167 plecti
2543 5105 2737 5160 debere.
2806 5111 2908 5176 (90)
2937 5116 3038 5166 Vos
3068 5119 3235 5169 autem
3264 5120 3366 5184 jam
3390 5121 3544 5185 palam
3568 5116 3691 5167 facite

2168 5190 2389 5254 quisnam
2420 5192 2485 5245 sit
2510 5198 2673 5247 vester
2702 5198 2767 5249 de
2798 5199 2874 5252 bis
2908 5202 3053 5255 rebus
3094 5207 3301 5260 animus·
3366 5211 3487 5261 Nam
3514 5207 3551 5257 si
3578 5205 3688 5255 hunc

2170 5276 2415 5333 bominem
2436 5283 2585 5334 morti
2614 5283 3001 5348 adiudicat-eritis
3011 5326 3028 5355 ‚
3050 5294 3353 5346 manifestum
3380 5296 3472 5347 erit
3486 5290 3600 5360 qnod
3616 5289 3689 5338 ¹¹⁸⁸
