3825 5842
137 439 360 523 (πυ-κο)

793 586 900 647 x1.

76 748 140 805 119
414 726 616 789 ΚΑΤΑ
655 722 1180 785 ΘΕΟΜΝΗΣΤΟΥ
1219 725 1286 785 Β.

193 862 298 923 Ὀτι
322 855 408 937 μὲν
431 852 516 912 τὸν
539 851 744 932 πατέρα
769 852 827 930 μ’
854 848 1076 929 ἔφασκεν
1103 849 1469 927 ἀπεκτονέναι,
1495 854 1627 913 πολ·

98 980 116 1016 ⁶
135 950 194 1011 λοὶ
217 945 471 1007 συνοίδασιν
491 941 654 1016 ὑμῶν,
677 936 770 997 καὶ
805 942 1124 1019 μαρτυροῦσι
1151 938 1210 999 δέ
1237 962 1344 1018 μοι’
1372 941 1453 1001 ὅτι
1486 940 1541 1000 δὲ
1568 943 1627 1000 οὗ

135 1035 345 1106 πεποίηκα
361 1074 377 1104 ,
403 1027 490 1100 ἔτη
515 1025 616 1106 γάρ
652 1024 767 1085 ἐστί
792 1048 881 1104 μοι
909 1027 1000 1085 δύο
1031 1026 1122 1086 καὶ
1149 1026 1463 1109 τριάκοντα,
1492 1028 1542 1098 ἐξ
1569 1020 1629 1088 οὗ

137 1127 170 1183 δ’
193 1128 312 1201 ὑμεῖς
323 1116 624 1193 κατήλθετε,
654 1113 884 1173 εἰκοστὸν
901 1114 1068 1173 τουτί.
1155 1116 1216 1195 (2)
1233 1114 1520 1194 ’Φαίνομαι
1541 1106 1629 1176 οὗν

136 1207 398 1278 δωδεκαέτης
428 1200 517 1276 ὦν,
547 1200 632 1261 ὅτε
659 1205 687 1260 ὃ
713 1201 888 1283 πατὴρ
917 1202 1018 1262 ὑπὸ
1047 1206 1150 1262 τῶν
1188 1202 1466 1283 τριάκοντα
1497 1203 1630 1264 ἀπέ-

137 1308 324 1370 θνησκεν,
351 1291 468 1352 ὥστ’
500 1290 606 1351 οὔδ’
645 1289 680 1349 ὅ
710 1315 760 1350 τι
801 1290 1080 1372 ὀλιγαρχία
1123 1282 1186 1365 ἦν
1219 1291 1384 1373 ᾔδειν,
1413 1290 1528 1353 οὖδὲ
1555 1297 1630 1373 τῷ

136 1386 257 1467 πατρὶ
292 1382 476 1463 βοηθεῖν
511 1369 614 1447 οἶός
644 1380 693 1439 τ’
717 1370 805 1452 ἦν.
887 1379 1045 1440 Ἀλλὰ
1077 1378 1183 1459 μὴν
1211 1380 1326 1441 οὐδὲ
1363 1385 1465 1441 τῶν
1497 1404 1628 1462 χρη·

85 1500 119 1537 ιο
138 1476 276 1553 μάτων
311 1469 448 1529 ἕνεκα
484 1464 840 1528 ἔπεὸούλευσα
878 1470 1036 1549 αὐτῷ·
1077 1472 1106 1529 ὁ
1145 1467 1246 1549 γὰρ
1283 1468 1632 1551 πρεσὸύτερος

134 1560 304 1643 ἀδελφὸς
321 1557 480 1617 πάντα
499 1552 682 1615 λαθὼν
701 1554 1053 1637 ἀπεστέρησεν
1074 1560 1234 1635 ἡμᾶς.

191 1672 230 1711 3.
260 1646 400 1712 Ἴσως
419 1645 464 1703 δ’
491 1644 601 1723 ἐρεῖ
641 1646 712 1711 ὣς
750 1644 845 1702 οὐκ
878 1643 991 1703 ἔστι
1028 1647 1135 1703 τῶν
1180 1644 1511 1725 ἀπορρήτων,
1542 1646 1631 1705 ἐάν

131 1762 190 1803 τις
203 1740 260 1817 φῇ
277 1734 352 1792 τὸν
375 1728 572 1808 πατέρα
599 1730 964 1789 ἀπεκτονέναι·
989 1730 1078 1790 τὸν
1097 1730 1199 1813 γὰρ
1221 1730 1378 1808 νόμον
1401 1734 1461 1792 οὐ
1484 1734 1630 1792 ταῦτ’

133 1820 430 1901 ἀπαγορεύειν,
467 1817 582 1877 ἀλλ’
615 1817 925 1900 ἀνδροφόνον
956 1822 1051 1878 οὐκ
1087 1822 1178 1879 ἐᾶν
1215 1818 1401 1898 λέγειν.
1485 1819 1630 1899 Ἐγὼ

133 1913 166 1971 δ’
183 1903 300 1985 οἶμαι
323 1910 418 1967 δεῖν
444 1908 501 1966 οὗ
522 1905 650 1987 περὶ
673 1908 774 1965 τῶν
798 1906 1065 1985 ὀνομάτων
1093 1906 1458 1989 διαφέρεσθαι,
1495 1906 1633 1966 ἀλλὰ

131 2000 223 2077 περὶ
247 2000 323 2067 τῆς
344 1996 438 2053 τῶν
464 1992 630 2073 ἔργων
664 1994 922 2069 διανοίας,
955 1994 1046 2053 καὶ
1074 1992 1274 2061 πάντας
1315 1994 1506 2054 εἰδέναι
1547 1994 1627 2054 ὅτι

134 2088 274 2144 ὁπόσοι
302 2079 603 2141 ἀπεκτόνασί
653 2102 822 2154 τινας,
861 2080 952 2140 καὶ
973 2082 1274 2164 ἀνδροφόνοι
1313 2086 1416 2143 τῶν
1459 2084 1628 2142 αὗτῶν

81 2192 114 2231 ιι
133 2177 233 2245 εἶσι,
250 2170 327 2230 καὶ
339 2168 444 2229 ὅσοι
465 2168 772 2251 ἀνδροφόνοι
791 2168 926 2237 τινός
941 2216 958 2247 ,
981 2170 1070 2229 καὶ
1092 2170 1409 2231 ἀπεκτόνασι
1428 2176 1628 2231 τοῦτον.

136 2264 180 2337 (ι)
203 2260 324 2320 Πολὺ
349 2255 442 2337 γὰρ
469 2255 531 2316 διν
555 2255 712 2337 ἔργον
738 2256 820 2330 εἴη
846 2262 920 2339 τῷ
943 2258 1194 2340 νομοθέτῃ
1217 2258 1391 2319 πάντα
1417 2258 1631 2341 γράφειν

131 2348 180 2406 τὰ
206 2346 432 2424 ὀνόματα,
469 2343 568 2404 ὅσα
597 2343 698 2416 τὴν
726 2342 888 2417 αὐτὴν
924 2344 1144 2424 δύναμιν
1173 2344 1301 2426 ἔχει·
1337 2346 1476 2407 ἀλλὰ
1508 2347 1629 2429 περὶ
1661 2374 1668 2379 ·

133 2436 214 2501 ἑνὸς
228 2433 360 2492 εἰπὼν
385 2432 499 2513 περὶ
514 2430 735 2491 πάντων
759 2433 1040 2505 ἐδήλωσεν.
1123 2436 1205 2494 Οὔ
1223 2432 1326 2515 γὰρ
1349 2432 1516 2506 δήπου
1539 2432 1630 2493 ἐὰν

133 2522 202 2598 με’»
229 2542 290 2588 τις
311 2519 630 2599 πατραλοίαν
660 2516 696 2591 ἢ
735 2520 1057 2601 μητραλοίαν
1085 2523 1226 2602 καλῇ
1263 2544 1322 2580 σε
1335 2566 1353 2596 ,
1392 2520 1632 2589 ὑπόδικός

132 2613 251 2682 ἐστιν,
265 2607 342 2668 ἐὰν
359 2608 416 2667 δέ
427 2630 502 2675 τις
513 2602 616 2678 τὴν
635 2613 888 2667 τεκοῦσαν
911 2607 945 2680 ἢ
969 2608 1057 2667 τὸν
1077 2608 1402 2690 φυτεύσαντα
1422 2608 1631 2669 τύπτειν

131 2702 207 2777 φῇ,
242 2696 434 2773 ἀζήμιος
474 2695 654 2758 ἔσται.
736 2696 807 2774 (ο)
847 2696 960 2756 Καὶ
999 2694 1050 2753 εἴ
1083 2719 1157 2763 τις
1191 2694 1328 2755 εἴποι
1363 2694 1632 2777 ῥίψασπιν,

131 2789 252 2864 ἀθῷος
273 2784 422 2843 ἔσται·
443 2783 530 2842 τὸν
555 2782 670 2864 γὰρ
691 2783 868 2862 νόμον,
896 2782 987 2842 ἐάν
1012 2808 1088 2852 τις
1116 2782 1239 2865 εἴπῃ
1270 2783 1633 2858 ἀποὸεὸληκέ-

81 2893 190 2931 ιιι-αι
207 2870 283 2945 τὴν
305 2870 486 2931 ἀσπίδα
503 2916 521 2945 ,
549 2870 750 2949 ζημίαν
781 2870 1003 2945 τάττειν,
1033 2870 1150 2930 ἀλλ’
1178 2875 1271 2931 οὐκ
1298 2871 1362 2930 ἄν
1384 2896 1460 2941 τις
1488 2873 1635 2956 ῥῖψαι

133 2965 182 3039 φῇ
202 2958 351 3030 αὐτήν.
398 2959 636 3036 Ὁμοίως
661 2957 705 3018 δ’
727 2957 790 3019 διν
813 2958 1024 3019 καὶτῶν
1048 2960 1232 3019 ἕνδεκα
1256 2960 1523 3039 γενόμενος
1544 2964 1635 3021 οὔκ

131 3050 174 3107 ἂν
191 3046 411 3127 ἀπεδέχου
427 3046 512 3105 τὸν
535 3046 895 3126 ἀπαγόμενον,
915 3044 994 3106 ὅτι
1013 3046 1280 3125 θοίμάτιον
1304 3046 1402 3117 ἔξω
1425 3048 1635 3127 θέμενος

129 3135 154 3205 ἢ
181 3134 250 3193 τὸν
278 3134 606 3214 χιτωνίσκον,
641 3136 688 3193 εἰ
719 3134 794 3213 μὴ
829 3132 1137 3206 λωποδύτην
1166 3132 1448 3213 ὠνόμαζεν·
1529 3134 1635 3195 οὐδ’

128 3220 236 3289 εἴτις
253 3224 384 3280 παῖδ’
407 3221 588 3300 ἐξῆγεν
630 3225 702 3290 ὡς
726 3221 1159 3303 ἀνδραποδιστήν.
1247 3223 1311 3301 (ο)
1344 3222 1456 3281 Καὶ
1484 3222 1634 3292 αὐτὸς

128 3308 196 3385 μὲν
237 3308 444 3368 ἐδικάσω
492 3308 822 3391 κακηγορίας
861 3312 939 3390 τῷ
988 3310 1183 3368 εἰπόντι
1233 3331 1294 3368 σε
1343 3309 1492 3390 ῥῖψαι
1540 3308 1636 3383 τὴν

128 3394 296 3453 ἀσπίδα·
366 3396 536 3456 καίτοι
560 3400 621 3455 ἐν
655 3399 732 3477 τῷ
767 3394 914 3476 νόμῳ
945 3398 1004 3454 οὗ
1040 3394 1336 3476 γέγραπται
1353 3440 1369 3469 ,
1405 3398 1522 3456 ἀλλ’
1546 3400 1638 3457 ἐάν

125 3488 250 3565 τιςφῇ
265 3480 702 3556 ἀποὸεὸληκέναι.
785 3486 911 3551 Πῶς
933 3474 1022 3541 οὗν
1039 3485 1096 3543 οὗ
1119 3484 1304 3561 δεινόν,
1330 3483 1420 3544 ἐὰν
1439 3484 1535 3563 μέν
1561 3508 1638 3554 τις

79 3596 112 3635 ιι
128 3571 168 3629 σὲ
187 3572 304 3651 εἴπῃ,
317 3571 426 3639 τοὺς
444 3572 642 3651 νόμους
658 3570 1005 3651 ἐκλαμβάνειν
1027 3570 1187 3640 οὕτως
1203 3571 1381 3655 ὥσπερ
1399 3572 1500 3652 ἐγὼ
1528 3578 1638 3654 νῦν,

126 3660 189 3717 καὶ
207 3661 519 3741 τιμωρεῖσθαι
549 3660 676 3728 τοὺς
697 3658 940 3743 ἐχθρούς,
976 3660 1067 3719 ἐὰν
1097 3662 1144 3719 δ’
1167 3659 1318 3729 αὐτὸς
1341 3659 1518 3742 εἴπῃς,
1547 3663 1641 3721 οὐκ

129 3748 254 3815 ἀξιοῦν
273 3751 434 3807 δοῦναι
453 3748 642 3823 δίκην;
669 3750 732 3830 (7)
765 3748 1072 3820 Βοηθήσατε
1093 3740 1182 3809 οὗν
1203 3773 1310 3827 μοι,
1325 3748 1641 3829 ἐνθυμούμε-

127 3858 178 3894 νοι
196 3834 260 3895 ὅτι
277 3836 440 3913 μεῖζόν
461 3840 579 3897 ἐστι
598 3836 764 3897 κακὸν
786 3838 1050 3917 [ἀκοῦσαι]
1078 3838 1166 3897 τὸν
1189 3836 1392 3918 πατέρα
1416 3840 1640 3899 ἀπεκτο-

129 3922 228 3979 νέναι
245 3919 274 3993 ἢ
293 3921 384 3994 τὴν
410 3922 619 3983 ἀσπίδα
647 3927 813 4006 ῥῖψαι.
837 3923 984 4005 Ἐγὼ
1011 3930 1134 4005 γοῦν
1165 3924 1412 4003 δεξαίμην
1438 3924 1503 3986 ἂν
1532 3928 1640 3987 πά-

131 4030 196 4076 σας
211 4008 620 4083 ἀποὸεόληκέναι
642 4010 680 4083 ἢ
696 4010 940 4085 τοιαύτην
960 4010 1313 4093 γνώμηνκπερὶ
1331 4014 1420 4072 τὸν
1438 4013 1642 4095 πατέρα

129 4095 244 4175 ἔχειν.
315 4098 506 4159 Καίτοι
529 4118 595 4177 γε
636 4104 818 4160 τοῦτον
865 4099 959 4177 μὲν
1003 4097 1216 4181 ἑώρακα
1255 4107 1501 4162 ποιοῦντα
1516 4147 1532 4175 ,
1574 4106 1644 4171 ὡς

129 4182 190 4240 καὶ
210 4186 335 4261 ὑμεῖς
347 4184 490 4259 ἴστε,
509 4185 670 4255 αὐτὸς
689 4187 741 4245 δ’
762 4185 936 4247 ἔσωσα
963 4187 1058 4259 τὴν
1085 4188 1302 4251 ἀσπίδα.
1387 4190 1449 4268 (s)
1473 4188 1642 4251 Ὥστε

91 4268 188 4328 :ixi
201 4272 242 4329 τί
261 4274 348 4331 οὔκ
369 4272 434 4331 ἂν
459 4272 692 4351 λάὸοιμι
720 4272 869 4349 δίκην
899 4278 1026 4356 παρ’
1057 4277 1252 4351 αὐτοῦς
1282 4274 1417 4347 τίνος
1444 4277 1640 4358 ἐγκλή-

139 4356 256 4431 ματός
275 4382 357 4437 μοι
373 4360 548 4435 ὄντοςς
567 4362 788 4442 πότερον
807 4366 878 4430 ὡς
897 4362 1106 4431 δικαίως
1125 4363 1366 4440 ἤκουσα,
1393 4368 1512 4425 ἀλλ’
1536 4364 1642 4425 οὔδ’

135 4443 176 4499 ἀν
191 4447 310 4505 αὖτοὶ
329 4448 580 4531 φήσαιτε.
664 4449 806 4510 Ἀλλ’
835 4454 905 4519 ὡς
926 4450 1181 4530 βελτίονος
1199 4450 1366 4527 ὄντος,
1395 4452 1510 4513 ἀλλ’
1538 4454 1645 4513 οὔδ’

137 4529 178 4587 ἓν
195 4534 318 4602 αὐτὸς
344 4535 642 4605 ἀξιιέισειεν.
727 4536 865 4599 Ἀλλ’
895 4538 974 4597 ὅτι
1006 4539 1383 4613 ἀποὸεὸληκὼς
1410 4540 1477 4601 τὰ
1507 4539 1644 4603 ὅπλα

138 4618 304 4680 σώσαντι
323 4624 607 4703 δικάζομαι
625 4644 644 4703 3
667 4626 782 4685 ἀλλ’
803 4626 908 4706 οὔχ
931 4617 1078 4696 οὗτος
1095 4631 1123 4686 ὃ
1146 4626 1296 4706 λόγος
1323 4626 1634 4711 διέσπαρται

141 4704 232 4765 ut&
249 4708 330 4781 τὴν
348 4710 522 4773 πόλιν.
580 4712 644 4790 (ο)
671 4712 766 4785 Μὴ
788 4710 1055 4787 δὴαακῶς
1081 4714 1332 4775 ἀκούοντα
1355 4714 1422 4776 τὰ
1443 4716 1642 4800 προσή-

141 4816 248 4855 κοντα
269 4801 474 4874 ἐλεεῖτε,
503 4799 636 4878 μηδ’
658 4800 917 4884 ὖὸρίζοντί
933 4826 990 4861 τε
1015 4801 1106 4862 καὶ
1127 4803 1331 4883 λέγοντι
1358 4804 1505 4887 παρὰ
1529 4804 1644 4874 τοὺς

99 4882 270 4957 Μᾶμως
288 4886 604 4967 συγγνώμην
629 4885 776 4969 ἔχετε
795 4934 812 4966 ,
844 4889 936 4950 καὶ
959 4897 1124 4951 ταῦτα
1153 4894 1222 4960 εἰς
1251 4891 1414 4974 ἄνδρα
1441 4892 1494 4961 ὃς
1515 4896 1644 4953 πολ-

145 4968 204 5037 ὶᾶς
234 4972 310 5051 μὲν
349 4975 678 5059 στρατηγίας
726 4978 1118 5061 ἐστρατήγηκε,
1163 4980 1385 5049 πολλοὺς
1429 4980 1484 5041 δὲ
1529 4985 1644 5060 μεθ’

149 5059 244 5131 θεῶν
265 5062 568 5144 [κινδύνους]
593 5064 944 5125 κεκινδύνευκε
965 5112 982 5141 ,
1007 5067 1096 5126 καὶ
1117 5064 1236 5127 οὔτε
1254 5068 1358 5135 τοῖς
1379 5067 1645 5147 πολεμίοις

153 5146 370 5228 ὖπῦχείριος
401 5149 622 5231 γέγονεν
661 5151 766 5212 οὔθ’
797 5154 920 5230 ὑμῖν
946 5153 1160 5214 εὔθυναν
1184 5145 1377 5236 ὦφλεν,
1407 5155 1642 5233 mour}-

151 5252 256 5291 κοντα
277 5238 315 5294 δ’
341 5242 466 5299 ἐτῶν
503 5236 584 5300 ὢν
619 5239 703 5299 ὑπ’
731 5241 1042 5323 ὀλιγαρχίας
1080 5241 1384 5330 ἐτελεύτησε
1420 5242 1507 5303 διὰ
1547 5242 1641 5317 τὴν

842 430 1088 495 LYSIAE
1127 430 1246 493 OB.
1290 430 1596 495 CONTRA
1635 432 2218 499 THEOMNESTUM
2258 435 2579 497 ALTERA.

3166 448 3275 502 1³7

2442 584 2550 645 XI.

1845 726 2155 789 CONTRA
2193 726 2779 789 THEOMNESTUM
2819 728 3148 817 ALTEliA.

1785 866 1927 918 Multi
1943 866 2161 918 vestrum
2178 868 2336 918 sciunt
2353 868 2535 919 etmihi
2552 870 2666 919 sunt
2681 869 2844 932 testes,
2864 868 2998 933 quod
3014 870 3279 923 Theomne-

1719 948 1824 999 stns
1838 948 2015 999 dixerit
2030 961 2109 999 me
2126 950 2312 1013 patrem
2334 962 2496 999 meum
2519 948 2764 1001 occidisse.
2834 950 2977 1008 Quod
2995 952 3158 1001 autem
3182 966 3281 1006 non

1717 1026 1975 1077 occiderim
1998 1026 2302 1077 manifestum
2322 1029 2410 1078 est.
2476 1027 2543 1091 (2)
2564 1028 2675 1079 Duo
2692 1028 2821 1078 enim
2848 1030 2899 1080 et
2914 1028 3109 1093 triginta
3129 1042 3296 1083 annos.

1724 1110 1868 1157 notus
1879 1120 1989 1157 sum
2004 1144 2020 1169 ,
2040 1110 2091 1157 et
2105 1120 2135 1157 a
2148 1108 2311 1159 vestro
2326 1108 2484 1159 reditu
2501 1109 2581 1159 hic
2598 1110 2671 1159 est
2686 1122 2841 1161 annus
2856 1108 3129 1161 vicesimus.
3193 1116 3281 1165 Pe·

1718 1186 1791 1237 tet
1821 1186 1966 1249 igitur
1987 1198 2142 1237 annos
2165 1185 2418 1237 duodecim
2450 1199 2531 1237 me
2572 1189 2739 1237 natum
2772 1188 2917 1249 fuisse
2954 1203 3107 1253 quum
3145 1192 3292 1257 pater,

1719 1277 1859 1315 meus
1895 1277 1927 1313 s
1955 1263 2268 1327 trigintaviris
2302 1264 2377 1315 est
2406 1263 2705 1315 interfectus.
2782 1266 2872 1317 llla
2902 1270 3067 1317 autem
3100 1271 3271 1333 mute,

1719 1354 1878 1405 neque
1906 1341 2025 1404 quid
2052 1340 2197 1391 fuerit
2221 1341 2479 1405 oligarchis
2494 1341 2656 1405 scire„
2674 1355 2833 1406 neque
2848 1342 2971 1407 patri
3002 1358 3283 1405 succurra-e

1725 1422 1875 1485 potui.
1942 1424 2110 1484 Neque
2130 1422 2276 1472 etiam
2294 1423 2423 1472 recte
2448 1422 2761 1485 pecuniarum
2784 1436 2929 1473 causa
2946 1424 3015 1474 illi
3034 1424 3283 1477 insidiatus

1719 1498 1914 1549 fuissem
1933 1517 1947 1550 ι
1965 1512 2131 1549 omnes
2148 1498 2276 1550 enim
2290 1498 2541 1551 facultates
2560 1499 2793 1550 invadens
2806 1501 2951 1553 trater
2966 1502 3125 1566 maior
3140 1506 3280 1569 natu,

1719 1574 1885 1639 patriis
1901 1574 2043 1626 bonis
2070 1588 2160 1626 nos
2184 1574 2421 1637 spoliavit.

1784 1659 1830 1703 3.
1859 1656 2040 1704 Forsan
2066 1651 2197 1703 dicet
2222 1664 2324 1702 non
2340 1665 2443 1703 esse
2462 1666 2629 1704 eorum
2653 1666 2767 1717 quae
2792 1654 2896 1717 lege
2916 1655 3283 1723 interdicuntur,

1720 1744 1760 1781 si
1778 1731 1890 1794 quis
1913 1730 2091 1781 dixerit
2112 1731 2321 1796 aliquem
2343 1732 2531 1794 patrem
2548 1731 2867 1797 ἀπεκτονέναι,
2884 1734 3121 1786 occidisse
3142 1755 3155 1787 ι
3176 1736 3283 1787 hoec

1721 1809 1850 1859 enim
1860 1808 2015 1872 legem
2028 1820 2125 1858 non
2139 1812 2319 1872 vetare,
2333 1809 2414 1859 sed
2425 1808 2711 1874 ἀνδροφόνον.
2730 1810 3059 1875 homicidam,
3074 1814 3283 1877 aliquem

1722 1885 1978 1949 appellare.
2028 1889 2127 1949 Ego
2148 1898 2265 1937 vero
2294 1886 2504 1937 arbitror
2525 1900 2623 1938 non
2640 1887 2703 1939 de
2719 1887 2994 1959 vocabulis,
3012 1889 3099 1941 sed
3114 1889 3176 1941 de
3194 1904 3285 1943 vo-

1723 1965 2011 2016 cabulorum
2037 1965 2285 2016 sententiis
2314 1965 2633 2017 laborandum
2663 1980 2766 2018 esse
2780 2004 2795 2027 ,
2824 1981 3085 2033 omnesque
3106 1971 3284 2023 intelli-

1722 2058 1861 2108 gere,
1884 2046 2015 2109 quod
2039 2046 2335 2110 quicumque
2360 2046 2546 2121 aliquos
2562 2048 2862 2099 occiderunt
2884 2049 3145 2101 eorundem
3172 2052 3285 2102 sunt

1721 2122 2022 2180 homicidoe3
2062 2125 2113 2174 et
2141 2124 2439 2187 quicumque
2470 2123 2674 2188 alicujus
2697 2127 2810 2177 sunt
2836 2122 3132 2193 homicidae,
3154 2128 3287 2180 hunc

1720 2202 2035 2254 occiderunt.
2102 2204 2173 2266 (4)
2210 2206 2438 2266 Magnum
2470 2202 2599 2253 enim
2630 2204 2799 2255 ruisset
2824 2206 3068 2269 negotium
3098 2207 3285 2270 legisla-

1721 2280 1816 2329 tori
1871 2279 2034 2330 omnia
2092 2280 2329 2330 vocabula
2376 2280 2584 2331 scribere
2635 2294 2747 2344 quae
2792 2281 2994 2333 eandem
3048 2284 3285 2347 significa-

1721 2357 1902 2407 tionem
1934 2357 2141 2408 habeant
2153 2374 2169 2419 3
2207 2359 2259 2409 at
2279 2370 2433 2421 quum
2463 2370 2616 2409 unum
2652 2360 2937 2423 protulerit,
2966 2360 3094 2412 idem
3119 2363 3288 2414 statuit
3352 2410 3361 2419 ,

1722 2435 1784 2486 de
1803 2436 2049 2487 omnibus.
2116 2440 2223 2489 Non
2240 2436 2369 2488 enim
2385 2474 2401 2500 ,
2420 2437 2763 2501 Theomnesto,
2782 2439 2823 2489 si
2840 2439 2949 2504 quis
2964 2441 3015 2491 te
3033 2445 3173 2492 vocet
3189 2458 3286 2491 ιτα-

1721 2520 1940 2583 τραλοίαν
1956 2519 2033 2570 vel
2052 2520 2349 2585 μητραλοίαν,
2370 2522 2697 2585 parricidam
2713 2523 2791 2573 vel
2808 2524 3145 2577 matricidam
3156 2564 3173 2590 ‚
3190 2539 3287 2591 poe·

1723 2605 1799 2654 nis
1818 2603 2062 2655 obnoxius
2078 2606 2182 2667 est3
2204 2604 2247 2655 si
2274 2604 2385 2670 quis
2399 2617 2519 2656 vero
2534 2602 2712 2658 dixerit
2730 2608 2782 2657 te
2796 2607 3071 2658 verberasse
3094 2608 3288 2672 genitri-

1725 2700 1830 2737 cem
1854 2688 1933 2738 vel
1954 2687 2246 2753 genitorem,
2269 2688 2704 2752 apoenaimmunis
2726 2690 2831 2740 erit.
2862 2690 2929 2754 (5)
2948 2693 3035 2754 Et,
3053 2691 3094 2742 si
3114 2692 3223 2755 quis
3240 2694 3289 2743 te

1725 2771 1899 2822 dixerit
1924 2772 2168 2837 ῥίψασπιν,
2200 2777 2336 2825 scuti
2356 2774 2714 2838 projectorum,
2737 2774 3005 2840 impunitus
3034 2778 3125 2828 erit
3136 2797 3153 2841 ;
3186 2778 3288 2840 iege

1724 2850 1852 2900 enim
1877 2863 2069 2914 poenam
2096 2852 2282 2914 caveri,
2305 2852 2346 2902 si
2363 2852 2471 2915 quis
2494 2851 2672 2903 dixerit
2696 2852 2909 2917 aliquem
2930 2855 3125 2904 scutum
3144 2857 3287 2921 abJe·

1727 2939 1884 2997 cisse,
1903 2936 1987 2986 sed
2016 2949 2113 2986 non
2134 2937 2175 2987 si
2212 2936 2319 3001 quis
2349 2937 2557 2988 eundem
2590 2938 2767 2989 dixerit
2796 2938 2845 2988 id
2862 2939 3155 3003 projecisse.
3217 2942 3285 2991 si·

1726 3019 1904 3069 militer
1924 3019 1967 3070 si
1990 3033 2114 3070 unus
2144 3033 2269 3071 oeses
2295 3021 2509 3072 virorum
2536 3022 2758 3073 undecim
2774 3057 2790 3082 ,
2810 3034 2911 3072 non
2938 3022 3171 3085 reciperes
3196 3024 3285 3073 ho·

1727 3103 1904 3154 minem
1925 3103 2187 3155 adductum
2206 3104 2269 3156 ab
2280 3104 2443 3169 aliquo
2456 3108 2541 3171 qui
2560 3106 2809 3169 togamvel
2827 3105 3041 3155 tunicam
3060 3107 3293 3169 spoliatus

1728 3191 1850 3237 esset
1865 3224 1880 3249 ,
1899 3188 1941 3238 si
1971 3202 2083 3239 eum
2110 3202 2208 3239 non
2230 3190 2498 3240 nominaret
2518 3189 2809 3253 λωποδύτην,
2826 3192 3175 3250 oros-satorem
3198 3206 3217 3243 .-
3240 3194 3291 3242 et

1728 3270 1768 3321 si
1803 3271 1912 3334 quis
1944 3272 2073 3331 παῖδ’
2103 3274 2281 3335 ἐξῆγεν,
2322 3286 2531 3324 servum
2540 3273 2697 3335 furto
2735 3272 2966 3325 abduxit
2978 3308 2995 3335 ‚
3032 3286 3131 3323 non
3166 3274 3288 3325 reci·

1728 3352 1940 3411 peres-ut
1956 3351 2337 3413 ἀνδραποδιστήν,
2354 3350 2702 3413 plumarium.
2724 3353 2785 3403 Et
2804 3352 2903 3415 ipse
2918 3351 3113 3415 quidem
3131 3351 3291 3402 virum

1730 3435 1980 3496 postulasti
1998 3434 2201 3485 convicii
2217 3434 2351 3498 quod
2367 3434 2544 3487 dixerit
2558 3437 2611 3486 te
2628 3436 2902 3500 projecisse
2922 3438 3146 3487 scutum.
3210 3437 3291 3486 At·

1731 3512 1893 3562 tamen
1910 3512 1973 3563 de
1996 3512 2144 3563 verbo
2168 3512 2418 3576 projicere
2436 3512 2489 3563 in
2519 3513 2622 3576 lege
2648 3515 2801 3563 altum
2834 3512 3078 3565 silentium
3094 3529 3111 3576 ς
3128 3512 3215 3564 sed
3248 3513 3291 3564 si

1730 3590 1840 3653 quis
1859 3589 1990 3640 dicat
2004 3590 2263 3654 abjecisse.
2333 3590 2587 3650 Quomodo
2608 3591 2752 3655 igitur
2768 3600 2867 3641 non
2882 3592 3101 3655 iniquum
3121 3592 3195 3642 est
3213 3592 3262 3642 te
3273 3628 3290 3655 ‚

1731 3675 1816 3725 ubi
1837 3689 1959 3739 opus
1982 3676 2045 3727 sit
2064 3675 2283 3728 inimicos
2303 3678 2415 3727 tuos
2444 3676 2636 3739 ulcisci,
2660 3678 2728 3727 ita
2759 3677 2885 3740 leges
2908 3676 3209 3740 interpretari
3231 3678 3291 3727 ut

1733 3774 1820 3824 ego
1845 3764 2003 3824 nunc3
2036 3762 2089 3811 at
2120 3762 2203 3813 ubi
2226 3761 2363 3813 alteri
2385 3760 2683 3812 conviciatus
2720 3762 2894 3824 rueris,
2930 3774 3097 3825 poenes
3130 3759 3295 3811 subire

1733 3843 1879 3895 nolle.
1945 3845 2012 3908 (7)
2046 3844 2161 3895 Mihi
2186 3844 2329 3908 igitur
2364 3845 2655 3907 succurrite,
2687 3842 2738 3893 id
2767 3843 2997 3895 habentes
3020 3842 3071 3893 in
3102 3842 3292 3906 animo,

1734 3929 1890 3979 multo
1909 3928 2102 3991 gravius
2134 3940 2237 3979 esse
2264 3926 2543 3990 exprobrari
2574 3926 2706 3990 quod
2735 3928 2923 3990 patrem
2952 3928 3062 3991 quis
3098 3926 3294 3977 interfe-

1735 4014 1880 4074 cerit,
1899 4010 2057 4076 'quam
2090 4010 2221 4075 quod
2255 4010 2477 4074 clypeum
2507 4009 2753 4073 abjecerit.
2816 4013 2915 4073 Ego
2950 4022 3065 4061 sane
3099 4010 3295 4060 niallem

1735 4111 1903 4148 omnes
1926 4098 2168 4161 quotquot
2190 4096 2306 4147 sunt
2326 4095 2519 4159 clypeos
2544 4094 2771 4156 abjecisse
2786 4132 2803 4158 ‚
2834 4107 2982 4157 quam
3002 4095 3071 4145 ita
3106 4094 3293 4145 auima-⁷

1735 4185 1842 4235 tum
1869 4182 2013 4233 fuisse
2036 4183 2089 4230 in
2117 4182 2381 4245 parentem.
2448 4180 2602 4232 Istum
2636 4178 2807 4242 utique
2828 4178 2929 4228 vidi
2960 4177 3010 4228 id
3041 4178 3295 4229 facientem

1736 4264 1868 4328 quod
1896 4276 1987 4314 vos
2015 4276 2211 4326 quoque
2246 4261 2403 4325 scitis,
2431 4264 2485 4312 et
2514 4274 2678 4312 meum
2706 4260 2807 4323 ipse
2834 4260 3055 4325 clypeum
3089 4262 3294 4311 servavi.

1737 4348 1803 4410 (8)
1827 4347 2111 4410 curitaque
2138 4344 2200 4395 ab
2222 4358 2280 4395 eo
2296 4356 2462 4409 poenas
2481 4356 2581 4394 non
2608 4344 2906 4407 repeterem?
2927 4342 3065 4407 cuius
3086 4343 3299 4395 miminis

1736 4424 1866 4489 apud
1897 4436 1987 4475 vos
2024 4424 2303 4487 suspectus?
2333 4427 2469 4473 Anne
2509 4418 2641 4485 quod
2684 4434 2799 4471 vere
2844 4421 2966 4471 mibi
3000 4420 3192 4484 objecta
3234 4421 3298 4472 sit

1736 4503 1845 4555 brec
1883 4501 2225 4566 exprobratio?
2264 4502 2317 4551 at
2349 4514 2443 4557 neo
2478 4513 2567 4552 vos
2600 4499 2652 4550 id
2694 4498 2854 4550 dicere
2892 4498 3097 4563 possitis.
3162 4503 3298 4551 Anne

1738 4584 1869 4650 quod
1893 4598 2007 4636 reus
2030 4584 2199 4637 melior
2226 4582 2292 4633 sit
2313 4595 2460 4647 quam
2483 4584 2608 4646 egoi*
2632 4581 2684 4632 st
2714 4594 2803 4632 nec
2824 4581 2916 4631 iste
2940 4579 3138 4646 quidun
3161 4580 3295 4631 affir-

1737 4668 1959 4723 maverit.
2021 4672 2160 4719 Anne
2194 4666 2325 4731 quod
2359 4666 2563 4729 egomet,
2597 4664 2745 4715 armis
2772 4663 2893 4715 meis
2927 4662 3153 4727 abiectis,
3184 4676 3297 4714 eum

1738 4746 1945 4798 convicii
1964 4745 2202 4809 postulem
2223 4743 2309 4809 qui
2338 4756 2427 4794 sua
2448 4743 2647 4794 domum
2667 4742 2801 4793 salva
2832 4741 3027 4792 retulit?
3044 4744 3096 4793 at
3122 4754 3219 4792 non
3241 4754 3297 4795 ee

1738 4833 1866 4885 fama
1887 4830 2159 4896 percrebuit
2174 4830 2226 4881 in
2243 4828 2449 4881 civitate.
2516 4828 2583 4892 (9)
2604 4832 2675 4881 Ne
2690 4828 2832 4891 igitur
2848 4841 2937 4879 vos
2954 4828 3176 4879 misereat
3190 4840 3294 4877 me-

1739 4918 1831 4969 rita
1849 4915 2087 4968 audientis
2108 4912 2355 4973 convicia,
2390 4912 2644 4977 eidemque
2680 4910 2981 4962 insolescenti
3013 4912 3062 4961 et
3093 4909 3296 4960 maledi-

1739 5001 1869 5053 centi
1887 5000 2058 5050 contra
2088 4998 2217 5062 leges
2242 4996 2523 5047 condonetis
2555 5016 2569 5048 ι
2602 4996 2869 5060 praesertim
2896 4994 2959 5045 de
2987 4994 3073 5044 illo
3106 4990 3299 5043 homine

1738 5082 1822 5148 qui
1846 5082 2018 5132 vostris
2032 5078 2321 5131 exercitibus
2336 5076 2511 5140 saepius
2526 5076 2719 5139 praefuit
2732 5114 2745 5136 ,
2765 5075 2849 5139 qui
2870 5075 3025 5125 multa
3048 5072 3297 5122 vobiscum

1739 5161 1888 5216 subiit
1911 5160 2143 5226 pei-ionia,
2161 5158 2247 5223 qui
2263 5170 2517 5223 nunquam
2536 5156 2588 5206 in
2606 5154 2815 5207 hostium
2839 5154 3123 5219 potestatem
3145 5150 3295 5213 venit,

1739 5249 1824 5316 qui
1854 5260 2007 5307 annos
2042 5248 2201 5299 natus·
2215 5243 2536 5309 septuaginta,
2572 5242 2769 5306 propter
2800 5252 2938 5291 suam
2968 5238 3017 5289 in
3064 5234 3297 5302 populum
