3825 5842
566 473 679 525 278

564 582 725 661 σίμην
750 572 909 642 οὖσαν
936 588 1041 649 τοῖς
1062 576 1230 639 παισί·
1255 582 1346 651 τῆς
1366 578 1468 659 γὰρ
1488 588 1709 661 φανερᾶς
1730 578 1907 647 οὐσίας
1928 579 2109 639 οὐδένα

563 668 734 750 κόριον
756 669 964 729 ἔσεσθαι
989 666 1389 740 τελευτήσαντος
1419 666 1755 741 Εὐκτήμονος
1774 666 1935 727 ἄλλον
1961 666 1997 739 ἢ
2019 667 2113 736 τὰς

486 779 538 819 3ο
564 758 845 839 θυγατέρας
866 754 1092 823 καὶτοὺς
1117 759 1175 816 ἐκ
1204 754 1400 816 τούτων
1428 754 1725 835 γεγονότας·
1754 758 1801 815 εἴ
1832 755 1885 815 δὲ
1921 754 2106 815 ἀποδό-

565 846 715 924 μενός
738 870 787 905 τι
806 848 909 905 τῶν
932 845 1093 905 ὄντων
1116 843 1356 924 ἀργύριον
1380 844 1681 918 καταλίποι,
1709 848 1861 904 τοῦτο
1890 842 2114 923 βεὸαίως

562 934 689 1004 ἕξειν
742 931 949 1001 αὐτούς.
1036 930 1127 1012 (31)
1166 930 1416 999 Ἀκούσας
1460 932 1555 991 δ’ὁ
1598 930 1924 1009 Εὐκτήμων,
1967 931 2113 999 εὐθὺς

558 1021 751 1101 ἀπῄτει
782 1020 869 1081 τὸν
894 1020 1203 1099 Πυθόδωρον
1227 1018 1287 1078 τὸ
1310 1026 1699 1099 γραμματεῖον,
1728 1018 1821 1078 καὶ
1850 1040 2110 1099 προσεκα·

558 1109 749 1170 λέσατο
792 1110 863 1175 εἷς
898 1110 1140 1191 ἐμφανῶν
1194 1108 1538 1167 κατάστασιν.
1641 1108 2016 1174 Καταστάντος
2056 1106 2111 1166 δὲ

560 1196 751 1256 ἐκείνου
786 1196 913 1279 πρὸς
940 1196 1027 1255 τὸν
1056 1194 1317 1277 ἄρχοντα,
1347 1194 1524 1274 ἔλεγεν
1561 1194 1641 1253 ὅτι
1669 1194 1891 1275 βούλοιτ’
1931 1194 2112 1255 ἀνελέ-

560 1290 680 1344 σθαι
723 1282 816 1356 τὴν
864 1282 1135 1358 διαθήκην.
1218 1284 1311 1363 (32)
1366 1282 1583 1355 Ἐπειδὴ
1636 1284 1682 1341 δ’
1730 1284 1759 1342 ὁ
1804 1281 2113 1362 Πυθόδωρος

558 1372 737 1431 ἐκείνω
757 1372 850 1451 μὲν
874 1371 964 1431 καὶ
986 1397 1061 1431 τω
1022 1369 1435 1451 ’“Φανοστράτῳ
1456 1369 1675 1452 παρόντι
1692 1369 1992 1450 ὣμολόγει’
1963 1393 2111 1428 αναι·

484 1486 535 1528 25
565 1470 699 1543 ρεῐν,
721 1485 811 1522 του
836 1459 892 1519 δὲ
918 1460 1149 1541 Χαιρέου
1180 1464 1270 1519 τοῦ
1304 1457 1755 1537 συγκαταθεμένου
1788 1460 2021 1538 θυγάτηρ
2047 1449 2112 1531 ἦν

562 1548 690 1628 μία,
726 1554 787 1620 ἧς
810 1546 991 1620 ἐπειδὴ
1013 1546 1185 1625 κύριος
1211 1546 1504 1620 κατασταίη
1524 1592 1540 1625 ,
1570 1546 1685 1605 τότε
1708 1545 1851 1619 ἠξίου
1887 1546 2109 1622 ἀνελεῖν,

562 1635 653 1694 καὶ
680 1638 707 1694 ὁ
736 1635 913 1715 ἅρχων
940 1633 1101 1703 οὕτως
1124 1632 1399 1713 ἐγίνωσκε,
1427 1634 1932 1715 διομολογησάμενος
1950 1636 1977 1691 ὁ
2005 1636 2109 1693 Εὐ-

558 1722 773 1799 κτήμων
825 1720 1051 1781 ἐναντίον
1112 1726 1202 1782 τοῦ
1260 1722 1505 1805 αρχοντος
1558 1721 1650 1781 καὶ
1691 1724 1793 1781 τῶν
1836 1720 2109 1831 παρέδρων

558 1810 649 1870 καὶ
686 1808 1035 1890 ποιησάμενος
1074 1810 1297 1877 πολλους
1344 1808 1609 1893 μάρτυρας
1653 1813 1723 1877 ὥς
1760 1808 1930 1869 οὐκέτ’
1969 1810 2110 1891 αὐτῷ

557 1898 725 1959 κέοιτο
763 1902 798 1970 ἠ
842 1898 1099 1977 διαθήκη,
1142 1896 1311 1980 ὤχετο
1340 1897 1531 1960 ἀπιιῖιν.
1620 1896 1717 1977 (33)
1750 1897 1855 1957 Καὶ
1882 1898 1936 1957 ἐν
1972 1896 2110 1957 πάνυ

557 1984 715 2066 ὀλίγῳ
736 1986 943 2068 χρόνῳ,
973 1980 1133 2067 οἷπερ
1162 1985 1312 2046 ἕνεκα
1340 1978 1483 2047 οὗτοι
1500 1987 1659 2045 λ’ῠσαι
1688 1984 1843 2044 αὐτὸν
1866 1982 2110 2059 ἔπεισαν,

558 2074 861 2134 ἀποδίδοται
890 2072 1044 2155 ἀγρὸν
1066 2073 1162 2151 μὲν
1186 2072 1424 2151 Ἀθμονοῖ
1449 2072 1601 2133 πέντε
1625 2072 1716 2133 καὶ
1748 2070 2110 2151 ἐὸδομήκοντα

485 2180 539 2220 3ο
558 2164 700 2240 μνῶν
730 2162 1043 2243 Ἀντιφάνει,
1063 2162 1123 2221 τὸ
1147 2162 1195 2219 δ’
1218 2163 1273 2221 ἐν
1291 2160 1575 2242 Σηραγγίῳ
1602 2162 1875 2240 βαλανεῖον
1898 2182 2110 2240 τρισχι-

556 2249 679 2307 λίων
716 2248 1086 2359 Ἀριστολόχῳ·
1120 2248 1287 2308 οἰκίαν
1335 2247 1390 2307 δὲ
1418 2250 1471 2307 ἐν
1522 2248 1669 2307 ἄστει
1714 2244 1978 2327 τεττάρων
2017 2244 2109 2305 καὶ

555 2335 948 2417 τεσσαράκοντα
978 2342 1119 2415 μνῶν
1143 2334 1490 2413 ὑποκειμένην
1514 2334 1741 2396 ἀπέλυσε
1768 2338 1842 2416 τῷ
1870 2332 2106 2415 ἱεροφάν-

558 2446 643 2503 τῃ.
724 2420 853 2485 Ἔτι
902 2423 957 2483 δὲ
1002 2416 1153 2502 αἶγας
1190 2425 1413 2484 ἀπέδοτο
1452 2421 1545 2483 συν
1581 2428 1655 2507 τῷ
1704 2394 1909 2501 αἷπόλῳ
1951 2426 2108 2503 τριῶν

558 2510 649 2570 καὶ
678 2508 803 2570 δέκα
832 2514 993 2588 μνῶν,
1026 2512 1115 2571 καὶ
1161 2510 1315 2589 ζεύγη
1358 2510 1449 2571 διἰο
1495 2511 1679 2595 ὄρικά,
1724 2509 1783 2571 τὸ
1826 2508 1922 2588 μὲν
1972 2506 2109 2569 ὀκτω

558 2602 715 2675 μνῶν,
743 2598 805 2659 τὸ
835 2598 890 2658 δὲ
936 2599 1257 2669 πεντήκοντα
1310 2599 1399 2659 καὶ
1440 2598 1793 2659 πεντακοσίων
1834 2600 2107 2678 δραχμῶν,

556 2686 647 2744 καὶ
689 2686 1029 2770 δημιουργους
1075 2686 1184 2747 ὅσοι
1225 2680 1359 2761 ἦσαν
1412 2689 1573 2769 αὐτῷ.
1677 2684 1767 2769 (34)
1811 2685 2107 2764 Σύμπαντα

476 2788 528 2828 35
558 2772 611 2832 δὲ
635 2774 869 2842 πλείονος
897 2772 932 2846 ἢ
960 2778 1115 2856 τριῶν
1144 2775 1413 2833 ταλάντων
1432 2820 1450 2853 ,
1483 2774 1518 2833 ἃ
1542 2774 1743 2858 ἐπράθη
1780 2770 1867 2833 διὰ
1898 2773 2106 2855 ταχέων

558 2864 694 2924 πάνυ
739 2862 1141 2937 τελευτήσαντος
1182 2862 1595 2942 Φιλοκτήμονος.
1700 2862 1811 2923 Καὶ
1847 2866 1994 2921 ταῦθ’
2028 2860 2107 2921 ὅτι

560 2955 728 3024 ἀληθῆ
758 2952 923 3032 λέγω,
950 2953 1069 3033 καθ’
1112 2952 1328 3011 ἕκαστον
1364 2954 1485 3030 ὑμῖν
1510 2954 1615 3011 τῶν
1648 2948 1934 3033 εἰρημένων
1965 2953 2106 3030 πρῶ·

558 3063 645 3099 τον
670 3041 817 3099 καλῶ
842 3039 965 3109 τοὺς
989 3040 1269 3121 μάρτυρας.

1160 3188 1496 3236 ΜΑΡἸῪΡΕΣ.

636 3330 689 3371 35
730 3314 916 3371 Ταῦτα
959 3307 1051 3387 μὲν
1084 3307 1147 3379 δὴ
1174 3314 1365 3391 τοῒὶτονΦ
1386 3308 1473 3367 τὸν
1506 3306 1696 3388 τρόπον
1730 3298 1855 3387 εἶχε·
1901 3306 2024 3388 περὶ
2053 3306 2108 3368 δὲ

556 3400 659 3457 τῶν
688 3396 982 3457 ὑπολοίπων
1018 3395 1163 3463 εὐθὺς
1192 3395 1550 3468 ε’πεὸούλευον,
1578 3394 1669 3454 καὶ
1696 3396 1908 3455 πάντων
1945 3395 2106 3455 δεινό·

557 3507 713 3545 τατον
741 3494 963 3563 πρᾶγμα
992 3481 1413 3555 κατεσκεύασαν,
1442 3474 1486 3563 ᾧ
1528 3480 1669 3549 ἄξιόν
1696 3485 1809 3541 ἐστι
1832 3483 2107 3562 προσέχειν

558 3570 643 3631 τὸν
665 3577 804 3633 νοῦν.
888 3569 1143 3650 Ὁρῶντες
1165 3568 1267 3651 γὰρ
1294 3569 1381 3629 τὸν
1408 3568 1724 3646 Εὐκτήμονα
1752 3571 1942 3650 κομι-δῇ
1967 3573 2109 3629 ἄπει·

563 3658 756 3739 ρηκότα
795 3656 895 3717 ὑπὸ
922 3659 1093 3738 γήρως
1116 3656 1206 3717 καὶ
1231 3658 1339 3717 οὐδ’
1376 3660 1435 3716 ἐκ
1461 3661 1555 3727 τῆς
1594 3655 1771 3730 κλίνης
1802 3657 2108 3717 ἀνίστασθαι

482 3770 533 3811 ιο
560 3746 867 3825 δυνάμενον,
900 3744 1151 3804 ἐσκόπουν
1181 3744 1318 3814 ὅπως
1350 3744 1437 3806 καὶ
1472 3744 1878 3817 τελευτήσαντος
1914 3746 2108 3806 ἐκείνου

561 3836 628 3893 δι’
656 3838 827 3895 αὐτῶν
851 3833 1017 3895 ἔσοιτο
1042 3838 1074 3905 ἡ
1104 3833 1277 3894 οὐσία.
1364 3834 1451 3913 (aa)
1484 3832 1590 3893 Καὶ
1612 3832 1663 3891 τί
1689 3837 1956 3913 ποιοῦσιν;
1983 3836 2112 3892 ἀπο·

560 3922 814 4005 γράφουσι
845 3920 919 3981 τὼ
957 3922 1110 3980 παῖδε
1137 3920 1303 3980 τούτω
1344 3920 1473 3999 πρὸς
1513 3920 1600 3979 τὸν
1646 3918 1875 4001 ἄρχοντα
1906 3922 1977 3988 ὡς
2009 3923 2112 3979 εἷσ-

561 4010 763 4083 ποιήτω
791 4011 897 4077 τοῖς
915 4014 1007 4069 τοῦ
1029 4006 1367 4085 Εὐκτήμονος
1392 4005 1525 4067 υἱέσι
1544 4009 1649 4075 τοῖς
1674 4006 2111 4081 τετελευτηκόσιν,

563 4096 941 4180 ἐπιγράψαντες
990 4105 1123 4178 σφᾶς
1166 4093 1348 4162 αὐτοὺς
1388 4092 1723 4175 ἐπιτρόπους,
1767 4094 1857 4153 καὶ
1901 4100 2114 4173 μισθοῦν

563 4186 796 4246 ἐκέλευον
820 4184 908 4245 τὸν
950 4182 1182 4265 ἄρχοντα
1219 4182 1334 4251 τοὺς
1361 4182 1529 4249 οἴκους
1556 4186 1625 4248 ὣς
1658 4184 1893 4263 ὀρφανῶν
1930 4182 2110 4257 ὄντων,

562 4272 700 4339 ὅπως
738 4273 823 4333 ἐπὶ
863 4273 964 4340 τοῖς
992 4270 1186 4331 τούτων
1216 4269 1434 4348 ὀνόμασι
1478 4269 1543 4327 τὰ
1578 4267 1671 4346 μὲν
1714 4269 1994 4346 μισθωθείη
2024 4274 2116 4343 τῆς

562 4358 739 4426 οὐσίας
759 4404 775 4435 ,
811 4359 878 4417 τὰ
903 4359 958 4418 δὲ
993 4360 1373 4437 ἀποτιμήματα
1403 4356 1753 4431 κατασταθείη
1774 4357 1865 4417 καὶ
1898 4356 2008 4438 ὅροι
2030 4382 2114 4418 τε·

495 4451 694 4506 (ὶθθεῖεν
735 4448 919 4515 ζῶντος
958 4446 1033 4505 ἔτι
1060 4452 1151 4506 τοῦ
1192 4446 1550 4523 Εὐκτήμονος,
1585 4446 1843 4524 μισθωταὶ
1884 4444 1939 4505 δὲ
1971 4446 2116 4507 αὐτοὶ

565 4534 827 4612 γενόμενοι
850 4531 942 4600 τὰς
963 4532 1244 4613 προσόδους
1260 4531 1601 4609 λαμὸάνοιεν.
1691 4534 1779 4611 (37)
1808 4531 1913 4591 Καὶ
1937 4532 2115 4606 ἐπειδὴ

567 4624 769 4702 πρῶτον
795 4618 862 4679 τὰ
891 4618 1199 4701 δικαστήρια
1230 4618 1537 4701 ἐπληρώθη,
1579 4620 1607 4677 ὃ
1637 4618 1731 4698 μὲν
1760 4618 1939 4699 ἄρχων
1963 4643 2116 4702 προε·

568 4709 821 4789 κήρυττεν
842 4751 857 4781 ,
890 4708 937 4767 οἰ
966 4706 1013 4766 δ’
1040 4709 1365 4785 ἐμισθοῦντο.
1450 4704 1876 4787 Παραγενόμενοι
1904 4706 1960 4766 δέ
1987 4732 2119 4776 τινες

570 4794 935 4875 ἐξαγγέλλουσι
954 4800 1059 4861 τοῖς
1084 4792 1288 4859 οἰκείοις
1314 4791 1407 4865 τὴν
1429 4791 1743 4867 ἑπιὸουλήν,
1772 4792 1862 4852 καὶ
1890 4792 2119 4861 ἐλθόντες

572 4884 842 4957 ἐδήλωσαν
875 4881 936 4941 τὸ
961 4890 1185 4961 πρᾶγμα
1210 4880 1315 4947 τοῖς
1334 4882 1631 4954 δικασταῖς,
1673 4880 1761 4939 καὶ
1791 4878 1956 4949 οὕτως
1983 4882 2119 4941 ἀπε-

518 4994 543 5032 ιι
578 4971 947 5053 χειροτόνησαν
974 4972 1021 5028 οἱ
1065 4969 1306 5027 δικασταὶ
1349 4964 1422 5045 μὴ
1464 4972 1676 5045 μισθοῦν
1717 4967 1833 5035 τοὺς
1862 4968 2044 5035 οἴκους·
2073 4970 2119 5028 εἰ

572 5064 616 5121 δ’
644 5061 849 5135 ἔλαθεν,
874 5056 1133 5118 ἀπολώλει
1161 5054 1223 5117 ἂν
1256 5056 1435 5116 ἅπασα
1462 5062 1495 5129 ἡ
1527 5056 1693 5117 οὐσία.
1782 5056 1889 5119 Καί
1910 5080 2000 5135 μοι
2022 5058 2117 5119 κοί·

570 5153 650 5211 λει
674 5150 793 5219 τοὺς
822 5144 1271 5231 παραγενομένους
1300 5145 1583 5229 μάρτυρας.

1222 456 1482 519 umor
1517 457 1568 518 Ο
1609 457 1793 519 ΠΕΡΙ
1830 457 1983 519 ἸῸΥ
2022 456 2641 520 ΦΙΛΟΚΤΗΜΟΝΟΣ
2687 459 3020 523 ΚΛΗΡΟΥ.

3459 464 3680 545 (ιω-ιιι]

2199 586 2374 649 quippe
2407 586 2536 649 quod
2561 600 2590 638 e
2625 600 2680 638 re
2717 602 2978 653 puerorum
3013 588 3144 640 haud
3175 592 3323 654 esset3
3355 592 3558 655 quoniam
3583 595 3683 656 ipso,

2198 668 2519 729 Euctemone,
2543 668 2774 718 defuncto
2790 670 3029 719 honorum
3045 670 3364 721 immobilium
3383 684 3513 721 nemo
3531 672 3630 721 alius
3641 674 3687 722 ἐι

2199 744 2439 807 potiturus
2464 758 2610 808 quam
2652 745 2763 795 tiliae
2799 747 2944 809 ipsius
2975 760 3241 812 earumque
3273 747 3452 799 liberi:
3483 748 3686 800 fundorum·
3734 778 3735 787 κ

2199 824 2362 873 autem
2384 824 2424 874 si
2447 824 2565 888 qnid
2579 825 2837 888 venderet,
2862 826 3108 878 redactam
3120 826 3232 878 inde
3247 829 3492 891 pecuniam
3503 828 3590 878 sine
3602 842 3688 879 eon-

2199 902 2432 952 troversia
2457 906 2640 953 certam
2671 906 2832 967 pueris
2868 918 2971 957 &e
2995 920 3290 957 mansuram.
3357 906 3450 971 (31)
3479 910 3689 959 Euctemon

2201 986 2292 1035 hac
2312 986 2528 1037 oratione
2549 988 2714 1038 motus
2725 1026 2740 1051 ,
2759 988 2926 1039 statim
2945 990 3133 1041 tabulas
3150 992 3420 1041 testamenti
3436 1004 3462 1041 a
3475 992 3692 1054 Pythodoro

2201 1074 2496 1139 repoposcit,
2515 1088 2783 1139 provocans
2803 1080 2859 1128 ut
2873 1078 3066 1143 tabulas
3081 1078 3184 1142 eius
3205 1080 3257 1129 in
3271 1080 3479 1131 medium
3495 1082 3692 1145 proterret.

2199 1156 2366 1206 Stante
2377 1154 2544 1220 itaque
2561 1156 2841 1220 Pythodoro
2855 1171 3018 1209 coram
3036 1159 3267 1210 archonte
3279 1197 3296 1223 ,
3316 1160 3469 1211 aiebat
3481 1164 3694 1213 Euctemon
3736 1191 3737 1223 3

2201 1242 2324 1292 velle
2359 1243 2702 1294 testamentum
2733 1258 2762 1295 a
2787 1258 2839 1295 se
2867 1246 3102 1309 scriptum
3131 1246 3323 1298 toliere.
3387 1248 3479 1309 (33)
3509 1250 3694 1305 Quoniam
3736 1228 3737 1257 ³

2198 1340 2316 1377 vero
2332 1328 2638 1390 Pythodorus
2655 1329 2844 1381 dicebat
2863 1333 3102 1395 quantum
3119 1332 3318 1395 quidem
3337 1330 3398 1382 ad
3413 1336 3695 1383 Euctemonem

2199 1410 2250 1458 et
2277 1409 2645 1462 Phanostratum
2681 1412 2732 1462 in
2763 1412 2944 1475 jndicio
2975 1417 3262 1478 praesentem
3295 1417 3540 1479 attineret,
3561 1432 3604 1467 se
3629 1432 3696 1467 ιιοιι

2135 1548 2142 1557 ‚
2199 1490 2492 1545 intercedere
2512 1495 2771 1557 quominus
2787 1499 2927 1560 pacta
2948 1498 3252 1561 tollerentur,
3272 1501 3505 1563 quantum
3536 1514 3630 1551 vero
3657 1504 3698 1551 ad

2200 1574 2441 1638 Chaereae,
2466 1578 2554 1640 qui
2571 1591 2666 1627 uua
2690 1592 2802 1629 cum
2825 1582 3124 1631 Euctemone
3143 1584 3417 1645 pactionem
3434 1584 3739 1664 deposuisset,

2199 1658 2342 1707 sitiam
2361 1660 2604 1723 attineret,
2623 1664 2730 1713 tum
2743 1662 2939 1714 demum
2951 1678 3106 1728 quum
3117 1667 3256 1716 tutor
3274 1666 3380 1729 eJus
3395 1669 3687 1719 constitutine
3738 1666 3739 1729 ἔ

2197 1738 2270 1786 set
2279 1742 2450 1801 ‚pacta
2461 1742 2566 1791 tolli
2585 1754 2748 1807 posse,
2763 1746 2911 1808 atque
2929 1746 3098 1797 eadem
3111 1748 3362 1799 archonti·
3373 1750 3589 1800 sententia
3603 1758 3698 1800 ent:

2199 1822 2464 1871 Euctemon
2489 1834 2652 1873 coram
2681 1824 2912 1877 archonte
2939 1826 3138 1892 eiusque
3159 1830 3476 1881 assessoribus
3491 1830 3700 1894 multisqoe

2195 1901 2399 1955 testibus
2419 1907 2764 1969 professionem
2786 1908 2876 1959 sibi
2893 1908 2998 1959 dari
3025 1912 3248 1973 curavit,
3275 1913 3438 1977 quod
3425 1928 3518 1977 ipse
3537 1916 3700 1977 pactione

2198 1985 2326 2037 haud
2351 1989 2556 2052 amplius
2579 1992 2840 2051 teneretur,
2867 2004 3022 2056 eoque
3039 1994 3168 2044 racto
3193 1994 3332 2045 abiit.
3371 1982 3467 2059 (33)
3488 2000 3574 2047 Nec
3589 1998 3700 2045 mutto

2196 2066 2305 2127 post
2319 2065 2431 2116 feeit
2447 2066 2497 2117 id
2513 2066 2650 2129 cuius
2663 2080 2808 2119 causa
2827 2068 2906 2119 isti
2924 2082 3034 2121 eum
3056 2070 3118 2122 ad
3134 2070 3494 2136 abrogationem
3513 2075 3649 2124 illam·
3639 2088 3699 2123 ιιιι·
3740 2055 3741 2154 1

2196 2147 2433 2209 poterant.
2451 2148 2681 2199 Vendidit
2693 2163 2866 2214 nempe
2877 2150 3082 2203 mudum
3097 2153 3474 2207 Athmonensem
3485 2156 3698 2218 Antiphani,

2196 2229 2410 2293 quinque
2447 2232 2500 2281 et
2524 2232 2825 2295 septuaginta
2855 2232 3027 2295 minis,
3049 2234 3282 2286 balneum
3314 2250 3432 2288 vero
3466 2236 3514 2287 in
3533 2237 3700 2299 serngio

2195 2312 2388 2375 triginta
2404 2314 2546 2363 minis
2563 2315 2813 2365 antilocho
2825 2352 2841 2379 ,
2860 2315 3060 2367 domum
3083 2331 3200 2368 vero
3219 2318 3271 2369 in
3293 2320 3412 2371 urbe
3429 2334 3514 2384 pro
3529 2325 3702 2385 quattmr

2197 2390 2246 2441 et
2267 2389 2580 2455 quadraginta
2596 2392 2740 2443 minis
2755 2393 2842 2443 sihi
2862 2393 3118 2458 obligatam
3135 2408 3166 2445 a
3178 2396 3404 2449 debitore
3425 2398 3700 2461 hiet-opinata,

2195 2476 2391 2537 accepta
2411 2476 2616 2539 pecunia
2639 2476 2880 2528 liberavit.
2943 2480 3282 2544 Praetereaque
3302 2496 3488 2547 gregem
3507 2496 3700 2546 caprarum
3741 2485 3743 2649 γ

2199 2555 2304 2617 ipso
2326 2566 2440 2605 cum
2467 2556 2682 2618 caprario
2716 2556 2948 2608 tredecim
2973 2558 3113 2611 minis
3143 2560 3389 2625 vendidit,
3411 2565 3459 2614 et
3477 2562 3585 2611 duas
3611 2562 3702 2623 bigas

2199 2636 2435 2699 mulares,
2459 2638 2634 2689 alteras
2655 2640 2800 2702 octo,
2833 2640 3009 2691 atteras
3038 2641 3259 2705 quinque
3285 2643 3428 2694 minis
3455 2646 3500 2694 et
3531 2656 3702 2702 semme,

2197 2718 2391 2781 opifices
2409 2718 2527 2769 item
2543 2722 2787 2784 quotquot
2802 2720 2872 2771 illi
2889 2724 3028 2772 erant
3043 2736 3232 2774 omnes.
3249 2726 3352 2789 (3⁴)
3377 2724 3510 2775 Unde
3519 2736 3702 2773 summan

2197 2802 2306 2852 aeris
2332 2800 2573 2864 redigebat
2597 2803 2706 2866 pius
2723 2816 2873 2867 quam
2899 2804 2994 2855 tria
3009 2806 3212 2878 talenta,
3279 2809 3488 2860 vendita
3514 2808 3592 2859 ista
3623 2814 3702 2860 sunt

2197 2900 2429 2950 perquam
2447 2886 2543 2938 cito
2561 2890 2669 2952 post
2687 2889 2878 2940 obitum
2903 2891 3300 2945 Philoctemonis.
3364 2899 3472 2954 Quo
3487 2896 3627 2945 autem
3647 2906 3702 2941 ro

2196 2970 2268 3021 bis
2285 2972 2472 3021 constet
2485 3006 2500 3033 ,
2516 2970 2535 3032 j
2542 2971 2729 3036 udices,
2757 2974 2930 3023 horum
2953 2987 3068 3037 qum
3095 2975 3200 3027 dixi
3215 2978 3406 3043 singula
3422 2992 3608 3043 quasque
3621 2989 3702 3026 rere
3744 3015 3745 3053 γ

2197 3065 2226 3102 ιι
2249 3066 2327 3103 me
2345 3052 2472 3103 dicta
2489 3066 2590 3104 esse
2607 3090 2623 3117 ,
2647 3054 2856 3118 primum
2878 3054 2976 3107 cito
2993 3058 3156 3108 testes.
3744 3060 3745 3067 ’

2853 3192 3095 3237 'rasus

2259 3317 2335 3363 35.
2371 3314 2451 3364 Sic
2476 3314 2568 3364 ista
2586 3314 2783 3377 quidem
2804 3318 2873 3365 ita
2897 3315 3179 3369 habeahant
3166 3320 3261 3370 ·ut
3279 3321 3440 3372 autem
3463 3321 3632 3383 reliquis
3613 3332 3706 3381 po·

2197 3381 2404 3435 tirentur
2425 3384 2588 3434 statim
2608 3385 2896 3449 incipiebant
2919 3388 3210 3453 machinari,
3228 3393 3280 3441 et
3297 3404 3401 3442 rem
3417 3392 3534 3441 inter
3553 3404 3597 3440 se
3610 3402 3706 3439 com·

2197 3458 2426 3524 parabant
2442 3460 2658 3509 omnium
2677 3461 3016 3526 t'oedissimam,
3041 3466 3124 3514 cui
3138 3478 3230 3516 vos
3249 3479 3338 3529 par
3357 3468 3430 3516 est
3446 3466 3640 3515 animum
3653 3466 3706 3512 at·

2195 3532 2406 3585 tendere.
2471 3537 2732 3586 cernentes
2749 3536 2880 3587 enim
2903 3537 3252 3587 Euctemouem
3267 3552 3370 3601 prm
3381 3540 3509 3591 senio
3529 3540 3590 3589 ita
3604 3552 3708 3601 pror·

2193 3620 2277 3657 sus
2299 3610 2580 3661 enervatum
2607 3613 2662 3660 ut
2683 3624 2744 3661 ne
2762 3611 2889 3661 lecto
2908 3610 3104 3674 quidem
3123 3624 3376 3676 resurgere
3397 3615 3565 3678 posset,
3589 3612 3702 3662 medi·

2195 3682 2420 3734 tabautur
2457 3684 2702 3748 quomodo
2727 3685 2872 3735 etiam
2897 3687 3006 3747 post
3043 3686 3237 3737 obitum
3291 3688 3404 3751 'ejus
3433 3689 3648 3738 facultates
3673 3687 3708 3732 iu

2199 3755 2434 3815 potestate
2460 3768 2547 3804 sua
2569 3755 2748 3805 suturae
2768 3758 2942 3806 essent.
2965 3756 3065 3819 (36)
3086 3756 3216 3814 Quid
3235 3771 3350 3821 ergo
3367 3758 3626 3809 instituunt?
3638 3760 3708 3805 De·

2197 3822 2356 3874 serunt
2376 3825 2547 3875 horum
2563 3824 2715 3875 duum
2732 3838 2994 3888 puerorum
3013 3826 3214 3876 nomina
3231 3828 3298 3877 ad
3328 3829 3588 3878 archontem
3602 3826 3706 3875 velut

2196 3892 2531 3957 adoptatorum
2549 3908 2578 3945 a
2597 3894 2790 3945 duobus
2812 3896 3122 3947 Euo-temonis
3142 3896 3256 3947 titiis
3271 3898 3377 3962 J‘am
3393 3898 3606 3949 defunctis
3617 3913 3632 3956 ;
3647 3897 3706 3953 et,

2198 3967 2309 4031 quia
2325 3973 2476 4019 semet
2509 3968 2596 4031 ipsi
2619 3970 2804 4019 tutores
2825 3982 3087 4033 puerorum
3107 3971 3328 4022 serebant
3339 4010 3354 4036 ,
3373 3972 3576 4023 archonti
3595 3982 3706 4019 man-

2199 4040 2379 4092 dabant
2395 4046 2452 4093 ut
2469 4044 2785 4095 substantiam
2808 4056 3068 4107 puerorum
3093 4047 3228 4096 velut
3245 4048 3476 4098 orborum
3496 4045 3708 4110 proscnhe·

2200 4114 2274 4162 ret
2289 4113 2593 4177 elocabilem,
2627 4129 2725 4179 quo
2750 4116 2842 4167 sub
2860 4128 3122 4180 puerorum
3153 4119 3353 4170 nomine
3391 4118 3606 4169 bonorum
3639 4114 3708 4163 alia

2199 4189 2469 4241 mercedem
2493 4190 2724 4242 meritura
2745 4192 3068 4255 elocarentur,
3099 4193 3192 4244 alia
3216 4196 3448 4259 tanquam
3471 4192 3706 4257 hypothecae

2201 4264 2624 4327 constituerentur,
2675 4266 2870 4329 polique
2923 4264 3200 4329 figerentur,
3247 4268 3424 4332 quibus
3457 4268 3707 4328 designantur

2201 4335 2327 4385 bona
2363 4335 2414 4385 in
2445 4335 2770 4399 hypothecam
2793 4336 2934 4398 data,
2963 4338 3258 4389 Euctemone
3282 4339 3441 4389 adhuc
3471 4335 3704 4401 superstite,

2201 4410 2290 4473 ipsi
2313 4423 2429 4461 vero
2466 4414 2780 4467 conductores
2809 4424 2896 4475 per
2925 4424 3036 4460 eum
3073 4412 3217 4474 tacti,
3243 4414 3488 4477 vectigalia
3517 4413 3706 4463 bonorum

2201 4486 2513 4550 perciperent.
2580 4488 2679 4549 (37)
2738 4489 2800 4537 Et
2845 4498 3000 4549 quum
3057 4487 3269 4549 primum
3317 4488 3560 4540 tribunalia
3604 4496 3704 4534 com-

2207 4562 2484 4627 plebantur,
2527 4560 2706 4612 archon
2753 4562 2882 4612 bona
2927 4565 2985 4612 ut
3027 4562 3275 4615 elocahitia
3311 4562 3637 4629 promulgabat,
3669 4555 3704 4607 hi

2203 4653 2318 4691 vero
2339 4641 2660 4693 conductores
2683 4654 2736 4693 se
2756 4640 3125 4704 profitebantur.
3190 4645 3374 4694 Verum
3400 4641 3622 4694 eveniebat
3635 4637 3704 4686 ior·

2203 4719 2331 4768 tuito
2348 4720 2404 4768 ut
2424 4718 2598 4781 aliqui,
2620 4719 2704 4783 qui
2721 4718 2972 4769 licitationi
2995 4718 3112 4769 huic
3127 4719 3438 4783 interessent,
3460 4718 3517 4770 ad
3531 4728 3706 4769 neem·

2204 4794 2298 4844 rios
2325 4794 2631 4845 Euctemonis
2666 4794 2757 4844 hac
2787 4794 2848 4844 de
2875 4793 3044 4844 fraude
3073 4794 3188 4855 ipsis
3207 4797 3372 4859 parata
3393 4790 3702 4847 muntiarentz

2204 4864 2252 4914 hi
2271 4878 2382 4927 ergo
2409 4867 2712 4916 accurrentes
2731 4864 3006 4916 indicabant
3018 4864 3266 4928 judicibus
3285 4868 3442 4917 totum
3473 4864 3705 4927 negotium·

2205 4958 2302 5008 quo
2337 4944 2463 4993 facto
2484 4942 2668 5005 jndices
2697 4943 3008 4994 elocationem
3044 4943 3278 4995 honorum
3317 4938 3704 5008 reprehendebam

2205 5018 2336 5082 quod
2356 5018 2396 5068 si
2423 5018 2668 5069 occultum
2699 5020 2975 5079 mansisset,
3001 5019 3102 5067 tota
3125 5018 3219 5068 iilis
3249 5017 3506 5069 substantia
3529 5012 3706 5064 funditus

2206 5088 2609 5209 ρξῖιιξὶεῐειρέωῃίιῖίιο
2637 5089 2811 5151 testes,
2836 5088 2918 5151 qui
2935 5088 3002 5138 rei
3024 5090 3170 5150 gestae
3189 5087 3250 5138 de
3273 5100 3368 5151 qua
3387 5084 3522 5137 modo
3541 5094 3668 5144 expo
3671 5078 3708 5125 ui
