3825 5842
129 458 358 539 {wi—⁵⁰9)

75 618 109 661 ι
177 611 238 653 ss.
258 587 410 661 Μήτε
432 577 526 646 οὖν
547 593 712 647 ταῦτα
739 587 896 645 αὐτοῦ
915 584 1249 666 ἀποδέχεσθε,
1273 586 1410 664 μήτε
1428 585 1491 645 ἂν
1508 585 1635 668 λέγῃ

119 690 176 742 ὅτι
195 680 364 757 πολλῷ
382 675 568 757 χρόνῳ
587 673 797 756 ὕστερον
823 672 1210 754 τιμωρούμεθα.
1257 675 1339 735 Οὐ
1363 673 1462 755 γὰρ
1492 664 1640 751 οἶμαι

118 765 326 845 οὐδεμίαν
349 766 457 822 τῶν
475 761 724 822 τοιούτων
753 760 1095 839 ἀδικημάτων
1123 760 1442 840 προθεσμίαν
1472 752 1634 840 εἶναι,

117 858 205 917 ἀλλ’
227 852 323 931 ἐγὼ
347 850 444 929 μὲν
471 842 652 929 οἶμαι,
673 848 766 909 εἴτ’
801 846 946 915 εὐθὺς
965 846 1068 907 εἴτε
1091 850 1264 929 χρόνῳ
1293 872 1370 916 τις
1389 854 1642 931 τιμωρεῖ-

115 969 180 1005 ται
195 988 208 1015 ,
229 946 404 1000 τοῦτον
440 940 553 999 δεῖν
576 936 938 997 ἀποδεικνύναι
968 939 1038 1004 ὡς
1059 938 1116 995 οὐ
1141 936 1398 1009 πεποίηκε
1421 935 1542 1018 περὶ
1569 928 1640 996 ὧν

115 1039 224 1093 ἐστιν
243 1034 276 1101 ἡ
303 1026 467 1086 αἰτία.
559 1026 646 1105 (ss)
671 1018 840 1093 Οὗτος
857 1023 1025 1085 τοίνυν
1054 1029 1205 1084 τοῦτο
1221 1025 1549 1107 ἀποφαινέτω
1567 1025 1640 1104 ,ἢ

112 1126 166 1187 ὣς
205 1121 291 1179 οὐκ
321 1114 630 1175 ἀπέκτεινεν
673 1112 893 1181 ἐκείνους
935 1110 970 1185 ἢ
1009 1117 1078 1181 ὡς
1119 1111 1356 1185 δικαίως,
1385 1112 1544 1173 κακόν
1589 1138 1639 1172 τι

63 1212 352 1273 ωποιοῦντας
391 1200 484 1263 τὸν
529 1204 694 1280 δῆμον
729 1205 830 1261 τῶν
875 1200 1176 1273 Ἀθηναίων.
1288 1203 1356 1262 Ei
1383 1200 1437 1260 δὲ
1472 1200 1638 1261 πάλαι

112 1296 204 1356 δέον
221 1295 564 1371 τιμωρεῖσθαι
591 1289 800 1371 ὕστερον
820 1294 971 1366 ἡμεῖς
993 1288 1383 1368 τιμωρούμεθα,
1401 1288 1489 1348 τὸν
1511 1290 1634 1370 χρό·

113 1378 445 1461 νονκερδσίνει
478 1376 538 1437 ὃν
577 1377 668 1450 ἔζη
697 1380 756 1438 οὐ
797 1381 1058 1457 προσῆκον
1091 1378 1264 1458 αὐτῷ,
1295 1379 1342 1436 οἱ
1370 1374 1425 1435 δὲ
1463 1376 1641 1458 ἄνδρες

113 1470 196 1529 ὐπὸ
213 1466 388 1527 τούτου
421 1465 574 1525 οὐδὲν
607 1460 762 1539 ἧττον
797 1463 1123 1537 τεθνήκασιν.

173 1578 238 1619 85.
280 1552 480 1616 Ἀκούω
527 1553 574 1613 δ’
622 1552 776 1613 αὐτὸν
813 1552 903 1612 καὶ
955 1550 1384 1633 διισχυρίζεσθαι,
1436 1550 1515 1612 ὅτι
1557 1552 1642 1612 ἐπ’

113 1643 372 1727 αὐτοφώρῳ
403 1646 472 1723 τῇ
503 1644 770 1723 ἀπαγωγῇ
795 1638 1190 1723 ἐπιγέγραπται·
1231 1640 1260 1699 ὃ
1294 1640 1504 1700 πάντων
1537 1640 1641 1719 ἐγὼ

111 1725 234 1813 οἶμαι
277 1729 643 1803 εὐηθέστατον·
682 1732 753 1797 ὡς
792 1730 840 1787 εἴ
882 1727 976 1806 μὲν
1026 1728 1085 1787 τὸ
1118 1726 1198 1787 ἐπ’
1241 1726 1524 1809 αὐτοφώρῳ
1564 1725 1638 1804 μὴ

111 1818 533 1903 προσεγέγραπτο,
558 1816 735 1897 ἔνοχος
759 1812 833 1874 ὢν
859 1820 926 1898 τῇ
949 1816 1229 1895 ἀπαγωγῇ·
1258 1813 1386 1873 διότι
1411 1814 1468 1873 δὲ
1489 1821 1642 1875 τοῦτο

56 1906 510 1987 ‚anmi-{pamm
525 1948 544 1978 ,
597 1901 866 1986 ῥᾳστώνην
917 1901 1035 1961 τινὰ
1087 1901 1254 1962 οἴεται
1300 1904 1440 1982 αὐτῷ
1489 1892 1639 1965 εἶναι.

111 2001 258 2059 Τοῦτο
283 1994 334 2054 δὲ
357 1992 524 2053 οὐδενὶ
564 1992 714 2073 ἄλλῳ
740 1990 905 2051 ἔοικεν
940 1987 977 2061 ἢ
1019 1992 1287 2067 ὁμολογεῖν
1317 1993 1640 2064 ἀποκτεῖναι,

111 2084 174 2160 μὴ
199 2083 278 2140 ἐπ’
305 2080 598 2162 αὐτοφώρῳ
625 2078 708 2147 δέ,
744 2077 836 2137 καὶ
862 2074 984 2158 περὶ
1010 2074 1192 2135 τούτου
1217 2076 1640 2156 διισχυρίζεσθαι,

111 2175 294 2251 ὥσπερ,
313 2174 358 2231 εἷ
381 2169 456 2243 μὴ
471 2169 556 2229 ἐπ’
587 2166 870 2250 αὐτοφώρῳ
898 2165 1014 2244 με’ν,
1045 2164 1315 2225 ἀπέκτεινε
1338 2163 1395 2224 δέ
1409 2209 1428 2241 ,
1458 2164 1641 2224 τούτου

110 2260 242 2318 ἕνεκα
265 2256 369 2317 δέον
387 2254 544 2316 αὐτὸν
579 2256 851 2326 σώζεσθαι.
938 2252 1028 2335 (aa)
1068 2256 1292 2314 Δοκοῦσι
1323 2253 1368 2311 δ’
1401 2249 1574 2331 ἔμοιγε
1594 2254 1642 2311 οἱ

51 2362 70 2401 ⁵
113 2346 270 2407 ἕνδεκα
291 2348 336 2405 οἱ
361 2342 783 2426 παραδεξάμενοι
801 2340 896 2413 τὴν
917 2338 1207 2419 ἀπαγωγὴν
1233 2338 1448 2414 ταύτην,
1469 2339 1641 2417 οἰόμε-

109 2458 177 2494 νοι
198 2432 448 2514 Ἀγοράτῳ
503 2430 862 2511 συμπράττειν
909 2428 1027 2489 τότε
1073 2427 1167 2487 καὶ
1213 2427 1642 2510 διισχυριζόμενοι

115 2522 285 2605 σφόδρα
309 2524 466 2603 ὀρθῶς
483 2524 712 2593 ποιῆσαι
737 2517 928 2579 Διονύσ
1021 2561 1038 2595 ,
1071 2517 1164 2588 τὴν
1195 2515 1483 2596 ἀπαγωγὴν
1503 2516 1644 2575 ἀπά-

113 2636 204 2687 γειν
227 2609 617 2689 ἀναγκάζοντες,
638 2605 954 2689 προσγράψα
1021 2628 1076 2663 αι
1096 2604 1216 2665 τότε
1235 2608 1316 2665 ἐπ’
1337 2603 1640 2687 αὐτοφώρῳ,

113 2700 274 2771 ἢὸπου
301 2698 360 2757 ἂν
383 2689 438 2779 ᾖ·
463 2702 682 2778 πρῶτον
717 2694 810 2774 μὲν
839 2693 1066 2753 ἐναντίον
1109 2689 1465 2752 πεντακοσίων
1493 2696 1546 2752 ἐν
1573 2697 1640 2773 τῇ

119 2790 285 2867 βουλῇ,
307 2776 416 2845 εἶτα
436 2786 606 2845 πάλιν
646 2782 873 2844 ἐναντίον
891 2778 1174 2853 Ἀθηναίων
1203 2780 1448 2840 ἁπάντων
1475 2783 1530 2839 ἐν
1567 2783 1642 2861 τῷ

117 2873 244 2954 δήμῳ
263 2872 576 2955 ἀπογράψας
599 2869 740 2937 τινὰς
769 2869 1094 2930 ἀποκτείνειε·
1127 2867 1216 2928 καὶ
1258 2866 1418 2935 αἴτιος
1443 2866 1642 2945 γένοιτο

115 2968 188 3019 τοῦ
207 2960 428 3021 θανάτου.
523 2956 620 3041 (87)
652 2959 734 3018 Oi»
765 2955 866 3037 γὰρ
903 2955 1069 3029 δήπου
1093 2961 1243 3015 τοῦτο
1282 2954 1436 3034 μόνον
1478 2953 1642 3015 οἴεται

57 3064 94 3105 ιο
115 3050 182 3107 ἐπ’
209 3048 504 3129 αὐτοφώρῳ,
545 3044 640 3105 ἐάν
668 3068 743 3112 τις
771 3042 962 3126 ξύλῳῆ
1001 3042 1241 3124 μαχαίρᾳ
1269 3041 1503 3111 πατάξας
1543 3066 1636 3101 κα·

115 3136 324 3216 ταὸάλῃ,
364 3134 476 3195 ἐπεὶ
516 3133 581 3193 ἔκ
612 3156 673 3212 γε
706 3136 796 3191 τοῦ
835 3137 928 3191 σοῦ
968 3130 1122 3207 λόγου
1163 3130 1328 3197 οὐδεὶς
1353 3130 1642 3212 φανήσεται

117 3224 392 3292 ἀποκτείνας
432 3222 556 3291 τούς
601 3222 790 3302 ἄνδρας
816 3219 902 3289 οὓς
946 3218 1009 3279 σὺ
1039 3218 1366 3301 ἀπέγραψας
1390 3217 1508 3279 οὕτε
1538 3218 1640 3302 γὰρ

115 3312 334 3382 ἐπάταξεν
374 3310 562 3378 αὐτοὺς
595 3310 760 3377 οὐδεὶς
805 3308 914 3369 οὔτ’
955 3306 1284 3390 ἀπέσφαξεν,
1333 3308 1452 3367 ἀλλ’
1475 3310 1643 3386 ἀναγ-

115 3400 350 3468 κασθέντες
372 3399 472 3459 ὐπὸ
489 3404 590 3471 τῆς
612 3402 706 3470 σ’ῆς
728 3400 1034 3479 ἀπογραφῆς
1055 3394 1327 3458 ἀπέθανον.
1410 3396 1526 3456 Οὐκ
1553 3387 1640 3455 οὗν

115 3484 302 3557 δαῖτιος
337 3493 428 3547 τοῦ
455 3486 717 3564 θανάτου,
759 3479 904 3553 οὗτος
933 3487 1016 3545 ἐπ’
1048 3482 1334 3566 αὐτοφώρῳ
1379 3484 1519 3563 ἐστί,
1547 3484 1642 3552 Τίς

113 3569 186 3635 οὐν
211 3578 352 3645 ἄλλος
378 3576 542 3645 αἴτιος
568 3574 608 3647 ἢ
653 3574 715 3634 σύ
740 3571 1081 3655 ἀπογράψαςς
1116 3571 1252 3632 ὥστε
1280 3574 1392 3639 πῶς
1430 3573 1524 3632 οὐκ
1558 3574 1640 3631 ἐπ’

55 3686 92 3726 ιε
115 3663 366 3746 αὐτοφώρῳ
394 3662 456 3723 σύ
479 3655 531 3723 εἶ
550 3667 582 3721 ὃ
609 3660 916 3728 ἀποκτείνας
929 3684 946 3733 ;

177 3773 244 3812 ss.
274 3749 613 3829 Πυνθάνομαι
631 3752 677 3809 δ’
698 3748 852 3809 αὐτὸν
872 3747 963 3808 καὶ
979 3746 1213 3829 περὶτῶν
1233 3745 1400 3829 ὅρκων
1419 3746 1640 3829 καὶπερὶ

111 3842 198 3899 τῶν
217 3844 472 3912 συνθηκῶν
498 3838 713 3917 μέλλειν
729 3836 928 3916 λέγειν,
951 3838 1022 3904 ὥς
1040 3833 1188 3915 παρὰ
1211 3834 1326 3903 τούς
1344 3834 1524 3917 ὅρκους
1552 3836 1643 3895 καὶ

109 3928 188 3999 τὰς
223 3927 472 4001 συνθήκας
499 3926 808 4005 ἀγωνίζεται
847 3924 910 3992 ἀς
945 3923 1256 4001 συνεθέμεθα
1288 3923 1419 4003 πρὸς
1444 3923 1564 3990 τούς
1589 3926 1642 3984 ἐν

109 4015 236 4075 ἄστει
255 4019 300 4074 οἱ
314 4018 366 4075 ἐν
388 4020 465 4098 τῷ
479 4018 740 4097 Πειραιεῖ.
763 4012 960 4095 Σχεδὸν
992 4012 1086 4091 μὲν
1107 4002 1195 4072 οὗν
1219 4010 1418 4080 τούτοις
1443 4014 1644 4094 ἶσχυρι·

107 4103 293 4181 ζόμενος
313 4105 563 4181 ὁμολογεῖ
579 4100 878 4186 ἀνδροφόνος
905 4092 1056 4160 εἶναι·
1083 4098 1326 4179 ἐμποδὼν
1355 4105 1477 4179 γοῦν
1503 4099 1644 4182 ἢὸρ-

108 4214 212 4259 κους
233 4190 268 4263 ἢ
291 4190 554 4263 συνθήκας
577 4190 612 4262 ἢ
633 4190 820 4273 χρόνον
839 4188 875 4262 ἢ
906 4191 990 4248 ἐπ’
1013 4187 1298 4271 αὐτοφώρῳ
1319 4211 1372 4248 τι
1388 4198 1642 4266 ποιεῖται,

109 4282 234 4359 αὐτῷ
252 4278 304 4338 δὲ
321 4283 395 4362 τῷ
417 4277 696 4360 πράγματι
712 4278 770 4338 οὐ
783 4302 835 4337 τι
855 4276 1085 4337 πιστεύει
1105 4279 1279 4344 καλῶς
1293 4280 1642 4357 ἀγωνιεῖσθαι.

53 4394 90 4433 ιο
109 4370 181 4449 (aa)
200 4369 350 4447 Ὑμῖν
372 4368 449 4447 δέ,
469 4358 514 4428 ὦ
540 4367 720 4449 ἄνδρες
742 4366 1003 4441 δικασταί,
1023 4368 1080 4425 οὐ
1103 4365 1365 4447 προσήκει
1385 4366 1506 4448 περὶ
1530 4366 1646 4426 τού-

109 4481 197 4517 των
218 4456 574 4539 ἀποδέχεσθαι·
597 4456 715 4516 ἀλλ’
737 4458 808 4525 ὣς
833 4458 927 4515 οὐκ
947 4454 1247 4535 ἀπέγραψεν
1267 4454 1381 4514 οὐδὲ
1395 4456 1442 4513 οἳ
1463 4454 1645 4535 ἄνδρες

110 4552 330 4623 τεθνᾶσι,
374 4546 498 4629 περὶ
539 4542 735 4605 τούτων
763 4546 1000 4603 κελεύετε
1047 4544 1202 4603 αὐτὸν
1247 4546 1640 4623 ἀπολογεῖσθαι.

111 4632 318 4695 Ἔπειτα
343 4634 458 4703 τοὺς
489 4633 672 4715 ὅρκους
710 4632 801 4692 καὶ
835 4632 925 4700 τὰς
959 4630 1188 4704 συθήκας
1231 4630 1377 4691 οὐδὲν
1409 4636 1643 4710 ἡγοῢμαι

113 4724 368 4803 προσήκειν
402 4723 529 4800 ἡμῖν
557 4721 686 4802 πρὸς
715 4727 912 4781 τοῦτον.
995 4722 1065 4781 Οἱ
1093 4719 1194 4801 γὰρ
1217 4717 1362 4801 ὅρκοι
1380 4727 1484 4787 τοῖς
1509 4722 1562 4778 ἐν
1588 4719 1641 4778 ἄ-

119 4832 212 4867 στει
234 4810 355 4891 πρὸς
372 4807 489 4877 τούς
516 4812 569 4868 ἐν
594 4811 834 4889 Πειραιεῖ
857 4807 1182 4887 γεγένηνται.
1229 4808 1318 4885 (90)
1346 4809 1415 4868 Ei
1435 4806 1530 4886 μὲν
1555 4797 1642 4866 οὐν

119 4887 240 4963 οὗτος
261 4898 350 4975 μὲν
370 4900 423 4956 ἐν
447 4896 614 4969 ἄστει,
628 4900 778 4974 ἡμεῖς
798 4898 845 4955 δ’
868 4898 920 4954 ἐν
941 4898 1183 4975 Πειραιεῖ
1206 4888 1357 4972 ἦμεν,
1375 4884 1516 4974 εἶχόν
1528 4918 1644 4955 τινα

57 5000 98 5041 1ο
117 4982 246 5061 λόγον
275 4987 412 5066 αὐτῷ
439 4987 495 5043 αἱ
517 4989 785 5057 συνθῆκαι·
816 4988 906 5043 νῦν
933 4982 988 5043 δὲ
1015 4984 1107 5043 καὶ
1143 4975 1288 5051 οὗτος
1313 4986 1366 5042 ἐν
1403 4985 1648 5063 Πειραιεῖ

123 5061 176 5142 ἦν
195 5072 276 5129 καὶ
298 5072 396 5151 ἐγὼ
424 5072 514 5132 καὶ
545 5072 808 5139 Διονύσιος
833 5070 924 5131 καὶ
965 5062 1105 5130 οὗτοι
1146 5070 1368 5138 ἅπαντες
1395 5072 1440 5129 οἳ
1464 5075 1642 5130 τοῦτον

123 5158 502 5239 τιμωρούμενοι,
556 5159 691 5219 ὥστε
726 5160 824 5218 οὐκ
857 5156 996 5218 ἔστιν
1023 5164 1153 5236 ἡμῖν
1196 5160 1436 5239 ἐμποδὼν
1479 5158 1640 5217 οὐδέν·

129 5246 286 5303 οὐδένα
302 5245 398 5328 γὰρ
416 5246 566 5329 ὅρκον
583 5250 631 5308 οἱ
650 5250 704 5307 ἐν
727 5248 968 5329 Πειραιεῖ
985 5246 1020 5320 ἢ
1041 5256 1145 5316 τοῖς
1165 5250 1220 5308 ἓν
1242 5246 1388 5307 ἄστει
1407 5244 1641 5326 ὤμοσαν.

317 5358 563 5399 curuans.

1037 455 1276 517 LYSIAE
1332 456 1453 517 ΟΒ.
1507 457 1814 519 CONTRA
1855 458 2305 523 AGORATUM.

3170 481 3271 531 16¹

1795 601 1870 649 83.
1903 600 1975 648 Ne
1993 597 2137 662 igitur
2162 598 2278 651 istas
2295 598 2588 653 detensiones
2608 602 2874 666 admittite,
2906 617 3061 667 neque
3088 606 3128 655 si
3159 606 3287 657 dieat

1732 683 1876 747 longo
1896 686 2113 750 tempore
2134 692 2241 751 post
2258 700 2348 738 nos
2364 702 2531 751 poenas
2552 703 2811 753 reposcere.
2876 692 3041 756 Neque
3068 692 3194 742 enim
3213 707 3288 743 ar·

1733 770 1886 822 bitror
1903 788 2007 825 esse
2028 774 2131 826 istis
2146 776 2427 827 criminibus
2449 776 2744 828 vindicandis
2779 778 2934 829 ullum
2958 781 3153 843 tempus
3168 794 3281 830 con·

1733 860 1989 925 stitutum3
2008 865 2059 913 at
2080 863 2181 914 sive
2197 865 2307 928 quis
2324 867 2595 931 extemplo,
2616 866 2719 917 sive
2740 867 2891 918 serius
2912 880 3076 931 poenas
3096 872 3285 931 sumat,

1733 961 1816 999 reo
1848 950 2005 1001 cuivis
2028 952 2227 1003 omnino
2242 953 2337 1003 hoc
2362 966 2465 1005 esse
2488 954 2941 1017 demonstrandum,
2960 970 3013 1007 se
3046 957 3215 1020 utique
3233 972 3287 1007 ea

1733 1050 1830 1087 non
1857 1041 2155 1103 perpetrasse
2184 1055 2392 1104 quorum
2416 1056 2527 1094 reus
2551 1043 2748 1094 sistitur.
2768 1045 2867 1108 (84)
2901 1047 3005 1096 Hoc
3031 1044 3176 1109 igitur
3202 1046 3291 1095 iste

1731 1126 1980 1190 ostendat,
2001 1130 2085 1177 aut
2106 1129 2237 1192 quod
2254 1131 2360 1181 illos
2376 1131 2507 1183 viros
2522 1146 2622 1181 non
2652 1132 2913 1195 occiderit,
2933 1136 3020 1184 aut
3049 1133 3179 1197 quod
3201 1147 3287 1182 oc-

1731 1214 1902 1266 ciderit
1927 1215 2037 1278 iure
2068 1217 2131 1267 de
2154 1220 2335 1282 populo
2362 1220 2636 1271 Atheniensi
2668 1222 2793 1272 male
2827 1222 3039 1295 meritos.
3106 1223 3288 1282 Quodsi

1731 1302 1883 1353 serius
1897 1317 2063 1367 poenas
2077 1319 2382 1369 reposcamus
2399 1322 2510 1370 quae
2526 1308 2710 1358 dudum
2728 1309 2902 1360 debitoe
2924 1312 3079 1374 erant,
3094 1313 3285 1362 tantum

1733 1391 1963 1453 temporis
1993 1392 2228 1443 lucrifecit
2251 1408 2351 1457 quo
2386 1395 2509 1445 vixit
2540 1398 2715 1459 pra-ter
2744 1397 2891 1460 ipsius
2915 1398 3143 1449 meritum
3177 1419 3190 1449 ι
3218 1400 3287 1451 illi

1731 1474 1896 1523 autem
1922 1473 2015 1523 viri
2030 1474 2339 1526 nihilominus
2360 1475 2542 1540 abipso
2558 1479 2673 1527 sunt
2690 1478 2947 1529 interfecti.

1794 1565 1868 1611 85.
1907 1560 2064 1612 Audio
2090 1565 2251 1614 autem
2279 1564 2425 1615 istum
2463 1565 2553 1615 hac
2587 1580 2638 1615 re
2675 1566 2764 1616 niti
2798 1568 3037 1631 maxime,
3065 1567 3195 1631 quod
3236 1568 3287 1617 in

1731 1648 1890 1699 libello
1908 1652 2205 1701 accusatorio
2224 1652 2441 1715 legantur
2464 1666 2521 1702 ea
2536 1653 2685 1702 verba
2702 1652 2775 1703 ἐπ’
2792 1654 3047 1719 αὐτοφώρῳ
3076 1656 3160 1718 (in
3172 1654 3289 1719 fla·

1730 1741 1916 1799 yrante
1936 1738 2119 1790 delicto
2136 1740 2184 1802 );
2200 1738 2251 1788 id
2263 1740 2393 1804 quod
2408 1742 2481 1790 est
2496 1778 2511 1803 ,
2530 1742 2586 1791 ut
2599 1742 2785 1805 opinor,
2800 1743 3017 1793 omnium
3039 1744 3284 1794 absurdis-

1730 1826 1906 1877 simum
1924 1846 1937 1876 ι
1956 1840 2128 1892 nempe
2140 1828 2440 1879 accusatione
2452 1830 2552 1892 ipse
2565 1831 2807 1881 teneretur
2818 1831 2859 1881 si
2874 1843 2931 1881 ea
2941 1832 3087 1882 verba
3100 1845 3199 1882 non
3211 1833 3293 1884 ad·

1731 1913 1830 1964 dita
1846 1915 2045 1966 tuissent
2058 1931 2074 1979 ;
2088 1916 2204 1980 quia
2220 1919 2382 1967 autem
2396 1917 2560 1969 addita
2573 1920 2704 1983 sunt,
2723 1933 2781 1970 eo
2800 1920 2889 1970 sibi
2902 1919 3118 1971 levamen
3136 1920 3288 1984 quod·

1731 2002 1844 2051 dam
1875 2004 2101 2066 reperisse
2120 2004 2379 2055 existimat.
2414 2005 2507 2055 Sed
2524 2005 2576 2055 id
2594 2006 2713 2056 nihil
2732 2006 2863 2057 aliud
2882 2009 2957 2058 est
2976 2020 3123 2071 quam
3150 2008 3289 2058 fateri

1731 2102 1783 2139 se
1804 2090 1948 2140 ruisse
1969 2090 2284 2154 homicidam,
2306 2094 2355 2143 et
2372 2091 2434 2143 de
2451 2093 2543 2143 hoc
2561 2094 2850 2145 contendere
2862 2132 2877 2157 ,
2897 2095 3026 2160 quod
3040 2132 3055 2157 ,
3078 2095 3117 2145 si
3139 2094 3290 2145 homi·

1732 2176 1913 2228 cidium
1932 2178 2291 2241 perpetraverit,
2308 2191 2409 2228 non
2421 2180 2582 2229 tamen
2602 2180 2675 2229 ἐπ’
2694 2181 2950 2246 αὐτοφώρῳ
2968 2182 3290 2246 deprehensus

1733 2266 1902 2328 fuerit,
1928 2264 2107 2315 idcirco
2124 2266 2215 2316 sibi
2237 2266 2496 2317 condonari
2518 2268 2777 2331 oporteret.
2838 2271 2937 2334 (88)
2960 2273 3141 2322 Verum
3171 2272 3289 2322 mihi

1731 2352 1956 2403 videntur
1978 2353 2293 2404 undecimviri
2317 2355 2401 2417 qui
2422 2355 2639 2406 libellum
2662 2356 2794 2406 bunc
2820 2360 3171 2410 accusatorium
3209 2375 3287 2411 re-

1732 2452 1928 2503 cepere,
1954 2454 2054 2491 non
2078 2441 2213 2504 quod
2246 2444 2452 2505 Agorato
2476 2442 2570 2493 hoc
2604 2445 2909 2508 profuturum
2935 2447 3287 2511 existimarent,

1731 2527 1814 2577 sed
1828 2541 1886 2578 eo
1901 2529 2002 2593 ipso
2016 2528 2352 2581 confirmantes
2366 2534 2495 2581 recte
2510 2534 2561 2583 et
2572 2532 2681 2595 jure
2699 2546 2836 2597 agere
2852 2534 3149 2598 Dionysium,
3167 2537 3291 2586 hanc

1732 2616 1867 2667 litem
1903 2618 1955 2667 in
1986 2618 2147 2668 sorum
2182 2618 2540 2671 introducentes
2574 2622 2779 2685 coegisse
2814 2622 3093 2685 Dionysium
3129 2623 3289 2674 libello

1731 2704 1971 2755 ascribere
1984 2742 1998 2767 ‚
2039 2718 2093 2756 se
2112 2720 2337 2758 accusare
2360 2710 2617 2771 Agoratum
2642 2712 2699 2759 ut
2735 2710 3024 2761 homicidam
3048 2712 3121 2761 ἐπ’
3147 2714 3289 2762 αὐτο-

1732 2794 1891 2857 φώρῳ,
1906 2793 2295 2859 quandoquidem
2311 2798 2541 2859 Agoratus
2550 2796 2757 2861 primum
2768 2812 2931 2849 coram
2946 2801 3227 2863 Quingentis
3238 2802 3290 2852 in

1731 2884 1900 2933 senatu
1911 2919 1929 2945 ,
1953 2882 2125 2933 deinde
2151 2897 2312 2935 coram
2330 2885 2565 2937 universis
2582 2887 2947 2939 Atheniensibus
2964 2889 3013 2939 in
3032 2890 3261 2940 concione
3274 2928 3288 2951 ‚

1731 2968 1832 3033 ipse
1847 2968 2066 3020 deserens
2084 2971 2344 3021 nonnullos
2359 2972 2628 3023 occidisset.
2662 2973 2761 3037 (87)
2782 2977 2889 3025 Non
2906 2974 3036 3024 enim
3050 2977 3179 3026 certe
3196 2976 3291 3027 hoc

1730 3056 2035 3107 solummodo
2066 3060 2239 3122 putant
2256 3072 2357 3109 esse
2370 3060 2443 3109 ἐπ’
2470 3061 2724 3125 αὐτοφώρῳ
2742 3096 2759 3123 ,
2780 3061 2821 3111 si
2842 3062 2949 3125 quis
2968 3062 3047 3113 vel
3066 3063 3191 3114 fuste
3212 3066 3287 3115 vel

1732 3146 1858 3197 t'erro
1879 3145 2091 3209 aliquem
2116 3160 2397 3210 percussum
2421 3147 2559 3197 humi
2577 3148 2888 3211 prostraverit
2906 3169 2921 3199 ι
2984 3162 3097 3201 nam
3121 3164 3182 3201 ex
3206 3154 3290 3201 tua

1731 3234 2121 3299 interpretatione
2145 3248 2287 3285 nemo
2309 3237 2401 3287 erit
2420 3237 2507 3299 qui
2536 3236 2645 3288 illos
2670 3238 2802 3289 viros
2826 3236 3058 3289 occiderit
3078 3252 3201 3303 quos
3232 3242 3289 3291 m

1731 3322 1943 3373 detulisti
1954 3338 1971 3386 ς
1993 3336 2151 3387 neque
2172 3324 2297 3373 enim
2327 3337 2410 3374 eos
2444 3324 2617 3388 aliquis
2646 3325 2881 3389 percussit
2918 3328 3003 3377 aut
3023 3326 3286 3391 jugulavit,

1731 3409 1814 3460 sed
1829 3412 1910 3460 tua
1926 3410 2167 3462 delatione
2189 3412 2339 3462 coacti
2364 3414 2477 3463 sunt
2500 3412 2626 3463 mori
2644 3413 2851 3464 cicutam
2867 3414 3102 3466 bibentes.
3122 3419 3291 3466 Nonne

1728 3498 1873 3563 igitur
1897 3500 1965 3563 is,
1984 3500 2069 3563 qui
2086 3502 2257 3551 auctor
2276 3500 2409 3553 necis
2426 3503 2523 3564 est,
2544 3501 2618 3551 ἐπ’
2640 3502 2899 3569 αὐτοφώρῳ
2918 3505 3019 3554 est?
3038 3505 3158 3562 Quis
3174 3518 3291 3555 vcro

1731 3583 1854 3635 alius
1869 3584 2043 3635 auctor
2068 3586 2158 3635 suit
2179 3598 2325 3649 quam
2346 3587 2403 3636 tu
2427 3584 2513 3650 qui
2531 3585 2659 3650 ipsos
2676 3585 2918 3639 detulisti?
2937 3590 3105 3653 ltaque
3125 3592 3211 3653 qul
3234 3591 3289 3640 tu

1730 3680 1897 3719 eorum
1923 3682 2020 3719 non
2038 3670 2222 3719 occisor
2243 3670 2373 3720 fuisti
2391 3672 2464 3722 ἐπ’
2490 3671 2778 3736 αὐτοφώρῳῖ

1796 3758 1872 3803 88.
1910 3754 2083 3817 Accepi
2113 3768 2306 3818 quoque
2340 3767 2451 3805 eum
2490 3753 2551 3805 de
2568 3754 2881 3819 iureiurando
2898 3760 2947 3807 et
2968 3756 3031 3807 de
3045 3757 3291 3808 conventis

1731 3839 1914 3903 aliquid
1937 3840 2207 3903 dicturum,
2239 3840 2370 3905 quod
2392 3854 2564 3905 nempe
2582 3842 2732 3904 injus
2751 3845 2955 3894 vocetur
2981 3847 3151 3895 contra
3182 3844 3289 3907 jus-

1728 3927 2017 3991 Jurandum,
2066 3930 2117 3979 et
2160 3931 2329 3980 contra
2359 3942 2418 3981 ea
2466 3934 2705 3982 conventa
2744 3944 2859 3995 quae
2884 3931 3143 3983 Piraeenses
3177 3945 3287 3981 cum

1731 4016 1928 4067 urbanis
1948 4016 2207 4067 iniverunt.
2272 4018 2359 4068 His
2376 4018 2520 4081 igitur
2539 4019 2747 4069 conlisus
2767 4019 2942 4070 fatetur
2962 4032 3015 4070 se
3036 4018 3181 4069 ruisse
3196 4020 3287 4069 ho-

1731 4104 1956 4156 micidam
1983 4124 1996 4155 =
2017 4106 2217 4170 opponit
2236 4106 2417 4157 scilicet
2435 4106 2791 4170 jusjurandum,
2804 4109 3059 4171 conventa,
3074 4107 3287 4170 elapsum

1731 4193 1947 4256 tempus,
1972 4194 2123 4244 verba
2156 4193 2229 4243 ἐπ’
2258 4194 2513 4259 αὐτοφώρῳ
2543 4194 2731 4257 addita;
2767 4196 2818 4245 at
2850 4194 2938 4259 ipsi
2973 4206 3131 4245 causae
3161 4193 3287 4244 diffi-

1732 4279 1830 4343 dit,
1849 4294 2007 4345 neque
2038 4281 2151 4332 hinc
2175 4283 2336 4346 sperat
2372 4296 2475 4333 rem
2504 4282 2595 4346 ipsi
2622 4283 2747 4333 bene
2776 4296 3033 4333 cessuram.
3068 4284 3167 4345 (89)
3190 4286 3286 4334 Ηυ-

1726 4369 1938 4433 ,ῑιιεωοᾱί
1964 4372 2127 4421 autem
2144 4371 2319 4435 et'thgia
2354 4373 2569 4422 vestrum
2588 4375 2686 4433 est,
2707 4371 2919 4434 iudices,
2954 4384 3150 4435 prorsus
3176 4370 3286 4435 reji-

1731 4470 1841 4509 cere
1852 4474 1868 4521 ;
1891 4458 1976 4508 sed
1994 4458 2139 4509 istum
2157 4457 2323 4522 jubete
2343 4458 2463 4509 illud
2480 4458 2761 4523 defendere,
2784 4460 2861 4509 vel
2880 4460 3012 4523 quod
3032 4460 3141 4511 illos
3160 4464 3288 4511 viros

1733 4560 1831 4596 non
1861 4545 2114 4609 detulerit,
2146 4546 2223 4597 vel
2247 4547 2378 4611 quod
2403 4547 2473 4597 illi
2495 4560 2593 4599 non
2615 4548 2883 4598 interierint
2908 4548 3173 4613 :siquidem
3188 4548 3286 4611 jus-

1729 4634 1996 4697 iurandum
2022 4638 2073 4687 et
2095 4637 2331 4686 conventa
2347 4636 2467 4686 nihil
2500 4635 2561 4685 ad
2588 4650 2673 4687 vos
2697 4637 2939 4700 pertinere
2958 4637 3163 4687 arbitror
3181 4650 3287 4699 erga

1732 4722 1897 4774 istum.
1962 4726 1991 4775 J
1996 4724 2311 4786 usim-andum
2342 4724 2473 4775 enim
2494 4724 2665 4775 datum
2697 4726 2770 4775 est
2796 4724 2993 4775 urbanis
3025 4738 3057 4775 a
3078 4726 3290 4775 Piraeen·

1731 4811 1881 4863 sibus.
1920 4812 2019 4875 (90)
2039 4813 2088 4863 si
2108 4812 2255 4876 igitur
2270 4812 2361 4863 iste
2386 4813 2437 4862 in
2462 4812 2581 4863 urbe
2604 4813 2799 4877 suisset,
2833 4816 2881 4863 et
2898 4826 2987 4864 nos
3004 4813 3053 4863 in
3081 4814 3288 4875 Piraeeo,

1731 4900 1932 4951 haberet
1970 4902 2140 4964 utique
2177 4901 2377 4952 rationis
2415 4902 2623 4965 speciem
2649 4900 2783 4965 quod
2812 4902 2914 4965 ipse
2946 4902 3007 4952 de
3043 4902 3292 4951 conventis

1731 4989 1930 5052 profert.
2014 4992 2125 5041 Jam
2159 5001 2276 5039 vero
2301 4990 2391 5039 iste
2430 4990 2481 5039 in
2509 4990 2691 5040 Piraeeo
2730 4991 2862 5053 erat,
2898 4989 3025 5039 sicut
3054 4989 3103 5038 et
3132 5001 3219 5051 ego
3242 4990 3292 5037 et

1733 5076 1987 5140 Dionysius
2004 5114 2019 5141 ,
2047 5080 2193 5140 atque
2213 5077 2265 5128 hi
2287 5090 2454 5128 omnes
2475 5078 2560 5141 qui
2583 5092 2695 5128 eum
2720 5078 2768 5128 in
2803 5078 2883 5141 jus
2903 5078 3098 5127 vocant.
3160 5074 3289 5126 Nihil

1731 5165 1894 5228 itaque
1913 5165 2054 5216 nobis
2088 5168 2162 5217 est
2196 5166 2563 5229 impedimento,
2590 5179 2743 5229 quum
2766 5166 3027 5217 Piraeensoe
3060 5162 3195 5213 nullo
3231 5176 3286 5212 vse

1727 5252 2004 5316 iuramento
2026 5254 2371 5305 obstrinxerint
2389 5267 2500 5317 erga
2522 5266 2604 5304 eos
2626 5254 2709 5317 qui
2734 5266 2833 5303 non
2856 5252 2993 5301 erant
3016 5250 3066 5299 in
3086 5250 3221 5300 urbe-

3026 5354 3072 5397 ιι
