<?xml version="1.0" encoding="UTF-8"?>
<!DOCTYPE html PUBLIC "-//W3C//DTD XHTML 1.0 Transitional//EN"
    "http://www.w3.org/TR/xhtml1/DTD/xhtml1-transitional.dtd">
<html xmlns="http://www.w3.org/1999/xhtml" xml:lang="en" lang="en">
 <head>
  <title>
</title>
<meta http-equiv="Content-Type" content="text/html;charset=utf-8" />
  <meta name='ocr-system' content='tesseract 3.04.00' />
  <meta name='ocr-capabilities' content='ocr_page ocr_carea ocr_par ocr_line ocrx_word'/>
</head>
<body>
  <div class='ocr_page' id='page_1' title='image "./oratoresatticia03unkngoog/oratoresatticia03unkngoog_0090.png"; bbox 0 0 3825 5842; ppageno 0'>
   <div class='ocr_carea' id='block_1_1' title="bbox 623 520 3183 588">
    <p class='ocr_par' dir='ltr' id='par_1_1' title="bbox 623 520 3183 588">
     <span class='ocr_line' id='line_1_1' title="bbox 623 520 3183 588; baseline -0.001 0"><span class='ocrx_word' id='word_1_1' title='bbox 623 536 697 588; x_wconf 75' lang='grc'>76</span> <span class='ocrx_word' id='word_1_2' title='bbox 1466 521 1903 585; x_wconf 83' lang='grc' dir='ltr'><strong>ΑΝΔΟΚΙΔΟΥ</strong></span> <span class='ocrx_word' id='word_1_3' title='bbox 1944 523 1995 583; x_wconf 92' lang='grc' dir='ltr'>Ο</span> <span class='ocrx_word' id='word_1_4' title='bbox 2036 520 2221 583; x_wconf 80' lang='grc' dir='ltr'>ΠΕΡΙ</span> <span class='ocrx_word' id='word_1_5' title='bbox 2260 522 2415 585; x_wconf 81' lang='grc' dir='ltr'>ΤΗΣ</span> <span class='ocrx_word' id='word_1_6' title='bbox 2444 521 2763 584; x_wconf 84' lang='grc' dir='ltr'><strong>-ΕΑΥΤΟΥ</strong></span> <span class='ocrx_word' id='word_1_7' title='bbox 2806 522 3183 586; x_wconf 68' lang='lat' dir='ltr'><strong>memor.</strong></span> 
     </span>
    </p>
   </div>
   <div class='ocr_carea' id='block_1_2' title="bbox 617 652 2167 741">
    <p class='ocr_par' dir='ltr' id='par_1_2' title="bbox 617 652 2167 741">
     <span class='ocr_line' id='line_1_2' title="bbox 617 652 2167 741; baseline -0.006 -19"><span class='ocrx_word' id='word_1_8' title='bbox 617 664 717 722; x_wconf 74' lang='grc' dir='ltr'>νῶν</span> <span class='ocrx_word' id='word_1_9' title='bbox 744 656 1030 741; x_wconf 86' lang='grc' dir='ltr'>χρημάτων</span> <span class='ocrx_word' id='word_1_10' title='bbox 1052 654 1312 729; x_wconf 80' lang='grc' dir='ltr'>δαπάνης,</span> <span class='ocrx_word' id='word_1_11' title='bbox 1333 652 1564 713; x_wconf 79' lang='grc' dir='ltr'>ποιοῦσιν</span> <span class='ocrx_word' id='word_1_12' title='bbox 1590 656 1726 732; x_wconf 73' lang='grc' dir='ltr'>ὑμᾶς</span> <span class='ocrx_word' id='word_1_13' title='bbox 1747 652 1855 713; x_wconf 79' lang='grc' dir='ltr'>εἴτι</span> <span class='ocrx_word' id='word_1_14' title='bbox 1878 652 2167 734; x_wconf 78' lang='grc' dir='ltr'>τυγχάνου-</span> 
     </span>
    </p>
   </div>
   <div class='ocr_carea' id='block_1_3' title="bbox 3547 526 3730 605">
    <p class='ocr_par' dir='ltr' id='par_1_3' title="bbox 3547 526 3730 605">
     <span class='ocr_line' id='line_1_3' title="bbox 3547 526 3730 605; baseline 0.027 -5"><span class='ocrx_word' id='word_1_15' title='bbox 3547 526 3730 605; x_wconf 62' lang='grc' dir='ltr'>(εί-87)</span> 
     </span>
    </p>
   </div>
   <div class='ocr_carea' id='block_1_4' title="bbox 2262 652 3735 721">
    <p class='ocr_par' dir='ltr' id='par_1_4' title="bbox 2262 652 3735 721">
     <span class='ocr_line' id='line_1_4' title="bbox 2262 652 3735 721; baseline 0.003 -17"><span class='ocrx_word' id='word_1_16' title='bbox 2262 654 2417 705; x_wconf 68' lang='lat' dir='ltr'><strong>usarii</strong></span> <span class='ocrx_word' id='word_1_17' title='bbox 2445 654 2659 719; x_wconf 81' lang='lat' dir='ltr'><strong>impensa</strong></span> <span class='ocrx_word' id='word_1_18' title='bbox 2678 652 2816 706; x_wconf 76' lang='lat' dir='ltr'><strong>vobis</strong></span> <span class='ocrx_word' id='word_1_19' title='bbox 2848 656 3095 720; x_wconf 67' lang='lat' dir='ltr'><strong>prostant,</strong></span> <span class='ocrx_word' id='word_1_20' title='bbox 3126 657 3336 721; x_wconf 77' lang='lat' dir='ltr'><strong>siquam</strong></span> <span class='ocrx_word' id='word_1_21' title='bbox 3356 656 3585 721; x_wconf 69' lang='lat' dir='ltr'><strong>praestant,</strong></span> <span class='ocrx_word' id='word_1_22' title='bbox 3602 660 3735 710; x_wconf 76' lang='lat' dir='ltr'><strong>utilita-</strong></span> 
     </span>
    </p>
   </div>
   <div class='ocr_carea' id='block_1_5' title="bbox 615 735 3737 834">
    <p class='ocr_par' dir='ltr' id='par_1_5' title="bbox 615 735 3737 834">
     <span class='ocr_line' id='line_1_5' title="bbox 615 735 3737 834; baseline 0.004 -25"><span class='ocrx_word' id='word_1_23' title='bbox 615 772 696 809; x_wconf 89' lang='grc' dir='ltr'>σιν</span> <span class='ocrx_word' id='word_1_24' title='bbox 717 744 940 826; x_wconf 83' lang='grc' dir='ltr'>ἀγαθόν;</span> <span class='ocrx_word' id='word_1_25' title='bbox 961 746 1014 803; x_wconf 78' lang='grc' dir='ltr'>ἑν</span> <span class='ocrx_word' id='word_1_26' title='bbox 1040 735 1084 827; x_wconf 76' lang='grc' dir='ltr'>ᾧ</span> <span class='ocrx_word' id='word_1_27' title='bbox 1111 744 1200 804; x_wconf 78' lang='grc' dir='ltr'>καὶ</span> <span class='ocrx_word' id='word_1_28' title='bbox 1227 743 1289 802; x_wconf 79' lang='grc' dir='ltr'>ἄν</span> <span class='ocrx_word' id='word_1_29' title='bbox 1317 767 1366 803; x_wconf 88' lang='grc' dir='ltr'>τι</span> <span class='ocrx_word' id='word_1_30' title='bbox 1389 741 1766 823; x_wconf 76' lang='grc' dir='ltr'>ἐξαμάρτωσιν,</span> <span class='ocrx_word' id='word_1_31' title='bbox 1797 743 1891 803; x_wconf 79' lang='grc' dir='ltr'>οὐκ</span> <span class='ocrx_word' id='word_1_32' title='bbox 1913 741 2061 801; x_wconf 77' lang='grc' dir='ltr'>αὐτοὶ</span> <span class='ocrx_word' id='word_1_33' title='bbox 2083 746 2175 813; x_wconf 72' lang='grc' dir='ltr'>τῆς</span> <span class='ocrx_word' id='word_1_34' title='bbox 2264 767 2395 817; x_wconf 71' lang='lat' dir='ltr'><strong>tem?</strong></span> <span class='ocrx_word' id='word_1_35' title='bbox 2414 768 2474 815; x_wconf 84' lang='lat' dir='ltr'><strong>In</strong></span> <span class='ocrx_word' id='word_1_36' title='bbox 2492 779 2591 829; x_wconf 85' lang='lat' dir='ltr'>quo</span> <span class='ocrx_word' id='word_1_37' title='bbox 2606 767 2645 817; x_wconf 82' lang='lat' dir='ltr'>si</span> <span class='ocrx_word' id='word_1_38' title='bbox 2664 767 2782 831; x_wconf 85' lang='lat' dir='ltr'><strong>quid</strong></span> <span class='ocrx_word' id='word_1_39' title='bbox 2807 768 2951 818; x_wconf 80' lang='lat' dir='ltr'><strong>etiam</strong></span> <span class='ocrx_word' id='word_1_40' title='bbox 2975 768 3236 832; x_wconf 80' lang='lat' dir='ltr'><strong>peccarint,</strong></span> <span class='ocrx_word' id='word_1_41' title='bbox 3260 781 3356 818; x_wconf 86' lang='lat' dir='ltr'>non</span> <span class='ocrx_word' id='word_1_42' title='bbox 3372 768 3458 833; x_wconf 75' lang='lat' dir='ltr'><strong>ipsi</strong></span> <span class='ocrx_word' id='word_1_43' title='bbox 3474 768 3581 821; x_wconf 83' lang='lat' dir='ltr'><strong>dant</strong></span> <span class='ocrx_word' id='word_1_44' title='bbox 3596 784 3737 834; x_wconf 77' lang='lat' dir='ltr'><strong>poenas,</strong></span> 
     </span>
    </p>
   </div>
   <div class='ocr_carea' id='block_1_6' title="bbox 513 830 2172 5323">
    <p class='ocr_par' dir='ltr' id='par_1_6' title="bbox 513 830 2172 5323">
     <span class='ocr_line' id='line_1_6' title="bbox 615 830 2171 919; baseline -0.006 -22"><span class='ocrx_word' id='word_1_45' title='bbox 615 835 864 919; x_wconf 74' lang='grc' dir='ltr'>’σφετέρας</span> <span class='ocrx_word' id='word_1_46' title='bbox 903 835 1072 892; x_wconf 79' lang='grc' dir='ltr'>αὐτῶν</span> <span class='ocrx_word' id='word_1_47' title='bbox 1111 830 1367 914; x_wconf 77' lang='grc' dir='ltr'>ἁμαρτίας</span> <span class='ocrx_word' id='word_1_48' title='bbox 1395 831 1542 903; x_wconf 80' lang='grc' dir='ltr'>δίκην</span> <span class='ocrx_word' id='word_1_49' title='bbox 1575 830 1823 903; x_wconf 87' lang='grc' dir='ltr'>διδόασιν,</span> <span class='ocrx_word' id='word_1_50' title='bbox 1863 830 1980 890; x_wconf 82' lang='grc' dir='ltr'>ἀλλ’</span> <span class='ocrx_word' id='word_1_51' title='bbox 2024 833 2171 908; x_wconf 78' lang='grc' dir='ltr'>ὑμεῖς</span> 
     </span>
     <span class='ocr_line' id='line_1_7' title="bbox 514 909 2172 1007; baseline -0.005 -22"><span class='ocrx_word' id='word_1_52' title='bbox 514 914 520 922; x_wconf 60' lang='grc'><strong>’</strong></span> <span class='ocrx_word' id='word_1_53' title='bbox 614 928 742 1007; x_wconf 68' lang='grc' dir='ltr'>ὑπὲρ</span> <span class='ocrx_word' id='word_1_54' title='bbox 763 926 866 982; x_wconf 79' lang='grc' dir='ltr'>τῶν</span> <span class='ocrx_word' id='word_1_55' title='bbox 895 921 1102 989; x_wconf 79' lang='grc' dir='ltr'>ἐκείνοις</span> <span class='ocrx_word' id='word_1_56' title='bbox 1131 917 1539 1001; x_wconf 82' lang='grc' dir='ltr'>ἡμαρτημένων.</span> <span class='ocrx_word' id='word_1_57' title='bbox 1627 920 1718 997; x_wconf 76' lang='grc' dir='ltr'>(ιε)</span> <span class='ocrx_word' id='word_1_58' title='bbox 1747 918 1896 978; x_wconf 41' lang='grc' dir='ltr'>Ἀλλ’.</span> <span class='ocrx_word' id='word_1_59' title='bbox 1915 919 2057 995; x_wconf 83' lang='grc' dir='ltr'>ὅμως</span> <span class='ocrx_word' id='word_1_60' title='bbox 2083 909 2172 978; x_wconf 70' lang='grc' dir='ltr'>οὗ·</span> 
     </span>
     <span class='ocr_line' id='line_1_8' title="bbox 613 1006 2171 1093; baseline -0.004 -22"><span class='ocrx_word' id='word_1_61' title='bbox 613 1036 691 1073; x_wconf 83' lang='grc' dir='ltr'>τοι</span> <span class='ocrx_word' id='word_1_62' title='bbox 719 1008 1091 1093; x_wconf 78' lang='grc' dir='ltr'>στεφανοῦνταί</span> <span class='ocrx_word' id='word_1_63' title='bbox 1111 1032 1172 1089; x_wconf 85' lang='grc' dir='ltr'>γε</span> <span class='ocrx_word' id='word_1_64' title='bbox 1211 1011 1298 1091; x_wconf 77' lang='grc' dir='ltr'>ὑφ’</span> <span class='ocrx_word' id='word_1_65' title='bbox 1344 1011 1488 1084; x_wconf 79' lang='grc' dir='ltr'>ὑμῶν</span> <span class='ocrx_word' id='word_1_66' title='bbox 1513 1007 1603 1067; x_wconf 79' lang='grc' dir='ltr'>καὶ</span> <span class='ocrx_word' id='word_1_67' title='bbox 1627 1006 2067 1086; x_wconf 73' lang='grc' dir='ltr'>ἀνακηρύττονται</span> <span class='ocrx_word' id='word_1_68' title='bbox 2102 1009 2171 1074; x_wconf 80' lang='grc' dir='ltr'>ὣς</span> 
     </span>
     <span class='ocr_line' id='line_1_9' title="bbox 545 1095 2168 1179; baseline -0.004 -20"><span class='ocrx_word' id='word_1_69' title='bbox 545 1122 570 1159; x_wconf 80' lang='lat'><strong>5</strong></span> <span class='ocrx_word' id='word_1_70' title='bbox 611 1099 755 1167; x_wconf 67' lang='grc' dir='ltr'>Ιὄντες</span> <span class='ocrx_word' id='word_1_71' title='bbox 777 1098 952 1179; x_wconf 82' lang='grc' dir='ltr'>ἄνδρες</span> <span class='ocrx_word' id='word_1_72' title='bbox 979 1096 1180 1177; x_wconf 79' lang='grc' dir='ltr'>ἀγαθοί.</span> <span class='ocrx_word' id='word_1_73' title='bbox 1265 1095 1374 1156; x_wconf 79' lang='grc' dir='ltr'>Καὶ</span> <span class='ocrx_word' id='word_1_74' title='bbox 1397 1099 1489 1155; x_wconf 85' lang='grc' dir='ltr'>οὐκ</span> <span class='ocrx_word' id='word_1_75' title='bbox 1513 1098 1614 1178; x_wconf 80' lang='grc' dir='ltr'>ἐρῶ</span> <span class='ocrx_word' id='word_1_76' title='bbox 1639 1098 1710 1163; x_wconf 81' lang='grc' dir='ltr'>ὡς</span> <span class='ocrx_word' id='word_1_77' title='bbox 1733 1097 1792 1154; x_wconf 80' lang='grc' dir='ltr'>οὗ</span> <span class='ocrx_word' id='word_1_78' title='bbox 1815 1095 2027 1163; x_wconf 74' lang='grc' dir='ltr'>δικαίως</span> <span class='ocrx_word' id='word_1_79' title='bbox 2042 1116 2054 1129; x_wconf 94' lang='grc'><em>·</em></span> <span class='ocrx_word' id='word_1_80' title='bbox 2076 1118 2168 1173; x_wconf 86' lang='grc' dir='ltr'>με-</span> 
     </span>
     <span class='ocr_line' id='line_1_10' title="bbox 613 1181 2168 1269; baseline -0.001 -23"><span class='ocrx_word' id='word_1_81' title='bbox 613 1188 748 1265; x_wconf 82' lang='grc' dir='ltr'>γάλη</span> <span class='ocrx_word' id='word_1_82' title='bbox 769 1186 870 1269; x_wconf 84' lang='grc' dir='ltr'>γάρ</span> <span class='ocrx_word' id='word_1_83' title='bbox 903 1188 1044 1245; x_wconf 80' lang='grc' dir='ltr'>ἐστιν</span> <span class='ocrx_word' id='word_1_84' title='bbox 1069 1183 1226 1266; x_wconf 78' lang='grc' dir='ltr'>ἀρετή</span> <span class='ocrx_word' id='word_1_85' title='bbox 1240 1230 1256 1258; x_wconf 92' lang='grc'>,</span> <span class='ocrx_word' id='word_1_86' title='bbox 1283 1182 1422 1252; x_wconf 78' lang='grc' dir='ltr'>ὅστις</span> <span class='ocrx_word' id='word_1_87' title='bbox 1445 1182 1540 1256; x_wconf 83' lang='grc' dir='ltr'>τὴν</span> <span class='ocrx_word' id='word_1_88' title='bbox 1581 1186 1764 1243; x_wconf 76' lang='grc' dir='ltr'>ἑαυτοῦ</span> <span class='ocrx_word' id='word_1_89' title='bbox 1788 1181 1939 1242; x_wconf 88' lang='grc' dir='ltr'>πόλιν</span> <span class='ocrx_word' id='word_1_90' title='bbox 1977 1187 2168 1265; x_wconf 76' lang='grc' dir='ltr'>ὁτῳοῦν</span> 
     </span>
     <span class='ocr_line' id='line_1_11' title="bbox 595 1262 2168 1357; baseline -0.003 -22"><span class='ocrx_word' id='word_1_91' title='bbox 595 1274 830 1335; x_wconf 90' lang='grc' dir='ltr'>’δύναται</span> <span class='ocrx_word' id='word_1_92' title='bbox 848 1275 1028 1357; x_wconf 83' lang='grc' dir='ltr'>τρόπῳ</span> <span class='ocrx_word' id='word_1_93' title='bbox 1053 1272 1244 1352; x_wconf 78' lang='grc' dir='ltr'>ἀγαθόν</span> <span class='ocrx_word' id='word_1_94' title='bbox 1267 1296 1318 1333; x_wconf 88' lang='grc' dir='ltr'>τι</span> <span class='ocrx_word' id='word_1_95' title='bbox 1345 1271 1666 1354; x_wconf 77' lang='grc' dir='ltr'>ἐργάζεσθαι.</span> <span class='ocrx_word' id='word_1_96' title='bbox 1747 1271 1886 1332; x_wconf 79' lang='grc' dir='ltr'>Ἀλλ’</span> <span class='ocrx_word' id='word_1_97' title='bbox 1905 1262 1993 1331; x_wconf 64' lang='grc' dir='ltr'>οὖν</span> <span class='ocrx_word' id='word_1_98' title='bbox 2018 1271 2168 1351; x_wconf 83' lang='grc' dir='ltr'>γινώ-</span> 
     </span>
     <span class='ocr_line' id='line_1_12' title="bbox 609 1358 2167 1445; baseline -0.004 -21"><span class='ocrx_word' id='word_1_99' title='bbox 609 1386 751 1431; x_wconf 82' lang='grc' dir='ltr'>σκειν</span> <span class='ocrx_word' id='word_1_100' title='bbox 784 1388 846 1445; x_wconf 88' lang='grc' dir='ltr'>γε</span> <span class='ocrx_word' id='word_1_101' title='bbox 875 1361 981 1445; x_wconf 82' lang='grc' dir='ltr'>χρὴ</span> <span class='ocrx_word' id='word_1_102' title='bbox 1006 1361 1086 1422; x_wconf 82' lang='grc' dir='ltr'>ὅτι</span> <span class='ocrx_word' id='word_1_103' title='bbox 1109 1363 1298 1430; x_wconf 83' lang='grc' dir='ltr'>ἐκεῖνος</span> <span class='ocrx_word' id='word_1_104' title='bbox 1337 1361 1400 1421; x_wconf 72' lang='grc' dir='ltr'>ἂν</span> <span class='ocrx_word' id='word_1_105' title='bbox 1441 1360 1520 1433; x_wconf 79' lang='grc' dir='ltr'>εἴη</span> <span class='ocrx_word' id='word_1_106' title='bbox 1562 1359 1806 1420; x_wconf 80' lang='grc' dir='ltr'>πλείστου</span> <span class='ocrx_word' id='word_1_107' title='bbox 1835 1358 1975 1430; x_wconf 78' lang='grc' dir='ltr'>ἄξιος</span> <span class='ocrx_word' id='word_1_108' title='bbox 2008 1358 2167 1441; x_wconf 79' lang='grc' dir='ltr'>ἀνήρ,</span> 
     </span>
     <span class='ocr_line' id='line_1_13' title="bbox 610 1445 2167 1531; baseline -0.004 -18"><span class='ocrx_word' id='word_1_109' title='bbox 610 1452 747 1524; x_wconf 76' lang='grc' dir='ltr'>ὅστις</span> <span class='ocrx_word' id='word_1_110' title='bbox 774 1456 877 1519; x_wconf 83' lang='grc' dir='ltr'>τοῖς</span> <span class='ocrx_word' id='word_1_111' title='bbox 895 1455 1081 1511; x_wconf 75' lang='grc' dir='ltr'>ἑαυτοῦ</span> <span class='ocrx_word' id='word_1_112' title='bbox 1101 1448 1552 1531; x_wconf 77' lang='grc' dir='ltr'>παρακινδυνεύων</span> <span class='ocrx_word' id='word_1_113' title='bbox 1582 1446 1824 1528; x_wconf 81' lang='grc' dir='ltr'>χρήμασί</span> <span class='ocrx_word' id='word_1_114' title='bbox 1853 1470 1910 1507; x_wconf 84' lang='grc' dir='ltr'>τε</span> <span class='ocrx_word' id='word_1_115' title='bbox 1939 1445 2031 1506; x_wconf 77' lang='grc' dir='ltr'>καὶ</span> <span class='ocrx_word' id='word_1_116' title='bbox 2062 1445 2167 1507; x_wconf 82' lang='grc' dir='ltr'>σώ-</span> 
     </span>
     <span class='ocr_line' id='line_1_14' title="bbox 611 1533 2099 1618; baseline -0.002 -20"><span class='ocrx_word' id='word_1_117' title='bbox 611 1563 739 1616; x_wconf 88' lang='grc' dir='ltr'>ματι</span> <span class='ocrx_word' id='word_1_118' title='bbox 771 1536 982 1618; x_wconf 80' lang='grc' dir='ltr'>τολμῴη</span> <span class='ocrx_word' id='word_1_119' title='bbox 1015 1536 1207 1615; x_wconf 80' lang='grc' dir='ltr'>ἀγαθόν</span> <span class='ocrx_word' id='word_1_120' title='bbox 1232 1559 1285 1595; x_wconf 86' lang='grc' dir='ltr'>τι</span> <span class='ocrx_word' id='word_1_121' title='bbox 1315 1544 1480 1595; x_wconf 82' lang='grc' dir='ltr'>ποιεῖν</span> <span class='ocrx_word' id='word_1_122' title='bbox 1510 1533 1629 1603; x_wconf 77' lang='grc' dir='ltr'>τοὺς</span> <span class='ocrx_word' id='word_1_123' title='bbox 1655 1538 1838 1595; x_wconf 78' lang='grc' dir='ltr'>ἑαυτοῦ</span> <span class='ocrx_word' id='word_1_124' title='bbox 1867 1533 2099 1603; x_wconf 80' lang='grc' dir='ltr'>πολίτας.</span> 
     </span>
     <span class='ocr_line' id='line_1_15' title="bbox 691 1619 2165 1705; baseline -0.005 -18"><span class='ocrx_word' id='word_1_125' title='bbox 691 1648 760 1687; x_wconf 78' lang='lat'>19.</span> <span class='ocrx_word' id='word_1_126' title='bbox 803 1624 955 1702; x_wconf 80' lang='grc' dir='ltr'>Ἐμοὶ</span> <span class='ocrx_word' id='word_1_127' title='bbox 985 1626 1150 1683; x_wconf 81' lang='grc' dir='ltr'>τοίνυν</span> <span class='ocrx_word' id='word_1_128' title='bbox 1177 1623 1244 1683; x_wconf 78' lang='grc' dir='ltr'>τὰ</span> <span class='ocrx_word' id='word_1_129' title='bbox 1286 1621 1381 1702; x_wconf 83' lang='grc' dir='ltr'>μὲν</span> <span class='ocrx_word' id='word_1_130' title='bbox 1409 1622 1511 1695; x_wconf 81' lang='grc' dir='ltr'>ἤδη</span> <span class='ocrx_word' id='word_1_131' title='bbox 1537 1623 1608 1687; x_wconf 84' lang='grc' dir='ltr'>εἷς</span> <span class='ocrx_word' id='word_1_132' title='bbox 1647 1624 1783 1699; x_wconf 73' lang='grc' dir='ltr'>ὑμᾶς</span> <span class='ocrx_word' id='word_1_133' title='bbox 1820 1619 2165 1705; x_wconf 82' lang='grc' dir='ltr'>πεπραγμένα</span> 
     </span>
     <span class='ocr_line' id='line_1_16' title="bbox 606 1700 2165 1794; baseline -0.003 -20"><span class='ocrx_word' id='word_1_134' title='bbox 606 1700 796 1794; x_wconf 73' lang='grc' dir='ltr'>σχεδόν</span> <span class='ocrx_word' id='word_1_135' title='bbox 828 1737 876 1772; x_wconf 90' lang='grc' dir='ltr'>τι</span> <span class='ocrx_word' id='word_1_136' title='bbox 905 1712 1126 1779; x_wconf 76' lang='grc' dir='ltr'>ἅπαντες</span> <span class='ocrx_word' id='word_1_137' title='bbox 1155 1710 1218 1770; x_wconf 77' lang='grc' dir='ltr'>ἂν</span> <span class='ocrx_word' id='word_1_138' title='bbox 1247 1710 1496 1783; x_wconf 82' lang='grc' dir='ltr'>εἰδείητε,</span> <span class='ocrx_word' id='word_1_139' title='bbox 1521 1708 1588 1769; x_wconf 83' lang='grc' dir='ltr'>τὰ</span> <span class='ocrx_word' id='word_1_140' title='bbox 1616 1707 1672 1767; x_wconf 80' lang='grc' dir='ltr'>δὲ</span> <span class='ocrx_word' id='word_1_141' title='bbox 1711 1708 1969 1787; x_wconf 83' lang='grc' dir='ltr'>μέλλοντά</span> <span class='ocrx_word' id='word_1_142' title='bbox 1990 1733 2048 1769; x_wconf 90' lang='grc' dir='ltr'>τε</span> <span class='ocrx_word' id='word_1_143' title='bbox 2074 1709 2165 1769; x_wconf 83' lang='grc' dir='ltr'>καὶ</span> 
     </span>
     <span class='ocr_line' id='line_1_17' title="bbox 535 1796 2163 1882; baseline 0 -26"><span class='ocrx_word' id='word_1_144' title='bbox 535 1816 585 1857; x_wconf 83' lang='grc' dir='ltr'>ιο</span> <span class='ocrx_word' id='word_1_145' title='bbox 610 1803 712 1876; x_wconf 80' lang='grc' dir='ltr'>ἤδη</span> <span class='ocrx_word' id='word_1_146' title='bbox 743 1800 1074 1882; x_wconf 87' lang='grc' dir='ltr'>πραττόμενα</span> <span class='ocrx_word' id='word_1_147' title='bbox 1100 1798 1277 1881; x_wconf 77' lang='grc' dir='ltr'>ἄνδρες</span> <span class='ocrx_word' id='word_1_148' title='bbox 1303 1801 1447 1876; x_wconf 84' lang='grc' dir='ltr'>ὑμῶν</span> <span class='ocrx_word' id='word_1_149' title='bbox 1461 1796 1788 1858; x_wconf 83' lang='grc' dir='ltr'>πεντακόσιοι</span> <span class='ocrx_word' id='word_1_150' title='bbox 1807 1801 1859 1858; x_wconf 75' lang='grc' dir='ltr'>ἐν</span> <span class='ocrx_word' id='word_1_151' title='bbox 1883 1797 2163 1881; x_wconf 76' lang='grc' dir='ltr'>ἀπορρήτῳ</span> 
     </span>
     <span class='ocr_line' id='line_1_18' title="bbox 609 1878 2163 1969; baseline -0.003 -19"><span class='ocrx_word' id='word_1_152' title='bbox 609 1890 806 1965; x_wconf 81' lang='grc' dir='ltr'>ἴσασιν,</span> <span class='ocrx_word' id='word_1_153' title='bbox 843 1894 876 1961; x_wconf 87' lang='grc' dir='ltr'>ἡ</span> <span class='ocrx_word' id='word_1_154' title='bbox 909 1886 1102 1969; x_wconf 87' lang='grc' dir='ltr'>βουλή·</span> <span class='ocrx_word' id='word_1_155' title='bbox 1134 1886 1218 1955; x_wconf 76' lang='grc' dir='ltr'>οὓς</span> <span class='ocrx_word' id='word_1_156' title='bbox 1249 1888 1430 1967; x_wconf 77' lang='grc' dir='ltr'>πολλῷ</span> <span class='ocrx_word' id='word_1_157' title='bbox 1466 1884 1631 1958; x_wconf 84' lang='grc' dir='ltr'>δήπου</span> <span class='ocrx_word' id='word_1_158' title='bbox 1663 1886 1799 1955; x_wconf 81' lang='grc' dir='ltr'>εἰκὸς</span> <span class='ocrx_word' id='word_1_159' title='bbox 1837 1878 1992 1959; x_wconf 74' lang='grc' dir='ltr'>ἧττον</span> <span class='ocrx_word' id='word_1_160' title='bbox 2023 1888 2085 1946; x_wconf 77' lang='grc' dir='ltr'>ἄν</span> <span class='ocrx_word' id='word_1_161' title='bbox 2111 1911 2163 1947; x_wconf 89' lang='grc' dir='ltr'>τι</span> 
     </span>
     <span class='ocr_line' id='line_1_19' title="bbox 611 1973 2161 2057; baseline -0.002 -21"><span class='ocrx_word' id='word_1_162' title='bbox 611 1976 937 2057; x_wconf 81' lang='grc' dir='ltr'>ἐξαμαρτεῖν,</span> <span class='ocrx_word' id='word_1_163' title='bbox 965 1974 1000 2047; x_wconf 83' lang='grc' dir='ltr'>ἢ</span> <span class='ocrx_word' id='word_1_164' title='bbox 1033 1976 1080 2033; x_wconf 81' lang='grc' dir='ltr'>εἰ</span> <span class='ocrx_word' id='word_1_165' title='bbox 1119 1978 1254 2053; x_wconf 76' lang='grc' dir='ltr'>ὑμᾶς</span> <span class='ocrx_word' id='word_1_166' title='bbox 1290 1974 1393 2033; x_wconf 85' lang='grc' dir='ltr'>δέοι</span> <span class='ocrx_word' id='word_1_167' title='bbox 1420 1973 1745 2042; x_wconf 75' lang='grc' dir='ltr'>ἀκούσαντάς</span> <span class='ocrx_word' id='word_1_168' title='bbox 1779 1999 1830 2034; x_wconf 92' lang='grc' dir='ltr'>τι</span> <span class='ocrx_word' id='word_1_169' title='bbox 1865 1976 1918 2034; x_wconf 74' lang='grc' dir='ltr'>ἐν</span> <span class='ocrx_word' id='word_1_170' title='bbox 1946 1977 2023 2057; x_wconf 75' lang='grc' dir='ltr'>τῷ</span> <span class='ocrx_word' id='word_1_171' title='bbox 2049 1997 2161 2033; x_wconf 90' lang='grc' dir='ltr'>πα-</span> 
     </span>
     <span class='ocr_line' id='line_1_20' title="bbox 613 2060 2158 2147; baseline -0.001 -24"><span class='ocrx_word' id='word_1_172' title='bbox 613 2070 862 2147; x_wconf 78' lang='grc' dir='ltr'>ραχρῆμα</span> <span class='ocrx_word' id='word_1_173' title='bbox 889 2068 977 2123; x_wconf 77' lang='grc' dir='ltr'>νῦν</span> <span class='ocrx_word' id='word_1_174' title='bbox 1006 2061 1491 2123; x_wconf 73' lang='grc' dir='ltr'>διαδουλεύσασθαι.</span> <span class='ocrx_word' id='word_1_175' title='bbox 1577 2066 1647 2126; x_wconf 80' lang='grc' dir='ltr'>Οἱ</span> <span class='ocrx_word' id='word_1_176' title='bbox 1666 2062 1758 2140; x_wconf 79' lang='grc' dir='ltr'>μέν</span> <span class='ocrx_word' id='word_1_177' title='bbox 1775 2087 1834 2143; x_wconf 87' lang='grc' dir='ltr'>γε</span> <span class='ocrx_word' id='word_1_178' title='bbox 1855 2066 2022 2146; x_wconf 84' lang='grc' dir='ltr'>σχολῇ</span> <span class='ocrx_word' id='word_1_179' title='bbox 2041 2060 2158 2143; x_wconf 80' lang='grc' dir='ltr'>περὶ</span> 
     </span>
     <span class='ocr_line' id='line_1_21' title="bbox 609 2150 2157 2233; baseline -0.003 -20"><span class='ocrx_word' id='word_1_180' title='bbox 609 2157 712 2213; x_wconf 80' lang='grc' dir='ltr'>τῶν</span> <span class='ocrx_word' id='word_1_181' title='bbox 736 2150 1208 2230; x_wconf 76' lang='grc' dir='ltr'>εἰσαγγελλομένων</span> <span class='ocrx_word' id='word_1_182' title='bbox 1235 2156 1586 2227; x_wconf 77' lang='grc' dir='ltr'>σκοποῦνται,</span> <span class='ocrx_word' id='word_1_183' title='bbox 1613 2152 1839 2233; x_wconf 75' lang='grc' dir='ltr'>ὑπάρχει</span> <span class='ocrx_word' id='word_1_184' title='bbox 1865 2175 1921 2211; x_wconf 89' lang='grc' dir='ltr'>τε</span> <span class='ocrx_word' id='word_1_185' title='bbox 1951 2154 2123 2219; x_wconf 78' lang='grc' dir='ltr'>αὐτοῖς</span> <span class='ocrx_word' id='word_1_186' title='bbox 2142 2196 2157 2226; x_wconf 91' lang='grc'>,</span> 
     </span>
     <span class='ocr_line' id='line_1_22' title="bbox 605 2232 2157 2322; baseline -0.003 -19"><span class='ocrx_word' id='word_1_187' title='bbox 605 2240 696 2303; x_wconf 78' lang='grc' dir='ltr'>’ἐάν</span> <span class='ocrx_word' id='word_1_188' title='bbox 725 2232 777 2301; x_wconf 83' lang='grc' dir='ltr'>τι</span> <span class='ocrx_word' id='word_1_189' title='bbox 803 2238 1244 2321; x_wconf 79' lang='grc' dir='ltr'>ἐξαμαρτάνωσιν,</span> <span class='ocrx_word' id='word_1_190' title='bbox 1271 2239 1442 2300; x_wconf 82' lang='grc' dir='ltr'>αἰτίαν</span> <span class='ocrx_word' id='word_1_191' title='bbox 1465 2238 1604 2320; x_wconf 76' lang='grc' dir='ltr'>ἔχειν</span> <span class='ocrx_word' id='word_1_192' title='bbox 1632 2240 1722 2301; x_wconf 77' lang='grc' dir='ltr'>καὶ</span> <span class='ocrx_word' id='word_1_193' title='bbox 1761 2239 1911 2318; x_wconf 82' lang='grc' dir='ltr'>λόγον</span> <span class='ocrx_word' id='word_1_194' title='bbox 1943 2239 2157 2322; x_wconf 77' lang='grc' dir='ltr'>αἰσχρὸν</span> 
     </span>
     <span class='ocr_line' id='line_1_23' title="bbox 609 2326 2161 2409; baseline -0.003 -20"><span class='ocrx_word' id='word_1_195' title='bbox 609 2333 668 2389; x_wconf 79' lang='grc' dir='ltr'>ἐκ</span> <span class='ocrx_word' id='word_1_196' title='bbox 697 2330 800 2389; x_wconf 76' lang='grc' dir='ltr'>τῶν</span> <span class='ocrx_word' id='word_1_197' title='bbox 829 2327 1002 2388; x_wconf 78' lang='grc' dir='ltr'>ἄλλων</span> <span class='ocrx_word' id='word_1_198' title='bbox 1031 2332 1280 2388; x_wconf 80' lang='grc' dir='ltr'>πολιτῶν·</span> <span class='ocrx_word' id='word_1_199' title='bbox 1322 2332 1442 2408; x_wconf 75' lang='grc' dir='ltr'>ὑμῖν</span> <span class='ocrx_word' id='word_1_200' title='bbox 1491 2326 1545 2387; x_wconf 84' lang='grc' dir='ltr'>δὲ</span> <span class='ocrx_word' id='word_1_201' title='bbox 1583 2329 1677 2388; x_wconf 83' lang='grc' dir='ltr'>οὐκ</span> <span class='ocrx_word' id='word_1_202' title='bbox 1705 2327 1832 2388; x_wconf 69' lang='grc' dir='ltr'>εἰσὶν</span> <span class='ocrx_word' id='word_1_203' title='bbox 1873 2327 2037 2409; x_wconf 78' lang='grc' dir='ltr'>ἕτεροι</span> <span class='ocrx_word' id='word_1_204' title='bbox 2076 2330 2161 2409; x_wconf 78' lang='grc' dir='ltr'>ὑφ’</span> 
     </span>
     <span class='ocr_line' id='line_1_24' title="bbox 531 2410 2160 2500; baseline -0.002 -22"><span class='ocrx_word' id='word_1_205' title='bbox 531 2444 581 2485; x_wconf 69' lang='lat'>1⁶</span> <span class='ocrx_word' id='word_1_206' title='bbox 605 2410 676 2479; x_wconf 64' lang='grc' dir='ltr'>ὧν</span> <span class='ocrx_word' id='word_1_207' title='bbox 705 2415 874 2477; x_wconf 79' lang='grc' dir='ltr'>αἰτίαν</span> <span class='ocrx_word' id='word_1_208' title='bbox 919 2415 984 2476; x_wconf 70' lang='grc' dir='ltr'>ἂν</span> <span class='ocrx_word' id='word_1_209' title='bbox 1007 2415 1206 2496; x_wconf 82' lang='grc' dir='ltr'>ἔχοιτε·</span> <span class='ocrx_word' id='word_1_210' title='bbox 1242 2416 1308 2476; x_wconf 77' lang='grc' dir='ltr'>τὰ</span> <span class='ocrx_word' id='word_1_211' title='bbox 1335 2414 1437 2497; x_wconf 68' lang='grc' dir='ltr'>γὰρ</span> <span class='ocrx_word' id='word_1_212' title='bbox 1471 2414 1696 2499; x_wconf 77' lang='grc' dir='ltr'>ὑμέτερα</span> <span class='ocrx_word' id='word_1_213' title='bbox 1720 2420 1890 2477; x_wconf 75' lang='grc' dir='ltr'>αὐτῶν</span> <span class='ocrx_word' id='word_1_214' title='bbox 1926 2418 2005 2500; x_wconf 66' lang='grc' dir='ltr'>ἐφ’</span> <span class='ocrx_word' id='word_1_215' title='bbox 2036 2419 2160 2494; x_wconf 75' lang='grc' dir='ltr'>ὑμῖν</span> 
     </span>
     <span class='ocr_line' id='line_1_25' title="bbox 606 2496 2156 2586; baseline -0.003 -20"><span class='ocrx_word' id='word_1_216' title='bbox 606 2504 813 2573; x_wconf 86' lang='grc' dir='ltr'>δικαίως</span> <span class='ocrx_word' id='word_1_217' title='bbox 842 2504 954 2564; x_wconf 77' lang='grc' dir='ltr'>ἐστὶ</span> <span class='ocrx_word' id='word_1_218' title='bbox 977 2504 1066 2563; x_wconf 76' lang='grc' dir='ltr'>καὶ</span> <span class='ocrx_word' id='word_1_219' title='bbox 1093 2496 1150 2563; x_wconf 65' lang='grc' dir='ltr'>εὖ</span> <span class='ocrx_word' id='word_1_220' title='bbox 1178 2504 1268 2564; x_wconf 76' lang='grc' dir='ltr'>καὶ</span> <span class='ocrx_word' id='word_1_221' title='bbox 1298 2508 1497 2578; x_wconf 82' lang='grc' dir='ltr'>κακῶς,</span> <span class='ocrx_word' id='word_1_222' title='bbox 1531 2504 1619 2565; x_wconf 68' lang='grc' dir='ltr'>ἐὰν</span> <span class='ocrx_word' id='word_1_223' title='bbox 1652 2505 1906 2586; x_wconf 85' lang='grc' dir='ltr'>βούλησθε</span> <span class='ocrx_word' id='word_1_224' title='bbox 1926 2548 1943 2582; x_wconf 84' lang='grc'>,</span> <span class='ocrx_word' id='word_1_225' title='bbox 1982 2503 2156 2563; x_wconf 85' lang='grc' dir='ltr'>διαθέ-</span> 
     </span>
     <span class='ocr_line' id='line_1_26' title="bbox 605 2581 2157 2675; baseline -0.002 -22"><span class='ocrx_word' id='word_1_226' title='bbox 605 2599 744 2655; x_wconf 89' lang='grc' dir='ltr'>σθαι.</span> <span class='ocrx_word' id='word_1_227' title='bbox 829 2594 918 2675; x_wconf 77' lang='grc'>(20)</span> <span class='ocrx_word' id='word_1_228' title='bbox 939 2591 1010 2653; x_wconf 73' lang='lat' dir='ltr'>“A</span> <span class='ocrx_word' id='word_1_229' title='bbox 1049 2616 1109 2671; x_wconf 85' lang='grc' dir='ltr'>γε</span> <span class='ocrx_word' id='word_1_230' title='bbox 1141 2591 1318 2671; x_wconf 82' lang='grc' dir='ltr'>μέντοι</span> <span class='ocrx_word' id='word_1_231' title='bbox 1359 2590 1456 2661; x_wconf 80' lang='grc' dir='ltr'>ἔξω</span> <span class='ocrx_word' id='word_1_232' title='bbox 1483 2596 1585 2653; x_wconf 78' lang='grc' dir='ltr'>τῶν</span> <span class='ocrx_word' id='word_1_233' title='bbox 1624 2593 1932 2673; x_wconf 80' lang='grc' dir='ltr'>ἀπορρήτων</span> <span class='ocrx_word' id='word_1_234' title='bbox 1969 2581 2073 2650; x_wconf 78' lang='grc' dir='ltr'>οἶόν</span> <span class='ocrx_word' id='word_1_235' title='bbox 2100 2590 2157 2650; x_wconf 82' lang='grc' dir='ltr'>τέ</span> 
     </span>
     <span class='ocr_line' id='line_1_27' title="bbox 607 2677 2156 2762; baseline -0.002 -22"><span class='ocrx_word' id='word_1_236' title='bbox 607 2681 697 2758; x_wconf 84' lang='grc' dir='ltr'>μοί</span> <span class='ocrx_word' id='word_1_237' title='bbox 719 2682 855 2741; x_wconf 84' lang='grc' dir='ltr'>ἐστιν</span> <span class='ocrx_word' id='word_1_238' title='bbox 886 2682 1044 2740; x_wconf 78' lang='grc' dir='ltr'>εἰπεῖν</span> <span class='ocrx_word' id='word_1_239' title='bbox 1073 2682 1145 2748; x_wconf 80' lang='grc' dir='ltr'>εἰς</span> <span class='ocrx_word' id='word_1_240' title='bbox 1163 2684 1300 2757; x_wconf 79' lang='grc' dir='ltr'>ὑμᾶς</span> <span class='ocrx_word' id='word_1_241' title='bbox 1326 2680 1426 2753; x_wconf 88' lang='grc' dir='ltr'>ἤδη</span> <span class='ocrx_word' id='word_1_242' title='bbox 1455 2681 1828 2762; x_wconf 83' lang='grc' dir='ltr'>πεπραγμένα,</span> <span class='ocrx_word' id='word_1_243' title='bbox 1857 2677 2156 2738; x_wconf 78' lang='grc' dir='ltr'>ἀκούσεσθε.</span> 
     </span>
     <span class='ocr_line' id='line_1_28' title="bbox 606 2764 2158 2849; baseline -0.001 -22"><span class='ocrx_word' id='word_1_244' title='bbox 606 2768 927 2830; x_wconf 85' lang='grc' dir='ltr'>Ἔπίστασθε</span> <span class='ocrx_word' id='word_1_245' title='bbox 956 2767 1056 2849; x_wconf 90' lang='grc' dir='ltr'>γάρ</span> <span class='ocrx_word' id='word_1_246' title='bbox 1081 2790 1182 2827; x_wconf 88' lang='grc' dir='ltr'>που</span> <span class='ocrx_word' id='word_1_247' title='bbox 1200 2770 1270 2833; x_wconf 82' lang='grc' dir='ltr'>ὡς</span> <span class='ocrx_word' id='word_1_248' title='bbox 1294 2766 1522 2847; x_wconf 80' lang='grc' dir='ltr'>ἠγγέλθη</span> <span class='ocrx_word' id='word_1_249' title='bbox 1548 2772 1672 2846; x_wconf 75' lang='grc' dir='ltr'>ὑμῖν</span> <span class='ocrx_word' id='word_1_250' title='bbox 1701 2766 1781 2825; x_wconf 78' lang='grc' dir='ltr'>ὅτι</span> <span class='ocrx_word' id='word_1_251' title='bbox 1807 2768 1866 2826; x_wconf 84' lang='grc' dir='ltr'>οὗ</span> <span class='ocrx_word' id='word_1_252' title='bbox 1896 2764 2076 2843; x_wconf 80' lang='grc' dir='ltr'>μέλλει</span> <span class='ocrx_word' id='word_1_253' title='bbox 2098 2768 2158 2825; x_wconf 76' lang='grc' dir='ltr'>ἐκ</span> 
     </span>
     <span class='ocr_line' id='line_1_29' title="bbox 610 2852 2157 2937; baseline -0.003 -21"><span class='ocrx_word' id='word_1_254' title='bbox 610 2856 824 2937; x_wconf 85' lang='grc' dir='ltr'>Κύπρου</span> <span class='ocrx_word' id='word_1_255' title='bbox 853 2858 989 2923; x_wconf 82' lang='grc' dir='ltr'>σῖτος</span> <span class='ocrx_word' id='word_1_256' title='bbox 1002 2854 1139 2928; x_wconf 79' lang='grc' dir='ltr'>ἥξειν</span> <span class='ocrx_word' id='word_1_257' title='bbox 1164 2856 1408 2915; x_wconf 77' lang='grc' dir='ltr'>ἐνταῦθα·</span> <span class='ocrx_word' id='word_1_258' title='bbox 1435 2854 1537 2933; x_wconf 78' lang='grc' dir='ltr'>ἐγὼ</span> <span class='ocrx_word' id='word_1_259' title='bbox 1555 2854 1723 2915; x_wconf 88' lang='grc' dir='ltr'>τοίνυν</span> <span class='ocrx_word' id='word_1_260' title='bbox 1737 2853 1965 2922; x_wconf 77' lang='grc' dir='ltr'>τοιοῦτός</span> <span class='ocrx_word' id='word_1_261' title='bbox 1986 2876 2043 2912; x_wconf 84' lang='grc' dir='ltr'>τε</span> <span class='ocrx_word' id='word_1_262' title='bbox 2066 2852 2157 2913; x_wconf 75' lang='grc' dir='ltr'>καὶ</span> 
     </span>
     <span class='ocr_line' id='line_1_30' title="bbox 604 2941 2155 3027; baseline -0.001 -24"><span class='ocrx_word' id='word_1_263' title='bbox 604 2950 844 3011; x_wconf 75' lang='grc' dir='ltr'>τοσοῦτος</span> <span class='ocrx_word' id='word_1_264' title='bbox 877 2943 1149 3023; x_wconf 78' lang='grc' dir='ltr'>ἐγενόμην,</span> <span class='ocrx_word' id='word_1_265' title='bbox 1175 2942 1310 3003; x_wconf 81' lang='grc' dir='ltr'>ὥστε</span> <span class='ocrx_word' id='word_1_266' title='bbox 1336 2941 1453 3012; x_wconf 75' lang='grc' dir='ltr'>τοὺς</span> <span class='ocrx_word' id='word_1_267' title='bbox 1483 2942 1671 3027; x_wconf 76' lang='grc' dir='ltr'>ἄνδρας</span> <span class='ocrx_word' id='word_1_268' title='bbox 1692 2943 1806 3011; x_wconf 78' lang='grc' dir='ltr'>τοὺς</span> <span class='ocrx_word' id='word_1_269' title='bbox 1829 2947 1998 3001; x_wconf 81' lang='grc' dir='ltr'>ταῦτα</span> <span class='ocrx_word' id='word_1_270' title='bbox 2030 2947 2155 3023; x_wconf 89' lang='grc' dir='ltr'>βου-</span> 
     </span>
     <span class='ocr_line' id='line_1_31' title="bbox 602 3030 2157 3115; baseline -0.003 -22"><span class='ocrx_word' id='word_1_271' title='bbox 602 3031 885 3102; x_wconf 84' lang='grc' dir='ltr'>λεύσαντας</span> <span class='ocrx_word' id='word_1_272' title='bbox 902 3032 980 3114; x_wconf 77' lang='grc' dir='ltr'>ἐφ’</span> <span class='ocrx_word' id='word_1_273' title='bbox 1007 3031 1127 3110; x_wconf 77' lang='grc' dir='ltr'>ὑμῖν</span> <span class='ocrx_word' id='word_1_274' title='bbox 1150 3030 1239 3091; x_wconf 82' lang='grc' dir='ltr'>καὶ</span> <span class='ocrx_word' id='word_1_275' title='bbox 1261 3030 1556 3113; x_wconf 83' lang='grc' dir='ltr'>πράξαντας</span> <span class='ocrx_word' id='word_1_276' title='bbox 1572 3036 1857 3115; x_wconf 78' lang='grc' dir='ltr'>ψευσθῆναι</span> <span class='ocrx_word' id='word_1_277' title='bbox 1874 3034 1967 3104; x_wconf 77' lang='grc' dir='ltr'>τῆς</span> <span class='ocrx_word' id='word_1_278' title='bbox 1988 3032 2157 3090; x_wconf 80' lang='grc' dir='ltr'>αὐτῶν</span> 
     </span>
     <span class='ocr_line' id='line_1_32' title="bbox 523 3116 2159 3201; baseline -0.002 -22"><span class='ocrx_word' id='word_1_279' title='bbox 523 3146 577 3186; x_wconf 73' lang='grc' dir='ltr'>ω</span> <span class='ocrx_word' id='word_1_280' title='bbox 598 3121 826 3201; x_wconf 87' lang='grc' dir='ltr'>γνώμης.</span> <span class='ocrx_word' id='word_1_281' title='bbox 911 3120 999 3199; x_wconf 75' lang='grc'>(21)</span> <span class='ocrx_word' id='word_1_282' title='bbox 1045 3118 1154 3181; x_wconf 83' lang='grc' dir='ltr'>Καὶ</span> <span class='ocrx_word' id='word_1_283' title='bbox 1183 3121 1256 3187; x_wconf 80' lang='grc' dir='ltr'>ὣς</span> <span class='ocrx_word' id='word_1_284' title='bbox 1295 3117 1390 3197; x_wconf 84' lang='grc' dir='ltr'>μὲν</span> <span class='ocrx_word' id='word_1_285' title='bbox 1435 3125 1600 3180; x_wconf 82' lang='grc' dir='ltr'>ταῦτα</span> <span class='ocrx_word' id='word_1_286' title='bbox 1649 3118 1936 3201; x_wconf 83' lang='grc' dir='ltr'>διεπράχθη</span> <span class='ocrx_word' id='word_1_287' title='bbox 1953 3163 1969 3192; x_wconf 92' lang='grc'>,</span> <span class='ocrx_word' id='word_1_288' title='bbox 2013 3116 2159 3177; x_wconf 79' lang='grc' dir='ltr'>οὐδὲν</span> 
     </span>
     <span class='ocr_line' id='line_1_33' title="bbox 585 3204 2153 3290; baseline -0.001 -23"><span class='ocrx_word' id='word_1_289' title='bbox 585 3209 854 3290; x_wconf 79' lang='grc' dir='ltr'>’προῦργου</span> <span class='ocrx_word' id='word_1_290' title='bbox 890 3210 1111 3268; x_wconf 78' lang='grc' dir='ltr'>ἀκοῦσαι</span> <span class='ocrx_word' id='word_1_291' title='bbox 1135 3208 1282 3285; x_wconf 75' lang='grc' dir='ltr'>ὑμῖν·</span> <span class='ocrx_word' id='word_1_292' title='bbox 1319 3206 1386 3265; x_wconf 77' lang='grc' dir='ltr'>τὰ</span> <span class='ocrx_word' id='word_1_293' title='bbox 1412 3204 1467 3265; x_wconf 80' lang='grc' dir='ltr'>δὲ</span> <span class='ocrx_word' id='word_1_294' title='bbox 1489 3206 1597 3266; x_wconf 79' lang='grc' dir='ltr'>νυνὶ</span> <span class='ocrx_word' id='word_1_295' title='bbox 1626 3206 1882 3287; x_wconf 84' lang='grc' dir='ltr'>βούλομαι</span> <span class='ocrx_word' id='word_1_296' title='bbox 1914 3208 2050 3284; x_wconf 71' lang='grc' dir='ltr'>ὑμᾶς</span> <span class='ocrx_word' id='word_1_297' title='bbox 2074 3208 2153 3265; x_wconf 87' lang='grc' dir='ltr'>εἷ-</span> 
     </span>
     <span class='ocr_line' id='line_1_34' title="bbox 599 3292 2157 3374; baseline -0.001 -19"><span class='ocrx_word' id='word_1_298' title='bbox 599 3297 740 3355; x_wconf 83' lang='grc' dir='ltr'>δέναι</span> <span class='ocrx_word' id='word_1_299' title='bbox 758 3339 775 3374; x_wconf 90' lang='grc'>,</span> <span class='ocrx_word' id='word_1_300' title='bbox 805 3293 886 3354; x_wconf 82' lang='grc' dir='ltr'>ὅτι</span> <span class='ocrx_word' id='word_1_301' title='bbox 912 3298 968 3354; x_wconf 73' lang='grc' dir='ltr'>αἱ</span> <span class='ocrx_word' id='word_1_302' title='bbox 992 3292 1276 3373; x_wconf 79' lang='grc' dir='ltr'>μέλλουσαι</span> <span class='ocrx_word' id='word_1_303' title='bbox 1295 3299 1412 3367; x_wconf 77' lang='grc' dir='ltr'>νῆες</span> <span class='ocrx_word' id='word_1_304' title='bbox 1440 3294 1542 3367; x_wconf 81' lang='grc' dir='ltr'>ἤδη</span> <span class='ocrx_word' id='word_1_305' title='bbox 1565 3293 1847 3373; x_wconf 78' lang='grc' dir='ltr'>σιταγωγοὶ</span> <span class='ocrx_word' id='word_1_306' title='bbox 1869 3296 2157 3354; x_wconf 80' lang='grc' dir='ltr'>καταπλεῖν</span> 
     </span>
     <span class='ocr_line' id='line_1_35' title="bbox 597 3387 2156 3471; baseline -0.001 -22"><span class='ocrx_word' id='word_1_307' title='bbox 597 3394 668 3456; x_wconf 82' lang='grc' dir='ltr'>εἷς</span> <span class='ocrx_word' id='word_1_308' title='bbox 685 3392 772 3449; x_wconf 83' lang='grc' dir='ltr'>τὸν</span> <span class='ocrx_word' id='word_1_309' title='bbox 789 3393 1014 3471; x_wconf 79' lang='grc' dir='ltr'>Πειραιᾶ</span> <span class='ocrx_word' id='word_1_310' title='bbox 1035 3392 1161 3448; x_wconf 78' lang='grc' dir='ltr'>εἰσιν</span> <span class='ocrx_word' id='word_1_311' title='bbox 1190 3390 1310 3465; x_wconf 79' lang='grc' dir='ltr'>ὑμῖν</span> <span class='ocrx_word' id='word_1_312' title='bbox 1339 3388 1581 3470; x_wconf 82' lang='grc' dir='ltr'>τέτταρες</span> <span class='ocrx_word' id='word_1_313' title='bbox 1610 3389 1700 3447; x_wconf 77' lang='grc' dir='ltr'>καὶ</span> <span class='ocrx_word' id='word_1_314' title='bbox 1721 3388 1865 3462; x_wconf 83' lang='grc' dir='ltr'>δέκα,</span> <span class='ocrx_word' id='word_1_315' title='bbox 1883 3390 1939 3447; x_wconf 75' lang='grc' dir='ltr'>αἱ</span> <span class='ocrx_word' id='word_1_316' title='bbox 1968 3387 2021 3447; x_wconf 81' lang='grc' dir='ltr'>δὲ</span> <span class='ocrx_word' id='word_1_317' title='bbox 2048 3390 2156 3447; x_wconf 83' lang='grc' dir='ltr'>λοι-</span> 
     </span>
     <span class='ocr_line' id='line_1_36' title="bbox 596 3475 2158 3558; baseline 0.001 -23"><span class='ocrx_word' id='word_1_318' title='bbox 596 3476 696 3535; x_wconf 76' lang='grc' dir='ltr'>παὶ</span> <span class='ocrx_word' id='word_1_319' title='bbox 725 3482 826 3537; x_wconf 83' lang='grc' dir='ltr'>τῶν</span> <span class='ocrx_word' id='word_1_320' title='bbox 846 3480 906 3537; x_wconf 75' lang='grc' dir='ltr'>ἐκ</span> <span class='ocrx_word' id='word_1_321' title='bbox 927 3476 1142 3557; x_wconf 81' lang='grc' dir='ltr'>Κύπρου</span> <span class='ocrx_word' id='word_1_322' title='bbox 1157 3479 1475 3556; x_wconf 78' lang='grc' dir='ltr'>ἀναχθεισῶν</span> <span class='ocrx_word' id='word_1_323' title='bbox 1495 3476 1703 3549; x_wconf 77' lang='grc' dir='ltr'>ἥξουσιν</span> <span class='ocrx_word' id='word_1_324' title='bbox 1731 3475 1916 3558; x_wconf 78' lang='grc' dir='ltr'>ἀθρόαι</span> <span class='ocrx_word' id='word_1_325' title='bbox 1944 3478 2003 3536; x_wconf 83' lang='grc' dir='ltr'>οὗ</span> <span class='ocrx_word' id='word_1_326' title='bbox 2025 3476 2158 3536; x_wconf 75' lang='grc' dir='ltr'>πολὺ</span> 
     </span>
     <span class='ocr_line' id='line_1_37' title="bbox 595 3556 2159 3645; baseline 0.002 -24"><span class='ocrx_word' id='word_1_327' title='bbox 595 3562 826 3645; x_wconf 78' lang='grc' dir='ltr'>ὕστερον.</span> <span class='ocrx_word' id='word_1_328' title='bbox 909 3563 1202 3641; x_wconf 81' lang='grc' dir='ltr'>Ἔδεξάμην</span> <span class='ocrx_word' id='word_1_329' title='bbox 1235 3564 1279 3621; x_wconf 88' lang='grc' dir='ltr'>δ’</span> <span class='ocrx_word' id='word_1_330' title='bbox 1317 3561 1382 3621; x_wconf 73' lang='grc' dir='ltr'>ἂν</span> <span class='ocrx_word' id='word_1_331' title='bbox 1407 3562 1522 3622; x_wconf 75' lang='grc' dir='ltr'>ἀντὶ</span> <span class='ocrx_word' id='word_1_332' title='bbox 1541 3561 1751 3622; x_wconf 81' lang='grc' dir='ltr'>πάντων</span> <span class='ocrx_word' id='word_1_333' title='bbox 1780 3561 2070 3644; x_wconf 85' lang='grc' dir='ltr'>χρημάτων</span> <span class='ocrx_word' id='word_1_334' title='bbox 2090 3556 2159 3624; x_wconf 73' lang='grc' dir='ltr'>εἷ·</span> 
     </span>
     <span class='ocr_line' id='line_1_38' title="bbox 595 3648 2157 3734; baseline 0.001 -24"><span class='ocrx_word' id='word_1_335' title='bbox 595 3674 680 3710; x_wconf 88' lang='grc' dir='ltr'>ναι</span> <span class='ocrx_word' id='word_1_336' title='bbox 705 3652 758 3711; x_wconf 83' lang='grc' dir='ltr'>ἐν</span> <span class='ocrx_word' id='word_1_337' title='bbox 799 3652 1024 3734; x_wconf 78' lang='grc' dir='ltr'>ἀσφαλεῖ</span> <span class='ocrx_word' id='word_1_338' title='bbox 1054 3650 1248 3733; x_wconf 79' lang='grc' dir='ltr'>φράσαι</span> <span class='ocrx_word' id='word_1_339' title='bbox 1276 3649 1404 3729; x_wconf 83' lang='grc' dir='ltr'>πρὸς</span> <span class='ocrx_word' id='word_1_340' title='bbox 1443 3653 1577 3729; x_wconf 79' lang='grc' dir='ltr'>ὑμᾶς</span> <span class='ocrx_word' id='word_1_341' title='bbox 1622 3648 1657 3708; x_wconf 77' lang='grc' dir='ltr'>ἃ</span> <span class='ocrx_word' id='word_1_342' title='bbox 1684 3650 1775 3709; x_wconf 72' lang='grc' dir='ltr'>καὶ</span> <span class='ocrx_word' id='word_1_343' title='bbox 1811 3655 1877 3731; x_wconf 82' lang='grc' dir='ltr'>τῇ</span> <span class='ocrx_word' id='word_1_344' title='bbox 1909 3653 2071 3732; x_wconf 85' lang='grc' dir='ltr'>βουλῇ</span> <span class='ocrx_word' id='word_1_345' title='bbox 2104 3654 2157 3711; x_wconf 79' lang='grc' dir='ltr'>ἐν</span> 
     </span>
     <span class='ocr_line' id='line_1_39' title="bbox 517 3732 2155 3821; baseline -0.001 -22"><span class='ocrx_word' id='word_1_346' title='bbox 517 3764 568 3805; x_wconf 72' lang='lat'>25</span> <span class='ocrx_word' id='word_1_347' title='bbox 597 3739 880 3821; x_wconf 77' lang='grc' dir='ltr'>ἀπορρήτῳ</span> <span class='ocrx_word' id='word_1_348' title='bbox 923 3739 1254 3818; x_wconf 77' lang='grc' dir='ltr'>εἰσήγγειλα,</span> <span class='ocrx_word' id='word_1_349' title='bbox 1287 3736 1424 3805; x_wconf 81' lang='grc' dir='ltr'>ὅπως</span> <span class='ocrx_word' id='word_1_350' title='bbox 1452 3736 1663 3798; x_wconf 77' lang='grc' dir='ltr'>αὐτόθεν</span> <span class='ocrx_word' id='word_1_351' title='bbox 1691 3738 1981 3820; x_wconf 73' lang='grc' dir='ltr'>προῄδειτε.</span> <span class='ocrx_word' id='word_1_352' title='bbox 2067 3732 2155 3818; x_wconf 77' lang='grc'>(22)</span> 
     </span>
     <span class='ocr_line' id='line_1_40' title="bbox 575 3824 2155 3909; baseline -0.002 -21"><span class='ocrx_word' id='word_1_353' title='bbox 575 3832 707 3890; x_wconf 79' lang='grc' dir='ltr'>’Νῦν</span> <span class='ocrx_word' id='word_1_354' title='bbox 724 3827 778 3887; x_wconf 88' lang='grc' dir='ltr'>δὲ</span> <span class='ocrx_word' id='word_1_355' title='bbox 811 3831 980 3888; x_wconf 82' lang='grc' dir='ltr'>ἐκεῖνα</span> <span class='ocrx_word' id='word_1_356' title='bbox 1002 3825 1096 3906; x_wconf 88' lang='grc' dir='ltr'>μὲν</span> <span class='ocrx_word' id='word_1_357' title='bbox 1117 3825 1234 3886; x_wconf 88' lang='grc' dir='ltr'>τότε</span> <span class='ocrx_word' id='word_1_358' title='bbox 1262 3824 1385 3885; x_wconf 83' lang='grc' dir='ltr'>ὅταν</span> <span class='ocrx_word' id='word_1_359' title='bbox 1416 3828 1736 3909; x_wconf 79' lang='grc' dir='ltr'>ἀποτελεσθῇ</span> <span class='ocrx_word' id='word_1_360' title='bbox 1757 3825 2018 3907; x_wconf 81' lang='grc' dir='ltr'>γνώσεσθε</span> <span class='ocrx_word' id='word_1_361' title='bbox 2042 3826 2155 3906; x_wconf 87' lang='grc' dir='ltr'>ἅμα</span> 
     </span>
     <span class='ocr_line' id='line_1_41' title="bbox 595 3903 2156 3997; baseline -0.002 -20"><span class='ocrx_word' id='word_1_362' title='bbox 595 3914 686 3977; x_wconf 77' lang='grc' dir='ltr'>καὶ</span> <span class='ocrx_word' id='word_1_363' title='bbox 715 3914 1142 3997; x_wconf 82' lang='grc' dir='ltr'>ὠφεληθήσεσθε·</span> <span class='ocrx_word' id='word_1_364' title='bbox 1182 3918 1270 3973; x_wconf 81' lang='grc' dir='ltr'>νῦν</span> <span class='ocrx_word' id='word_1_365' title='bbox 1300 3910 1384 3993; x_wconf 83' lang='grc' dir='ltr'>δέ,</span> <span class='ocrx_word' id='word_1_366' title='bbox 1412 3903 1456 3974; x_wconf 67' lang='grc' dir='ltr'><em>ὦ</em></span> <span class='ocrx_word' id='word_1_367' title='bbox 1487 3914 1778 3992; x_wconf 84' lang='grc' dir='ltr'>Ἀθηναῖοι,</span> <span class='ocrx_word' id='word_1_368' title='bbox 1820 3913 1871 3974; x_wconf 83' lang='grc' dir='ltr'>εί</span> <span class='ocrx_word' id='word_1_369' title='bbox 1903 3937 1993 3992; x_wconf 87' lang='grc' dir='ltr'>μοι</span> <span class='ocrx_word' id='word_1_370' title='bbox 2029 3920 2156 3996; x_wconf 86' lang='grc' dir='ltr'>βου-</span> 
     </span>
     <span class='ocr_line' id='line_1_42' title="bbox 598 4002 2157 4085; baseline -0.001 -21"><span class='ocrx_word' id='word_1_371' title='bbox 598 4004 838 4077; x_wconf 85' lang='grc' dir='ltr'>ληθείητε</span> <span class='ocrx_word' id='word_1_372' title='bbox 870 4005 1046 4064; x_wconf 78' lang='grc' dir='ltr'>δοῦναι</span> <span class='ocrx_word' id='word_1_373' title='bbox 1072 4002 1228 4085; x_wconf 82' lang='grc' dir='ltr'>χάριν</span> <span class='ocrx_word' id='word_1_374' title='bbox 1269 4002 1462 4084; x_wconf 85' lang='grc' dir='ltr'>μικράν</span> <span class='ocrx_word' id='word_1_375' title='bbox 1487 4027 1544 4063; x_wconf 88' lang='grc' dir='ltr'>τε</span> <span class='ocrx_word' id='word_1_376' title='bbox 1567 4002 1656 4063; x_wconf 71' lang='grc' dir='ltr'>καὶ</span> <span class='ocrx_word' id='word_1_377' title='bbox 1683 4002 1872 4063; x_wconf 81' lang='grc' dir='ltr'>ἄπονον</span> <span class='ocrx_word' id='word_1_378' title='bbox 1901 4004 2024 4081; x_wconf 73' lang='grc' dir='ltr'>ὑμῖν</span> <span class='ocrx_word' id='word_1_379' title='bbox 2067 4011 2157 4070; x_wconf 84' lang='grc' dir='ltr'>καὶ</span> 
     </span>
     <span class='ocr_line' id='line_1_43' title="bbox 594 4092 2155 4175; baseline 0 -22"><span class='ocrx_word' id='word_1_380' title='bbox 594 4093 707 4173; x_wconf 77' lang='grc' dir='ltr'>ἅμα</span> <span class='ocrx_word' id='word_1_381' title='bbox 732 4094 956 4168; x_wconf 86' lang='grc' dir='ltr'>δικαίαν,</span> <span class='ocrx_word' id='word_1_382' title='bbox 979 4092 1117 4153; x_wconf 86' lang='grc' dir='ltr'>πάνυ</span> <span class='ocrx_word' id='word_1_383' title='bbox 1151 4092 1214 4151; x_wconf 78' lang='grc' dir='ltr'>ἄν</span> <span class='ocrx_word' id='word_1_384' title='bbox 1243 4114 1331 4171; x_wconf 89' lang='grc' dir='ltr'>μοι</span> <span class='ocrx_word' id='word_1_385' title='bbox 1359 4098 1514 4154; x_wconf 75' lang='grc' dir='ltr'>τοῦτο</span> <span class='ocrx_word' id='word_1_386' title='bbox 1539 4096 1592 4153; x_wconf 75' lang='grc' dir='ltr'>ἐν</span> <span class='ocrx_word' id='word_1_387' title='bbox 1621 4092 1828 4174; x_wconf 78' lang='grc' dir='ltr'>μεγάλῃ</span> <span class='ocrx_word' id='word_1_388' title='bbox 1857 4095 2020 4175; x_wconf 81' lang='grc' dir='ltr'>ἡδονῇ</span> <span class='ocrx_word' id='word_1_389' title='bbox 2052 4093 2155 4172; x_wconf 82' lang='grc' dir='ltr'>γε’-</span> 
     </span>
     <span class='ocr_line' id='line_1_44' title="bbox 592 4179 2157 4264; baseline -0.001 -23"><span class='ocrx_word' id='word_1_390' title='bbox 592 4205 746 4244; x_wconf 87' lang='grc' dir='ltr'>νοιτο.</span> <span class='ocrx_word' id='word_1_391' title='bbox 829 4180 929 4250; x_wconf 83' lang='grc' dir='ltr'>Ὡς</span> <span class='ocrx_word' id='word_1_392' title='bbox 951 4180 1006 4240; x_wconf 82' lang='grc' dir='ltr'>δὲ</span> <span class='ocrx_word' id='word_1_393' title='bbox 1027 4180 1117 4241; x_wconf 71' lang='grc' dir='ltr'>καὶ</span> <span class='ocrx_word' id='word_1_394' title='bbox 1148 4179 1324 4239; x_wconf 87' lang='grc' dir='ltr'>δικαία</span> <span class='ocrx_word' id='word_1_395' title='bbox 1346 4182 1510 4257; x_wconf 80' lang='grc' dir='ltr'>ἐστίν,</span> <span class='ocrx_word' id='word_1_396' title='bbox 1548 4180 1765 4243; x_wconf 76' lang='grc' dir='ltr'>εἴσεσθε.</span> <span class='ocrx_word' id='word_1_397' title='bbox 1848 4179 1911 4241; x_wconf 81' lang='grc' dir='ltr'>Ἃ</span> <span class='ocrx_word' id='word_1_398' title='bbox 1935 4181 2037 4264; x_wconf 86' lang='grc' dir='ltr'>γάρ</span> <span class='ocrx_word' id='word_1_399' title='bbox 2067 4205 2157 4262; x_wconf 88' lang='grc' dir='ltr'>μοι</span> 
     </span>
     <span class='ocr_line' id='line_1_45' title="bbox 596 4266 2155 4351; baseline 0.001 -23"><span class='ocrx_word' id='word_1_400' title='bbox 596 4268 738 4329; x_wconf 74' lang='grc' dir='ltr'>αὐτοὶ</span> <span class='ocrx_word' id='word_1_401' title='bbox 779 4268 982 4347; x_wconf 87' lang='grc' dir='ltr'>γνόντες</span> <span class='ocrx_word' id='word_1_402' title='bbox 1023 4276 1079 4327; x_wconf 84' lang='grc' dir='ltr'>τε</span> <span class='ocrx_word' id='word_1_403' title='bbox 1116 4266 1206 4327; x_wconf 74' lang='grc' dir='ltr'>καὶ</span> <span class='ocrx_word' id='word_1_404' title='bbox 1249 4268 1596 4348; x_wconf 81' lang='grc' dir='ltr'>ὑποσχόμενοι</span> <span class='ocrx_word' id='word_1_405' title='bbox 1626 4268 1794 4343; x_wconf 86' lang='grc' dir='ltr'>ἔδοτε,</span> <span class='ocrx_word' id='word_1_406' title='bbox 1841 4268 2053 4351; x_wconf 74' lang='grc' dir='ltr'>ὕστερον</span> <span class='ocrx_word' id='word_1_407' title='bbox 2101 4269 2155 4329; x_wconf 78' lang='grc' dir='ltr'>δὲ</span> 
     </span>
     <span class='ocr_line' id='line_1_46' title="bbox 597 4354 2148 4439; baseline 0.004 -28"><span class='ocrx_word' id='word_1_408' title='bbox 597 4354 782 4435; x_wconf 80' lang='grc' dir='ltr'>ἑτέροις</span> <span class='ocrx_word' id='word_1_409' title='bbox 803 4356 1096 4433; x_wconf 81' lang='grc' dir='ltr'>πειθόμενοι</span> <span class='ocrx_word' id='word_1_410' title='bbox 1116 4354 1383 4436; x_wconf 79' lang='grc' dir='ltr'>ἀφείλεσθε</span> <span class='ocrx_word' id='word_1_411' title='bbox 1401 4400 1417 4433; x_wconf 85' lang='grc'>,</span> <span class='ocrx_word' id='word_1_412' title='bbox 1448 4360 1594 4417; x_wconf 80' lang='grc' dir='ltr'>ταῦθ’</span> <span class='ocrx_word' id='word_1_413' title='bbox 1623 4360 1758 4433; x_wconf 74' lang='grc' dir='ltr'>ὑμᾶς</span> <span class='ocrx_word' id='word_1_414' title='bbox 1775 4402 1792 4436; x_wconf 84' lang='grc'>,</span> <span class='ocrx_word' id='word_1_415' title='bbox 1817 4360 1861 4417; x_wconf 82' lang='grc' dir='ltr'>εἷ</span> <span class='ocrx_word' id='word_1_416' title='bbox 1898 4358 1993 4436; x_wconf 84' lang='grc' dir='ltr'>μὲν</span> <span class='ocrx_word' id='word_1_417' title='bbox 2026 4356 2148 4439; x_wconf 88' lang='grc' dir='ltr'>βού·</span> 
     </span>
     <span class='ocr_line' id='line_1_47' title="bbox 595 4440 2154 4527; baseline 0.005 -28"><span class='ocrx_word' id='word_1_418' title='bbox 595 4444 744 4501; x_wconf 87' lang='grc' dir='ltr'>λεσθε</span> <span class='ocrx_word' id='word_1_419' title='bbox 763 4487 780 4516; x_wconf 91' lang='grc'>,</span> <span class='ocrx_word' id='word_1_420' title='bbox 815 4442 961 4513; x_wconf 73' lang='grc' dir='ltr'>αἰτῶ,</span> <span class='ocrx_word' id='word_1_421' title='bbox 990 4446 1036 4501; x_wconf 79' lang='grc' dir='ltr'>εἰ</span> <span class='ocrx_word' id='word_1_422' title='bbox 1063 4443 1117 4500; x_wconf 84' lang='grc' dir='ltr'>δὲ</span> <span class='ocrx_word' id='word_1_423' title='bbox 1147 4440 1221 4517; x_wconf 79' lang='grc' dir='ltr'>μὴ</span> <span class='ocrx_word' id='word_1_424' title='bbox 1247 4442 1514 4523; x_wconf 85' lang='grc' dir='ltr'>βούλεσθε,</span> <span class='ocrx_word' id='word_1_425' title='bbox 1551 4446 1779 4506; x_wconf 82' lang='grc' dir='ltr'>ἀπαιτῶ.</span> <span class='ocrx_word' id='word_1_426' title='bbox 1864 4446 1959 4525; x_wconf 81' lang='lat'>(2³)</span> <span class='ocrx_word' id='word_1_427' title='bbox 2009 4446 2154 4527; x_wconf 79' lang='grc' dir='ltr'>Ὁρῶ</span> 
     </span>
     <span class='ocr_line' id='line_1_48' title="bbox 513 4528 2152 4610; baseline 0.004 -23"><span class='ocrx_word' id='word_1_428' title='bbox 513 4552 568 4592; x_wconf 73' lang='lat'>³0</span> <span class='ocrx_word' id='word_1_429' title='bbox 600 4530 654 4588; x_wconf 79' lang='grc' dir='ltr'>δὲ</span> <span class='ocrx_word' id='word_1_430' title='bbox 679 4534 814 4607; x_wconf 76' lang='grc' dir='ltr'>ὑμᾶς</span> <span class='ocrx_word' id='word_1_431' title='bbox 837 4528 1088 4597; x_wconf 87' lang='grc' dir='ltr'>πολλάκις</span> <span class='ocrx_word' id='word_1_432' title='bbox 1106 4529 1196 4588; x_wconf 79' lang='grc' dir='ltr'>καὶ</span> <span class='ocrx_word' id='word_1_433' title='bbox 1221 4529 1416 4597; x_wconf 84' lang='grc' dir='ltr'>δούλοις</span> <span class='ocrx_word' id='word_1_434' title='bbox 1432 4530 1716 4610; x_wconf 84' lang='grc' dir='ltr'>ἀνθρώποις</span> <span class='ocrx_word' id='word_1_435' title='bbox 1737 4532 1827 4591; x_wconf 74' lang='grc' dir='ltr'>καὶ</span> <span class='ocrx_word' id='word_1_436' title='bbox 1850 4531 2004 4601; x_wconf 80' lang='grc' dir='ltr'>ξένοις</span> <span class='ocrx_word' id='word_1_437' title='bbox 2021 4556 2152 4593; x_wconf 87' lang='grc' dir='ltr'>παν-</span> 
     </span>
     <span class='ocr_line' id='line_1_49' title="bbox 595 4613 2153 4699; baseline 0.001 -23"><span class='ocrx_word' id='word_1_438' title='bbox 595 4618 837 4683; x_wconf 84' lang='grc' dir='ltr'>τοδαποῖς</span> <span class='ocrx_word' id='word_1_439' title='bbox 861 4615 1124 4675; x_wconf 88' lang='grc' dir='ltr'>πολιτείαν</span> <span class='ocrx_word' id='word_1_440' title='bbox 1143 4613 1378 4684; x_wconf 86' lang='grc' dir='ltr'>διδόντας</span> <span class='ocrx_word' id='word_1_441' title='bbox 1396 4640 1451 4675; x_wconf 87' lang='grc' dir='ltr'>τε</span> <span class='ocrx_word' id='word_1_442' title='bbox 1488 4615 1580 4677; x_wconf 79' lang='grc' dir='ltr'>καὶ</span> <span class='ocrx_word' id='word_1_443' title='bbox 1609 4620 1680 4685; x_wconf 82' lang='grc' dir='ltr'>εἷς</span> <span class='ocrx_word' id='word_1_444' title='bbox 1699 4618 1951 4699; x_wconf 81' lang='grc' dir='ltr'>χρήματα</span> <span class='ocrx_word' id='word_1_445' title='bbox 1976 4620 2153 4699; x_wconf 87' lang='grc' dir='ltr'>μεγά-</span> 
     </span>
     <span class='ocr_line' id='line_1_50' title="bbox 593 4702 2147 4787; baseline 0.003 -23"><span class='ocrx_word' id='word_1_446' title='bbox 593 4708 689 4773; x_wconf 89' lang='grc' dir='ltr'>λας</span> <span class='ocrx_word' id='word_1_447' title='bbox 721 4703 916 4783; x_wconf 86' lang='grc' dir='ltr'>δωρεάς</span> <span class='ocrx_word' id='word_1_448' title='bbox 931 4748 948 4777; x_wconf 91' lang='grc'>,</span> <span class='ocrx_word' id='word_1_449' title='bbox 967 4702 1017 4763; x_wconf 84' lang='grc' dir='ltr'>οἳ</span> <span class='ocrx_word' id='word_1_450' title='bbox 1044 4703 1108 4763; x_wconf 79' lang='grc' dir='ltr'>ἂν</span> <span class='ocrx_word' id='word_1_451' title='bbox 1129 4707 1268 4781; x_wconf 76' lang='grc' dir='ltr'>ὑμᾶς</span> <span class='ocrx_word' id='word_1_452' title='bbox 1291 4704 1574 4783; x_wconf 87' lang='grc' dir='ltr'>φαίνωνται</span> <span class='ocrx_word' id='word_1_453' title='bbox 1589 4707 1850 4773; x_wconf 80' lang='grc' dir='ltr'>ποιοῦντές</span> <span class='ocrx_word' id='word_1_454' title='bbox 1865 4730 1915 4763; x_wconf 90' lang='grc' dir='ltr'>τι</span> <span class='ocrx_word' id='word_1_455' title='bbox 1936 4707 2147 4787; x_wconf 79' lang='grc' dir='ltr'>ἀγαθόν.</span> 
     </span>
     <span class='ocr_line' id='line_1_51' title="bbox 596 4793 2153 4875; baseline 0.001 -20"><span class='ocrx_word' id='word_1_456' title='bbox 596 4793 706 4855; x_wconf 79' lang='grc' dir='ltr'>Καὶ</span> <span class='ocrx_word' id='word_1_457' title='bbox 730 4798 900 4851; x_wconf 76' lang='grc' dir='ltr'>ταῦτα</span> <span class='ocrx_word' id='word_1_458' title='bbox 925 4793 1101 4869; x_wconf 86' lang='grc' dir='ltr'>μέντοι</span> <span class='ocrx_word' id='word_1_459' title='bbox 1123 4794 1282 4872; x_wconf 79' lang='grc' dir='ltr'>ὀρθῶς</span> <span class='ocrx_word' id='word_1_460' title='bbox 1301 4795 1448 4869; x_wconf 77' lang='grc' dir='ltr'>ὑμεῖς</span> <span class='ocrx_word' id='word_1_461' title='bbox 1469 4796 1768 4875; x_wconf 75' lang='grc' dir='ltr'>φρονοῦντες</span> <span class='ocrx_word' id='word_1_462' title='bbox 1797 4794 1988 4853; x_wconf 85' lang='grc' dir='ltr'>δίδοτε·</span> <span class='ocrx_word' id='word_1_463' title='bbox 2019 4794 2153 4856; x_wconf 76' lang='grc' dir='ltr'>οὕτω</span> 
     </span>
     <span class='ocr_line' id='line_1_52' title="bbox 594 4872 2149 4963; baseline 0.003 -24"><span class='ocrx_word' id='word_1_464' title='bbox 594 4879 695 4961; x_wconf 78' lang='grc' dir='ltr'>γὰρ</span> <span class='ocrx_word' id='word_1_465' title='bbox 719 4878 782 4939; x_wconf 79' lang='grc' dir='ltr'>ἂν</span> <span class='ocrx_word' id='word_1_466' title='bbox 817 4878 918 4937; x_wconf 78' lang='grc' dir='ltr'>ὑπὸ</span> <span class='ocrx_word' id='word_1_467' title='bbox 944 4879 1202 4939; x_wconf 86' lang='grc' dir='ltr'>πλείστων</span> <span class='ocrx_word' id='word_1_468' title='bbox 1238 4880 1522 4962; x_wconf 74' lang='grc' dir='ltr'>ἀνθρώπων</span> <span class='ocrx_word' id='word_1_469' title='bbox 1557 4872 1616 4941; x_wconf 64' lang='grc' dir='ltr'>εὖ</span> <span class='ocrx_word' id='word_1_470' title='bbox 1652 4880 1923 4962; x_wconf 79' lang='grc' dir='ltr'>πάσχοιτε.</span> <span class='ocrx_word' id='word_1_471' title='bbox 2008 4880 2149 4963; x_wconf 85' lang='grc' dir='ltr'>Ἐγὼ</span> 
     </span>
     <span class='ocr_line' id='line_1_53' title="bbox 595 4968 2151 5053; baseline 0.002 -25"><span class='ocrx_word' id='word_1_472' title='bbox 595 4968 762 5028; x_wconf 87' lang='grc' dir='ltr'>τοίνυν</span> <span class='ocrx_word' id='word_1_473' title='bbox 789 4973 1029 5027; x_wconf 75' lang='grc' dir='ltr'>τοσοῦτον</span> <span class='ocrx_word' id='word_1_474' title='bbox 1051 4971 1198 5046; x_wconf 80' lang='grc' dir='ltr'>ὑμῶν</span> <span class='ocrx_word' id='word_1_475' title='bbox 1221 4970 1377 5049; x_wconf 87' lang='grc' dir='ltr'>μόνον</span> <span class='ocrx_word' id='word_1_476' title='bbox 1406 4969 1590 5046; x_wconf 84' lang='grc' dir='ltr'>δέομαι</span> <span class='ocrx_word' id='word_1_477' title='bbox 1605 4994 1618 5007; x_wconf 88' lang='grc'><em>·</em></span> <span class='ocrx_word' id='word_1_478' title='bbox 1637 4970 1696 5029; x_wconf 80' lang='grc' dir='ltr'>τὸ</span> <span class='ocrx_word' id='word_1_479' title='bbox 1717 4970 1964 5053; x_wconf 85' lang='grc' dir='ltr'>ψήφισμα</span> <span class='ocrx_word' id='word_1_480' title='bbox 1986 4970 2015 5029; x_wconf 84' lang='grc' dir='ltr'>ὃ</span> <span class='ocrx_word' id='word_1_481' title='bbox 2038 4976 2151 5034; x_wconf 83' lang='grc' dir='ltr'>Με-</span> 
     </span>
     <span class='ocr_line' id='line_1_54' title="bbox 595 5050 2149 5138; baseline 0.002 -21"><span class='ocrx_word' id='word_1_482' title='bbox 595 5058 785 5117; x_wconf 88' lang='grc' dir='ltr'>νίππου</span> <span class='ocrx_word' id='word_1_483' title='bbox 815 5055 1042 5125; x_wconf 77' lang='grc' dir='ltr'>εἰπόντος</span> <span class='ocrx_word' id='word_1_484' title='bbox 1074 5058 1393 5138; x_wconf 81' lang='grc' dir='ltr'>ἐψηφίσασθε</span> <span class='ocrx_word' id='word_1_485' title='bbox 1414 5104 1432 5136; x_wconf 85' lang='grc'>,</span> <span class='ocrx_word' id='word_1_486' title='bbox 1463 5050 1597 5118; x_wconf 69' lang='grc' dir='ltr'>εἷναί</span> <span class='ocrx_word' id='word_1_487' title='bbox 1635 5083 1725 5138; x_wconf 87' lang='grc' dir='ltr'>μοι</span> <span class='ocrx_word' id='word_1_488' title='bbox 1761 5059 1955 5135; x_wconf 81' lang='grc' dir='ltr'>ἄδειαν,</span> <span class='ocrx_word' id='word_1_489' title='bbox 1992 5060 2149 5121; x_wconf 84' lang='grc' dir='ltr'>πάλιν</span> 
     </span>
     <span class='ocr_line' id='line_1_55' title="bbox 515 5144 2147 5229; baseline 0.002 -24"><span class='ocrx_word' id='word_1_490' title='bbox 515 5165 569 5205; x_wconf 71' lang='lat' dir='ltr'><strong>aa</strong></span> <span class='ocrx_word' id='word_1_491' title='bbox 597 5145 838 5207; x_wconf 79' lang='grc' dir='ltr'>ἀπόδοτε.</span> <span class='ocrx_word' id='word_1_492' title='bbox 920 5144 1297 5223; x_wconf 85' lang='grc' dir='ltr'>Ἀναγνώσεται</span> <span class='ocrx_word' id='word_1_493' title='bbox 1327 5145 1380 5205; x_wconf 83' lang='grc' dir='ltr'>δὲ</span> <span class='ocrx_word' id='word_1_494' title='bbox 1401 5150 1522 5224; x_wconf 80' lang='grc' dir='ltr'>ὑμῖν</span> <span class='ocrx_word' id='word_1_495' title='bbox 1555 5147 1712 5207; x_wconf 82' lang='grc' dir='ltr'>αὐτό·</span> <span class='ocrx_word' id='word_1_496' title='bbox 1733 5146 1924 5229; x_wconf 77' lang='grc' dir='ltr'>ἔτιγὰρ</span> <span class='ocrx_word' id='word_1_497' title='bbox 1950 5149 2042 5207; x_wconf 77' lang='grc' dir='ltr'>καὶ</span> <span class='ocrx_word' id='word_1_498' title='bbox 2060 5154 2147 5209; x_wconf 86' lang='grc' dir='ltr'>ν’ὖν</span> 
     </span>
     <span class='ocr_line' id='line_1_56' title="bbox 596 5233 1517 5323; baseline 0.005 -32"><span class='ocrx_word' id='word_1_499' title='bbox 596 5233 945 5317; x_wconf 77' lang='grc' dir='ltr'>ἐγγέγραπται</span> <span class='ocrx_word' id='word_1_500' title='bbox 966 5236 1019 5293; x_wconf 78' lang='grc' dir='ltr'>ἐν</span> <span class='ocrx_word' id='word_1_501' title='bbox 1046 5238 1121 5323; x_wconf 80' lang='grc' dir='ltr'>τῷ</span> <span class='ocrx_word' id='word_1_502' title='bbox 1152 5234 1517 5321; x_wconf 74' lang='grc' dir='ltr'>βουλευτηρίῳ.</span> 
     </span>
    </p>
   </div>
   <div class='ocr_carea' id='block_1_7' title="bbox 2252 877 3774 1592">
    <p class='ocr_par' dir='ltr' id='par_1_7' title="bbox 2252 877 3774 1592">
     <span class='ocr_line' id='line_1_57' title="bbox 2258 877 3739 941; baseline 0.003 -14"><span class='ocrx_word' id='word_1_503' title='bbox 2258 877 2343 927; x_wconf 84' lang='lat' dir='ltr'>sed</span> <span class='ocrx_word' id='word_1_504' title='bbox 2368 890 2456 929; x_wconf 80' lang='lat' dir='ltr'><strong>vos</strong></span> <span class='ocrx_word' id='word_1_505' title='bbox 2484 891 2573 941; x_wconf 90' lang='lat' dir='ltr'><strong>pro</strong></span> <span class='ocrx_word' id='word_1_506' title='bbox 2596 878 2689 928; x_wconf 83' lang='lat' dir='ltr'><strong>illis</strong></span> <span class='ocrx_word' id='word_1_507' title='bbox 2711 877 2857 928; x_wconf 83' lang='lat' dir='ltr'><strong>luitis.</strong></span> <span class='ocrx_word' id='word_1_508' title='bbox 2922 877 3021 941; x_wconf 81' lang='grc'>(18)</span> <span class='ocrx_word' id='word_1_509' title='bbox 3056 879 3116 928; x_wconf 81' lang='lat' dir='ltr'>Et</span> <span class='ocrx_word' id='word_1_510' title='bbox 3136 879 3446 931; x_wconf 81' lang='lat' dir='ltr'><strong>nibilominus</strong></span> <span class='ocrx_word' id='word_1_511' title='bbox 3463 880 3606 931; x_wconf 76' lang='lat' dir='ltr'><strong>tamen</strong></span> <span class='ocrx_word' id='word_1_512' title='bbox 3634 881 3739 931; x_wconf 75' lang='lat' dir='ltr'><strong>iiden</strong></span> 
     </span>
     <span class='ocr_line' id='line_1_58' title="bbox 2261 986 3741 1051; baseline 0.003 -15"><span class='ocrx_word' id='word_1_513' title='bbox 2261 988 2555 1038; x_wconf 79' lang='lat' dir='ltr'><strong>coronantur</strong></span> <span class='ocrx_word' id='word_1_514' title='bbox 2570 1000 2601 1037; x_wconf 84' lang='lat' dir='ltr'><strong>a</strong></span> <span class='ocrx_word' id='word_1_515' title='bbox 2625 986 2763 1039; x_wconf 65' lang='lat' dir='ltr'><strong>vob&#39;s</strong></span> <span class='ocrx_word' id='word_1_516' title='bbox 2779 989 2829 1039; x_wconf 85' lang='lat' dir='ltr'>et</span> <span class='ocrx_word' id='word_1_517' title='bbox 2844 988 3093 1051; x_wconf 79' lang='lat' dir='ltr'><strong>praeconiis</strong></span> <span class='ocrx_word' id='word_1_518' title='bbox 3112 991 3346 1043; x_wconf 78' lang='lat' dir='ltr'><strong>ornantur</strong></span> <span class='ocrx_word' id='word_1_519' title='bbox 3364 1003 3453 1040; x_wconf 87' lang='lat' dir='ltr'>ceu</span> <span class='ocrx_word' id='word_1_520' title='bbox 3470 990 3551 1039; x_wconf 84' lang='lat' dir='ltr'><strong>viri</strong></span> <span class='ocrx_word' id='word_1_521' title='bbox 3564 992 3681 1041; x_wconf 68' lang='lat' dir='ltr'><strong>sortoe</strong></span> <span class='ocrx_word' id='word_1_522' title='bbox 3694 994 3741 1040; x_wconf 81' lang='lat' dir='ltr'>at·</span> 
     </span>
     <span class='ocr_line' id='line_1_59' title="bbox 2256 1100 3741 1168; baseline 0.005 -19"><span class='ocrx_word' id='word_1_523' title='bbox 2256 1113 2351 1163; x_wconf 90' lang='lat' dir='ltr'>que</span> <span class='ocrx_word' id='word_1_524' title='bbox 2364 1100 2495 1151; x_wconf 86' lang='lat' dir='ltr'><strong>boni.</strong></span> <span class='ocrx_word' id='word_1_525' title='bbox 2558 1104 2723 1165; x_wconf 78' lang='lat' dir='ltr'><strong>Neque</strong></span> <span class='ocrx_word' id='word_1_526' title='bbox 2740 1113 2827 1165; x_wconf 81' lang='lat' dir='ltr'>ego</span> <span class='ocrx_word' id='word_1_527' title='bbox 2843 1100 3085 1153; x_wconf 82' lang='lat' dir='ltr'><strong>infitiabor</strong></span> <span class='ocrx_word' id='word_1_528' title='bbox 3102 1104 3233 1153; x_wconf 87' lang='lat' dir='ltr'><strong>recte</strong></span> <span class='ocrx_word' id='word_1_529' title='bbox 3250 1103 3317 1154; x_wconf 84' lang='lat' dir='ltr'>ita</span> <span class='ocrx_word' id='word_1_530' title='bbox 3332 1104 3435 1155; x_wconf 79' lang='lat' dir='ltr'><strong>fieri</strong></span> <span class='ocrx_word' id='word_1_531' title='bbox 3456 1124 3469 1155; x_wconf 89' lang='lat'>:</span> <span class='ocrx_word' id='word_1_532' title='bbox 3488 1118 3635 1168; x_wconf 74' lang='lat' dir='ltr'><strong>magna</strong></span> <span class='ocrx_word' id='word_1_533' title='bbox 3648 1107 3741 1157; x_wconf 85' lang='lat' dir='ltr'><strong>enim</strong></span> 
     </span>
     <span class='ocr_line' id='line_1_60' title="bbox 2254 1211 3743 1281; baseline 0.005 -21"><span class='ocrx_word' id='word_1_534' title='bbox 2254 1211 2410 1263; x_wconf 83' lang='lat' dir='ltr'><strong>virtus</strong></span> <span class='ocrx_word' id='word_1_535' title='bbox 2425 1216 2499 1263; x_wconf 73' lang='lat' dir='ltr'>est</span> <span class='ocrx_word' id='word_1_536' title='bbox 2515 1214 2717 1277; x_wconf 83' lang='lat' dir='ltr'><strong>patriam</strong></span> <span class='ocrx_word' id='word_1_537' title='bbox 2736 1228 2925 1277; x_wconf 78' lang='lat' dir='ltr'><strong>ornare,</strong></span> <span class='ocrx_word' id='word_1_538' title='bbox 2944 1228 3253 1279; x_wconf 87' lang='lat' dir='ltr'><strong>quocumque</strong></span> <span class='ocrx_word' id='word_1_539' title='bbox 3269 1216 3471 1281; x_wconf 76' lang='lat' dir='ltr'><strong>quisque</strong></span> <span class='ocrx_word' id='word_1_540' title='bbox 3482 1217 3609 1267; x_wconf 86' lang='lat' dir='ltr'><strong>modo</strong></span> <span class='ocrx_word' id='word_1_541' title='bbox 3622 1219 3743 1281; x_wconf 80' lang='lat' dir='ltr'><strong>potue·</strong></span> 
     </span>
     <span class='ocr_line' id='line_1_61' title="bbox 2256 1320 3743 1389; baseline 0.005 -20"><span class='ocrx_word' id='word_1_542' title='bbox 2256 1320 2335 1370; x_wconf 86' lang='lat' dir='ltr'><strong>rit.</strong></span> <span class='ocrx_word' id='word_1_543' title='bbox 2400 1322 2747 1373; x_wconf 84' lang='lat' dir='ltr'><strong>Verumtamen</strong></span> <span class='ocrx_word' id='word_1_544' title='bbox 2768 1324 2862 1373; x_wconf 90' lang='lat' dir='ltr'>hoc</span> <span class='ocrx_word' id='word_1_545' title='bbox 2884 1326 3015 1377; x_wconf 85' lang='lat' dir='ltr'><strong>certe</strong></span> <span class='ocrx_word' id='word_1_546' title='bbox 3031 1324 3222 1388; x_wconf 78' lang='lat' dir='ltr'><strong>agnosci</strong></span> <span class='ocrx_word' id='word_1_547' title='bbox 3244 1324 3413 1389; x_wconf 86' lang='lat' dir='ltr'><strong>debet,</strong></span> <span class='ocrx_word' id='word_1_548' title='bbox 3439 1340 3599 1377; x_wconf 73' lang='lat' dir='ltr'><strong>summa</strong></span> <span class='ocrx_word' id='word_1_549' title='bbox 3616 1326 3743 1377; x_wconf 66' lang='lat' dir='ltr'><strong>debete</strong></span> 
     </span>
     <span class='ocr_line' id='line_1_62' title="bbox 2252 1422 3774 1494; baseline 0.005 -21"><span class='ocrx_word' id='word_1_550' title='bbox 2252 1422 2392 1473; x_wconf 83' lang='lat' dir='ltr'><strong>illum</strong></span> <span class='ocrx_word' id='word_1_551' title='bbox 2430 1424 2533 1474; x_wconf 79' lang='lat' dir='ltr'><strong>fieri</strong></span> <span class='ocrx_word' id='word_1_552' title='bbox 2543 1461 2559 1488; x_wconf 94' lang='lat'><strong>,</strong></span> <span class='ocrx_word' id='word_1_553' title='bbox 2591 1426 2632 1476; x_wconf 88' lang='lat' dir='ltr'>si</span> <span class='ocrx_word' id='word_1_554' title='bbox 2658 1426 2767 1489; x_wconf 84' lang='lat' dir='ltr'><strong>quis</strong></span> <span class='ocrx_word' id='word_1_555' title='bbox 2797 1426 2897 1477; x_wconf 84' lang='lat' dir='ltr'><strong>suis</strong></span> <span class='ocrx_word' id='word_1_556' title='bbox 2926 1427 3095 1491; x_wconf 82' lang='lat' dir='ltr'><strong>opibus</strong></span> <span class='ocrx_word' id='word_1_557' title='bbox 3119 1428 3317 1493; x_wconf 83' lang='lat' dir='ltr'><strong>ipsoque</strong></span> <span class='ocrx_word' id='word_1_558' title='bbox 3351 1443 3541 1494; x_wconf 89' lang='lat' dir='ltr'><strong>corpore</strong></span> <span class='ocrx_word' id='word_1_559' title='bbox 3561 1431 3606 1481; x_wconf 86' lang='lat' dir='ltr'>in</span> <span class='ocrx_word' id='word_1_560' title='bbox 3633 1432 3743 1481; x_wconf 81' lang='lat' dir='ltr'><strong>aleam</strong></span> <span class='ocrx_word' id='word_1_561' title='bbox 3773 1430 3774 1449; x_wconf 69' lang='lat'>³</span> 
     </span>
     <span class='ocr_line' id='line_1_63' title="bbox 2256 1527 3312 1592; baseline 0.008 -15"><span class='ocrx_word' id='word_1_562' title='bbox 2256 1527 2383 1579; x_wconf 80' lang='lat' dir='ltr'><strong>datis</strong></span> <span class='ocrx_word' id='word_1_563' title='bbox 2404 1529 2669 1592; x_wconf 85' lang='lat' dir='ltr'><strong>promereri</strong></span> <span class='ocrx_word' id='word_1_564' title='bbox 2684 1530 2814 1581; x_wconf 61' lang='grc' dir='ltr'>(πίνω</span> <span class='ocrx_word' id='word_1_565' title='bbox 2830 1544 2943 1583; x_wconf 82' lang='lat' dir='ltr'><strong>suos</strong></span> <span class='ocrx_word' id='word_1_566' title='bbox 2955 1532 3087 1583; x_wconf 83' lang='lat' dir='ltr'><strong>haud</strong></span> <span class='ocrx_word' id='word_1_567' title='bbox 3104 1535 3312 1585; x_wconf 83' lang='lat' dir='ltr'><strong>recuset.</strong></span> 
     </span>
    </p>
   </div>
   <div class='ocr_carea' id='block_1_8' title="bbox 2235 1636 3774 5323">
    <p class='ocr_par' dir='ltr' id='par_1_8' title="bbox 2235 1636 3774 5323">
     <span class='ocr_line' id='line_1_64' title="bbox 2317 1636 3741 1702; baseline 0.001 -15"><span class='ocrx_word' id='word_1_568' title='bbox 2317 1638 2393 1687; x_wconf 82' lang='grc'>19.</span> <span class='ocrx_word' id='word_1_569' title='bbox 2418 1636 2527 1685; x_wconf 81' lang='lat' dir='ltr'><strong>Jam</strong></span> <span class='ocrx_word' id='word_1_570' title='bbox 2546 1648 2659 1698; x_wconf 80' lang='lat' dir='ltr'>quoe</span> <span class='ocrx_word' id='word_1_571' title='bbox 2674 1636 2723 1686; x_wconf 86' lang='lat' dir='ltr'>in</span> <span class='ocrx_word' id='word_1_572' title='bbox 2742 1649 2828 1687; x_wconf 84' lang='lat' dir='ltr'><strong>vos</strong></span> <span class='ocrx_word' id='word_1_573' title='bbox 2849 1637 2949 1699; x_wconf 82' lang='lat' dir='ltr'><strong>jam</strong></span> <span class='ocrx_word' id='word_1_574' title='bbox 2972 1639 3071 1689; x_wconf 77' lang='lat' dir='ltr'><strong>rere</strong></span> <span class='ocrx_word' id='word_1_575' title='bbox 3084 1639 3267 1689; x_wconf 85' lang='lat' dir='ltr'><strong>contuli</strong></span> <span class='ocrx_word' id='word_1_576' title='bbox 3281 1676 3296 1702; x_wconf 89' lang='lat'><strong>,</strong></span> <span class='ocrx_word' id='word_1_577' title='bbox 3320 1653 3409 1691; x_wconf 75' lang='lat' dir='ltr'><strong>vos</strong></span> <span class='ocrx_word' id='word_1_578' title='bbox 3424 1652 3580 1691; x_wconf 86' lang='lat' dir='ltr'><strong>omnes</strong></span> <span class='ocrx_word' id='word_1_579' title='bbox 3594 1641 3741 1691; x_wconf 75' lang='lat' dir='ltr'><strong>noritis:</strong></span> 
     </span>
     <span class='ocr_line' id='line_1_65' title="bbox 2252 1726 3745 1793; baseline 0.005 -19"><span class='ocrx_word' id='word_1_580' title='bbox 2252 1738 2363 1788; x_wconf 82' lang='lat' dir='ltr'><strong>quae</strong></span> <span class='ocrx_word' id='word_1_581' title='bbox 2386 1726 2549 1776; x_wconf 80' lang='lat' dir='ltr'><strong>autem</strong></span> <span class='ocrx_word' id='word_1_582' title='bbox 2572 1727 2835 1778; x_wconf 80' lang='lat' dir='ltr'><strong>collaturus</strong></span> <span class='ocrx_word' id='word_1_583' title='bbox 2870 1728 2961 1780; x_wconf 81' lang='lat' dir='ltr'>sim</span> <span class='ocrx_word' id='word_1_584' title='bbox 2996 1731 3048 1780; x_wconf 86' lang='lat' dir='ltr'>et</span> <span class='ocrx_word' id='word_1_585' title='bbox 3077 1730 3179 1793; x_wconf 84' lang='lat' dir='ltr'><strong>jam</strong></span> <span class='ocrx_word' id='word_1_586' title='bbox 3217 1744 3351 1781; x_wconf 90' lang='lat' dir='ltr'><strong>nunc</strong></span> <span class='ocrx_word' id='word_1_587' title='bbox 3384 1732 3640 1793; x_wconf 77' lang='lat' dir='ltr'><strong>institmm,</strong></span> <span class='ocrx_word' id='word_1_588' title='bbox 3661 1746 3745 1781; x_wconf 83' lang='lat' dir='ltr'>cum</span> 
     </span>
     <span class='ocr_line' id='line_1_66' title="bbox 2253 1816 3747 1887; baseline 0.005 -21"><span class='ocrx_word' id='word_1_589' title='bbox 2253 1816 2531 1881; x_wconf 80' lang='lat' dir='ltr'><strong>Quingentis</strong></span> <span class='ocrx_word' id='word_1_590' title='bbox 2558 1821 2771 1869; x_wconf 76' lang='lat' dir='ltr'><strong>vestrum</strong></span> <span class='ocrx_word' id='word_1_591' title='bbox 2785 1858 2801 1883; x_wconf 92' lang='lat'><strong>,</strong></span> <span class='ocrx_word' id='word_1_592' title='bbox 2835 1834 2946 1871; x_wconf 87' lang='lat' dir='ltr'>cum</span> <span class='ocrx_word' id='word_1_593' title='bbox 2964 1825 3133 1873; x_wconf 77' lang='lat' dir='ltr'><strong>senatu</strong></span> <span class='ocrx_word' id='word_1_594' title='bbox 3168 1824 3350 1876; x_wconf 84' lang='lat' dir='ltr'><strong>scilicet</strong></span> <span class='ocrx_word' id='word_1_595' title='bbox 3366 1861 3382 1887; x_wconf 92' lang='lat'><strong>,</strong></span> <span class='ocrx_word' id='word_1_596' title='bbox 3400 1826 3488 1876; x_wconf 80' lang='lat' dir='ltr'><strong>sub</strong></span> <span class='ocrx_word' id='word_1_597' title='bbox 3508 1826 3663 1876; x_wconf 79' lang='lat' dir='ltr'><strong>silentii</strong></span> <span class='ocrx_word' id='word_1_598' title='bbox 3681 1826 3747 1874; x_wconf 76' lang='lat' dir='ltr'><strong>fide</strong></span> 
     </span>
     <span class='ocr_line' id='line_1_67' title="bbox 2250 1909 3747 1977; baseline 0.005 -16"><span class='ocrx_word' id='word_1_599' title='bbox 2250 1909 2603 1961; x_wconf 77' lang='lat' dir='ltr'><strong>communicavi</strong></span> <span class='ocrx_word' id='word_1_600' title='bbox 2616 1927 2632 1973; x_wconf 69' lang='grc' dir='ltr'>ς</span> <span class='ocrx_word' id='word_1_601' title='bbox 2652 1924 2775 1975; x_wconf 86' lang='lat' dir='ltr'><strong>quos</strong></span> <span class='ocrx_word' id='word_1_602' title='bbox 2788 1912 2839 1963; x_wconf 89' lang='lat' dir='ltr'>in</span> <span class='ocrx_word' id='word_1_603' title='bbox 2855 1913 3095 1977; x_wconf 74' lang='lat' dir='ltr'>capiendis</span> <span class='ocrx_word' id='word_1_604' title='bbox 3110 1916 3322 1967; x_wconf 81' lang='lat' dir='ltr'><strong>consiliis</strong></span> <span class='ocrx_word' id='word_1_605' title='bbox 3334 1918 3491 1969; x_wconf 84' lang='lat' dir='ltr'><strong>minus</strong></span> <span class='ocrx_word' id='word_1_606' title='bbox 3502 1918 3747 1968; x_wconf 70' lang='lat' dir='ltr'><strong>aberraturus</strong></span> 
     </span>
     <span class='ocr_line' id='line_1_68' title="bbox 2256 2005 3774 2073; baseline 0.004 -21"><span class='ocrx_word' id='word_1_607' title='bbox 2256 2014 2357 2053; x_wconf 86' lang='lat' dir='ltr'><strong>esse</strong></span> <span class='ocrx_word' id='word_1_608' title='bbox 2376 2005 2749 2055; x_wconf 77' lang='lat' dir='ltr'><strong>consentaneum</strong></span> <span class='ocrx_word' id='word_1_609' title='bbox 2772 2007 2845 2055; x_wconf 85' lang='lat' dir='ltr'>est</span> <span class='ocrx_word' id='word_1_610' title='bbox 2856 2042 2872 2069; x_wconf 95' lang='lat'><strong>,</strong></span> <span class='ocrx_word' id='word_1_611' title='bbox 2892 2008 3037 2069; x_wconf 80' lang='lat' dir='ltr'><strong>q‘uam</strong></span> <span class='ocrx_word' id='word_1_612' title='bbox 3062 2008 3101 2057; x_wconf 86' lang='lat' dir='ltr'>si</span> <span class='ocrx_word' id='word_1_613' title='bbox 3120 2020 3207 2059; x_wconf 82' lang='lat' dir='ltr'><strong>vos</strong></span> <span class='ocrx_word' id='word_1_614' title='bbox 3224 2012 3471 2073; x_wconf 80' lang='lat' dir='ltr'><strong>oporteat,</strong></span> <span class='ocrx_word' id='word_1_615' title='bbox 3488 2024 3516 2059; x_wconf 80' lang='lat' dir='ltr'><strong>a</strong></span> <span class='ocrx_word' id='word_1_616' title='bbox 3536 2024 3606 2061; x_wconf 86' lang='lat' dir='ltr'>me</span> <span class='ocrx_word' id='word_1_617' title='bbox 3624 2011 3749 2059; x_wconf 72' lang='lat' dir='ltr'><strong>doctus</strong></span> <span class='ocrx_word' id='word_1_618' title='bbox 3772 2016 3774 2069; x_wconf 70' lang='grc'><strong>4</strong></span> 
     </span>
     <span class='ocr_line' id='line_1_69' title="bbox 2250 2097 3748 2173; baseline 0.002 -25"><span class='ocrx_word' id='word_1_619' title='bbox 2250 2097 2376 2157; x_wconf 79' lang='lat' dir='ltr'><strong>haec,</strong></span> <span class='ocrx_word' id='word_1_620' title='bbox 2398 2109 2532 2146; x_wconf 88' lang='lat' dir='ltr'><strong>nunc</strong></span> <span class='ocrx_word' id='word_1_621' title='bbox 2552 2097 2714 2147; x_wconf 83' lang='lat' dir='ltr'><strong>statim</strong></span> <span class='ocrx_word' id='word_1_622' title='bbox 2740 2111 2884 2161; x_wconf 86' lang='lat' dir='ltr'><strong>super</strong></span> <span class='ocrx_word' id='word_1_623' title='bbox 2908 2099 2966 2150; x_wconf 84' lang='lat' dir='ltr'>iis</span> <span class='ocrx_word' id='word_1_624' title='bbox 2987 2099 3267 2173; x_wconf 76' lang='lat' dir='ltr'><strong>deliberare.</strong></span> <span class='ocrx_word' id='word_1_625' title='bbox 3328 2103 3410 2153; x_wconf 81' lang='lat' dir='ltr'><strong>lui</strong></span> <span class='ocrx_word' id='word_1_626' title='bbox 3436 2104 3557 2154; x_wconf 87' lang='lat' dir='ltr'><strong>enim</strong></span> <span class='ocrx_word' id='word_1_627' title='bbox 3578 2102 3629 2153; x_wconf 88' lang='lat' dir='ltr'>de</span> <span class='ocrx_word' id='word_1_628' title='bbox 3643 2103 3748 2152; x_wconf 63' lang='grc' dir='ltr'>ηοω</span> 
     </span>
     <span class='ocr_line' id='line_1_70' title="bbox 2248 2187 3745 2260; baseline 0.004 -22"><span class='ocrx_word' id='word_1_629' title='bbox 2248 2187 2309 2238; x_wconf 83' lang='lat' dir='ltr'><strong>ad</strong></span> <span class='ocrx_word' id='word_1_630' title='bbox 2326 2202 2379 2239; x_wconf 86' lang='lat' dir='ltr'>se</span> <span class='ocrx_word' id='word_1_631' title='bbox 2394 2189 2555 2240; x_wconf 81' lang='lat' dir='ltr'><strong>relatis</strong></span> <span class='ocrx_word' id='word_1_632' title='bbox 2566 2203 2653 2253; x_wconf 88' lang='lat' dir='ltr'>per</span> <span class='ocrx_word' id='word_1_633' title='bbox 2667 2191 2824 2241; x_wconf 89' lang='lat' dir='ltr'><strong>otium</strong></span> <span class='ocrx_word' id='word_1_634' title='bbox 2839 2191 3123 2256; x_wconf 83' lang='lat' dir='ltr'><strong>deliberant,</strong></span> <span class='ocrx_word' id='word_1_635' title='bbox 3138 2207 3457 2260; x_wconf 82' lang='lat' dir='ltr'><strong>errorumque</strong></span> <span class='ocrx_word' id='word_1_636' title='bbox 3472 2196 3511 2247; x_wconf 90' lang='lat' dir='ltr'>si</span> <span class='ocrx_word' id='word_1_637' title='bbox 3524 2210 3631 2259; x_wconf 77' lang='lat' dir='ltr'><strong>quos</strong></span> <span class='ocrx_word' id='word_1_638' title='bbox 3644 2209 3745 2245; x_wconf 81' lang='lat' dir='ltr'>com·</span> 
     </span>
     <span class='ocr_line' id='line_1_71' title="bbox 2248 2281 3748 2350; baseline 0.004 -21"><span class='ocrx_word' id='word_1_639' title='bbox 2248 2281 2445 2332; x_wconf 86' lang='lat' dir='ltr'><strong>mittant</strong></span> <span class='ocrx_word' id='word_1_640' title='bbox 2464 2281 2697 2331; x_wconf 85' lang='lat' dir='ltr'><strong>rationem</strong></span> <span class='ocrx_word' id='word_1_641' title='bbox 2723 2282 2863 2333; x_wconf 77' lang='lat' dir='ltr'><strong>vobis</strong></span> <span class='ocrx_word' id='word_1_642' title='bbox 2889 2282 3085 2347; x_wconf 86' lang='lat' dir='ltr'><strong>debent,</strong></span> <span class='ocrx_word' id='word_1_643' title='bbox 3101 2286 3395 2350; x_wconf 81' lang='lat' dir='ltr'><strong>turpemque</strong></span> <span class='ocrx_word' id='word_1_644' title='bbox 3412 2288 3461 2337; x_wconf 90' lang='lat' dir='ltr'>in</span> <span class='ocrx_word' id='word_1_645' title='bbox 3483 2289 3639 2339; x_wconf 78' lang='lat' dir='ltr'><strong>famam</strong></span> <span class='ocrx_word' id='word_1_646' title='bbox 3654 2286 3748 2350; x_wconf 85' lang='lat' dir='ltr'><strong>apud</strong></span> 
     </span>
     <span class='ocr_line' id='line_1_72' title="bbox 2246 2374 3749 2449; baseline 0.003 -26"><span class='ocrx_word' id='word_1_647' title='bbox 2246 2375 2453 2439; x_wconf 87' lang='lat' dir='ltr'><strong>reliquos</strong></span> <span class='ocrx_word' id='word_1_648' title='bbox 2474 2374 2604 2425; x_wconf 80' lang='lat' dir='ltr'><strong>cives</strong></span> <span class='ocrx_word' id='word_1_649' title='bbox 2636 2374 2890 2426; x_wconf 88' lang='lat' dir='ltr'><strong>incurrunt</strong></span> <span class='ocrx_word' id='word_1_650' title='bbox 2904 2392 2921 2439; x_wconf 88' lang='lat'>;</span> <span class='ocrx_word' id='word_1_651' title='bbox 2958 2389 3047 2427; x_wconf 81' lang='lat' dir='ltr'><strong>vos</strong></span> <span class='ocrx_word' id='word_1_652' title='bbox 3081 2380 3245 2429; x_wconf 86' lang='lat' dir='ltr'><strong>autem</strong></span> <span class='ocrx_word' id='word_1_653' title='bbox 3280 2393 3424 2431; x_wconf 87' lang='lat' dir='ltr'><strong>nemo</strong></span> <span class='ocrx_word' id='word_1_654' title='bbox 3454 2382 3523 2449; x_wconf 60' lang='lat' dir='ltr'>est</span> <span class='ocrx_word' id='word_1_655' title='bbox 3550 2382 3623 2445; x_wconf 88' lang='lat' dir='ltr'><strong>qui</strong></span> <span class='ocrx_word' id='word_1_656' title='bbox 3650 2381 3749 2430; x_wconf 80' lang='lat' dir='ltr'><strong>incu-</strong></span> 
     </span>
     <span class='ocr_line' id='line_1_73' title="bbox 2244 2469 3747 2537; baseline 0.003 -18"><span class='ocrx_word' id='word_1_657' title='bbox 2244 2470 2343 2531; x_wconf 84' lang='lat' dir='ltr'><strong>set;</strong></span> <span class='ocrx_word' id='word_1_658' title='bbox 2366 2482 2564 2533; x_wconf 76' lang='lat' dir='ltr'><strong>oequum</strong></span> <span class='ocrx_word' id='word_1_659' title='bbox 2602 2469 2730 2519; x_wconf 86' lang='lat' dir='ltr'><strong>enim</strong></span> <span class='ocrx_word' id='word_1_660' title='bbox 2751 2470 2851 2533; x_wconf 76' lang='lat' dir='ltr'><strong>est,</strong></span> <span class='ocrx_word' id='word_1_661' title='bbox 2871 2470 3009 2521; x_wconf 77' lang='lat' dir='ltr'><strong>vobis</strong></span> <span class='ocrx_word' id='word_1_662' title='bbox 3032 2471 3219 2523; x_wconf 83' lang='lat' dir='ltr'><strong>salvum</strong></span> <span class='ocrx_word' id='word_1_663' title='bbox 3241 2486 3344 2528; x_wconf 67' lang='lat' dir='ltr'>oese</span> <span class='ocrx_word' id='word_1_664' title='bbox 3373 2476 3458 2537; x_wconf 73' lang='lat' dir='ltr'>ius</span> <span class='ocrx_word' id='word_1_665' title='bbox 3478 2476 3668 2526; x_wconf 79' lang='lat' dir='ltr'><strong>vestrum</strong></span> <span class='ocrx_word' id='word_1_666' title='bbox 3688 2488 3747 2523; x_wconf 74' lang='lat' dir='ltr'><strong>ve-</strong></span> 
     </span>
     <span class='ocr_line' id='line_1_74' title="bbox 2246 2561 3774 2625; baseline 0.002 -14"><span class='ocrx_word' id='word_1_667' title='bbox 2246 2563 2356 2612; x_wconf 85' lang='lat' dir='ltr'><strong>stris</strong></span> <span class='ocrx_word' id='word_1_668' title='bbox 2380 2561 2442 2612; x_wconf 90' lang='lat' dir='ltr'>de</span> <span class='ocrx_word' id='word_1_669' title='bbox 2460 2562 2602 2613; x_wconf 83' lang='lat' dir='ltr'><strong>rebus</strong></span> <span class='ocrx_word' id='word_1_670' title='bbox 2619 2576 2708 2625; x_wconf 87' lang='lat' dir='ltr'><strong>pro</strong></span> <span class='ocrx_word' id='word_1_671' title='bbox 2742 2562 2943 2615; x_wconf 83' lang='lat' dir='ltr'><strong>arbitrio</strong></span> <span class='ocrx_word' id='word_1_672' title='bbox 2976 2563 3079 2615; x_wconf 84' lang='lat' dir='ltr'><strong>sive</strong></span> <span class='ocrx_word' id='word_1_673' title='bbox 3112 2564 3235 2615; x_wconf 89' lang='lat' dir='ltr'><strong>bene</strong></span> <span class='ocrx_word' id='word_1_674' title='bbox 3264 2566 3371 2617; x_wconf 74' lang='lat' dir='ltr'><strong>sive</strong></span> <span class='ocrx_word' id='word_1_675' title='bbox 3392 2581 3526 2620; x_wconf 81' lang='lat' dir='ltr'><strong>secus</strong></span> <span class='ocrx_word' id='word_1_676' title='bbox 3542 2566 3746 2618; x_wconf 82' lang='lat' dir='ltr'><strong>statuendi.</strong></span> <span class='ocrx_word' id='word_1_677' title='bbox 3773 2572 3774 2591; x_wconf 72' lang='lat'>³</span> 
     </span>
     <span class='ocr_line' id='line_1_75' title="bbox 2251 2654 3747 2719; baseline 0.001 -14"><span class='ocrx_word' id='word_1_678' title='bbox 2251 2654 2349 2719; x_wconf 88' lang='grc' dir='ltr'>(2ο)</span> <span class='ocrx_word' id='word_1_679' title='bbox 2380 2659 2503 2715; x_wconf 79' lang='lat' dir='ltr'>Quae</span> <span class='ocrx_word' id='word_1_680' title='bbox 2524 2656 2687 2705; x_wconf 85' lang='lat' dir='ltr'><strong>tamen</strong></span> <span class='ocrx_word' id='word_1_681' title='bbox 2716 2656 2857 2707; x_wconf 77' lang='lat' dir='ltr'><strong>extra</strong></span> <span class='ocrx_word' id='word_1_682' title='bbox 2882 2654 2963 2707; x_wconf 87' lang='lat' dir='ltr'><strong>illa</strong></span> <span class='ocrx_word' id='word_1_683' title='bbox 2983 2669 3157 2707; x_wconf 79' lang='lat' dir='ltr'><strong>arcana</strong></span> <span class='ocrx_word' id='word_1_684' title='bbox 3182 2660 3526 2711; x_wconf 83' lang='lat' dir='ltr'><strong>communicari</strong></span> <span class='ocrx_word' id='word_1_685' title='bbox 3549 2660 3747 2711; x_wconf 73' lang='lat' dir='ltr'><strong>vobiscum</strong></span> 
     </span>
     <span class='ocr_line' id='line_1_76' title="bbox 2245 2748 3748 2814; baseline 0.003 -17"><span class='ocrx_word' id='word_1_686' title='bbox 2245 2749 2471 2812; x_wconf 79' lang='lat' dir='ltr'><strong>possunt,</strong></span> <span class='ocrx_word' id='word_1_687' title='bbox 2502 2762 2559 2799; x_wconf 83' lang='lat' dir='ltr'>ea</span> <span class='ocrx_word' id='word_1_688' title='bbox 2574 2785 2589 2813; x_wconf 90' lang='lat'><strong>,</strong></span> <span class='ocrx_word' id='word_1_689' title='bbox 2615 2762 2768 2812; x_wconf 89' lang='lat' dir='ltr'><strong>quum</strong></span> <span class='ocrx_word' id='word_1_690' title='bbox 2799 2748 2901 2812; x_wconf 82' lang='lat' dir='ltr'><strong>jam</strong></span> <span class='ocrx_word' id='word_1_691' title='bbox 2925 2751 3058 2813; x_wconf 65' lang='lat' dir='ltr'><strong>gesta</strong></span> <span class='ocrx_word' id='word_1_692' title='bbox 3078 2750 3193 2814; x_wconf 86' lang='lat' dir='ltr'><strong>sint,</strong></span> <span class='ocrx_word' id='word_1_693' title='bbox 3214 2765 3277 2802; x_wconf 87' lang='lat' dir='ltr'>ex</span> <span class='ocrx_word' id='word_1_694' title='bbox 3310 2766 3393 2804; x_wconf 89' lang='lat' dir='ltr'>me</span> <span class='ocrx_word' id='word_1_695' title='bbox 3418 2768 3547 2805; x_wconf 88' lang='lat' dir='ltr'><strong>nunc</strong></span> <span class='ocrx_word' id='word_1_696' title='bbox 3579 2752 3748 2803; x_wconf 70' lang='lat' dir='ltr'><strong>audiet‘n.</strong></span> 
     </span>
     <span class='ocr_line' id='line_1_77' title="bbox 2246 2841 3749 2911; baseline 0.001 -19"><span class='ocrx_word' id='word_1_697' title='bbox 2246 2841 2403 2892; x_wconf 80' lang='lat' dir='ltr'><strong>Nostis</strong></span> <span class='ocrx_word' id='word_1_698' title='bbox 2438 2854 2611 2905; x_wconf 85' lang='lat' dir='ltr'><strong>nempe</strong></span> <span class='ocrx_word' id='word_1_699' title='bbox 2631 2842 2836 2893; x_wconf 87' lang='lat' dir='ltr'><strong>diditum</strong></span> <span class='ocrx_word' id='word_1_700' title='bbox 2870 2843 2995 2895; x_wconf 88' lang='lat' dir='ltr'><strong>inter</strong></span> <span class='ocrx_word' id='word_1_701' title='bbox 3020 2856 3111 2895; x_wconf 81' lang='lat' dir='ltr'><strong>vos</strong></span> <span class='ocrx_word' id='word_1_702' title='bbox 3134 2858 3383 2897; x_wconf 85' lang='lat' dir='ltr'><strong>rumorem</strong></span> <span class='ocrx_word' id='word_1_703' title='bbox 3400 2884 3417 2911; x_wconf 92' lang='lat'><strong>,</strong></span> <span class='ocrx_word' id='word_1_704' title='bbox 3456 2848 3714 2898; x_wconf 74' lang='lat' dir='ltr'><strong>trumentum</strong></span> <span class='ocrx_word' id='word_1_705' title='bbox 3730 2858 3749 2894; x_wconf 85' lang='lat' dir='ltr'>e</span> 
     </span>
     <span class='ocr_line' id='line_1_78' title="bbox 2246 2934 3748 3001; baseline 0.003 -18"><span class='ocrx_word' id='word_1_706' title='bbox 2246 2935 2407 2997; x_wconf 77' lang='lat' dir='ltr'><strong>Cypro</strong></span> <span class='ocrx_word' id='word_1_707' title='bbox 2432 2934 2623 2985; x_wconf 87' lang='lat' dir='ltr'><strong>nullum</strong></span> <span class='ocrx_word' id='word_1_708' title='bbox 2640 2934 2739 2985; x_wconf 87' lang='lat' dir='ltr'>huc</span> <span class='ocrx_word' id='word_1_709' title='bbox 2756 2948 2859 2987; x_wconf 85' lang='lat' dir='ltr'><strong>esse</strong></span> <span class='ocrx_word' id='word_1_710' title='bbox 2880 2938 3255 3001; x_wconf 80' lang='lat' dir='ltr'><strong>perventurum3</strong></span> <span class='ocrx_word' id='word_1_711' title='bbox 3276 2952 3367 3001; x_wconf 81' lang='lat' dir='ltr'>ego</span> <span class='ocrx_word' id='word_1_712' title='bbox 3386 2954 3502 2991; x_wconf 78' lang='lat' dir='ltr'><strong>vero</strong></span> <span class='ocrx_word' id='word_1_713' title='bbox 3519 2941 3657 2992; x_wconf 74' lang='lat' dir='ltr'><strong>multa</strong></span> <span class='ocrx_word' id='word_1_714' title='bbox 3674 2950 3748 2987; x_wconf 80' lang='lat' dir='ltr'><strong>ma·</strong></span> 
     </span>
     <span class='ocr_line' id='line_1_79' title="bbox 2244 3028 3750 3095; baseline 0.003 -18"><span class='ocrx_word' id='word_1_715' title='bbox 2244 3039 2433 3091; x_wconf 70' lang='lat' dir='ltr'><strong>gnaque</strong></span> <span class='ocrx_word' id='word_1_716' title='bbox 2451 3028 2756 3079; x_wconf 74' lang='lat' dir='ltr'><strong>contentione</strong></span> <span class='ocrx_word' id='word_1_717' title='bbox 2778 3029 2914 3080; x_wconf 77' lang='lat' dir='ltr'><strong>effeci</strong></span> <span class='ocrx_word' id='word_1_718' title='bbox 2930 3032 2988 3081; x_wconf 92' lang='lat' dir='ltr'>ut</span> <span class='ocrx_word' id='word_1_719' title='bbox 3006 3029 3077 3081; x_wconf 81' lang='lat' dir='ltr'><strong>iui</strong></span> <span class='ocrx_word' id='word_1_720' title='bbox 3098 3030 3183 3093; x_wconf 88' lang='lat' dir='ltr'><strong>qui</strong></span> <span class='ocrx_word' id='word_1_721' title='bbox 3198 3030 3251 3081; x_wconf 89' lang='lat' dir='ltr'><strong>id</strong></span> <span class='ocrx_word' id='word_1_722' title='bbox 3272 3034 3472 3095; x_wconf 80' lang='lat' dir='ltr'><strong>agerent</strong></span> <span class='ocrx_word' id='word_1_723' title='bbox 3488 3034 3537 3084; x_wconf 91' lang='lat' dir='ltr'>et</span> <span class='ocrx_word' id='word_1_724' title='bbox 3550 3030 3750 3083; x_wconf 74' lang='lat' dir='ltr'><strong>maehina·</strong></span> 
     </span>
     <span class='ocr_line' id='line_1_80' title="bbox 2246 3121 3750 3188; baseline 0.001 -15"><span class='ocrx_word' id='word_1_725' title='bbox 2246 3124 2431 3185; x_wconf 84' lang='lat' dir='ltr'><strong>rentur,</strong></span> <span class='ocrx_word' id='word_1_726' title='bbox 2458 3135 2544 3187; x_wconf 88' lang='lat' dir='ltr'>spe</span> <span class='ocrx_word' id='word_1_727' title='bbox 2566 3135 2655 3172; x_wconf 88' lang='lat' dir='ltr'>sua</span> <span class='ocrx_word' id='word_1_728' title='bbox 2672 3121 2965 3173; x_wconf 85' lang='lat' dir='ltr'><strong>exciderent.</strong></span> <span class='ocrx_word' id='word_1_729' title='bbox 3030 3125 3129 3188; x_wconf 81' lang='lat'>(21)</span> <span class='ocrx_word' id='word_1_730' title='bbox 3153 3126 3411 3184; x_wconf 86' lang='lat' dir='ltr'><strong>Quomodo</strong></span> <span class='ocrx_word' id='word_1_731' title='bbox 3434 3128 3588 3179; x_wconf 83' lang='lat' dir='ltr'><strong>autem</strong></span> <span class='ocrx_word' id='word_1_732' title='bbox 3608 3127 3650 3177; x_wconf 91' lang='lat' dir='ltr'><strong>id</strong></span> <span class='ocrx_word' id='word_1_733' title='bbox 3664 3126 3750 3177; x_wconf 77' lang='lat' dir='ltr'><strong>effe-</strong></span> 
     </span>
     <span class='ocr_line' id='line_1_81' title="bbox 2246 3212 3774 3281; baseline 0.006 -17"><span class='ocrx_word' id='word_1_734' title='bbox 2246 3212 2423 3276; x_wconf 85' lang='lat' dir='ltr'><strong>cerim,</strong></span> <span class='ocrx_word' id='word_1_735' title='bbox 2448 3213 2518 3263; x_wconf 83' lang='lat' dir='ltr'>nil</span> <span class='ocrx_word' id='word_1_736' title='bbox 2548 3214 2722 3263; x_wconf 79' lang='lat' dir='ltr'><strong>attinet</strong></span> <span class='ocrx_word' id='word_1_737' title='bbox 2750 3228 2841 3265; x_wconf 79' lang='lat' dir='ltr'><strong>vos</strong></span> <span class='ocrx_word' id='word_1_738' title='bbox 2862 3228 2924 3265; x_wconf 85' lang='lat' dir='ltr'>ex</span> <span class='ocrx_word' id='word_1_739' title='bbox 2950 3229 3030 3267; x_wconf 85' lang='lat' dir='ltr'>me</span> <span class='ocrx_word' id='word_1_740' title='bbox 3050 3216 3223 3268; x_wconf 80' lang='lat' dir='ltr'><strong>audire</strong></span> <span class='ocrx_word' id='word_1_741' title='bbox 3237 3233 3254 3281; x_wconf 75' lang='lat'><em>3</em></span> <span class='ocrx_word' id='word_1_742' title='bbox 3282 3218 3333 3267; x_wconf 92' lang='lat' dir='ltr'><strong>id</strong></span> <span class='ocrx_word' id='word_1_743' title='bbox 3367 3233 3523 3271; x_wconf 89' lang='lat' dir='ltr'><strong>unum</strong></span> <span class='ocrx_word' id='word_1_744' title='bbox 3545 3232 3623 3269; x_wconf 80' lang='lat' dir='ltr'><strong>vos</strong></span> <span class='ocrx_word' id='word_1_745' title='bbox 3641 3218 3774 3273; x_wconf 62' lang='lat' dir='ltr'><strong>nolim,</strong></span> 
     </span>
     <span class='ocr_line' id='line_1_82' title="bbox 2246 3288 3774 3377; baseline 0.005 -19"><span class='ocrx_word' id='word_1_746' title='bbox 2246 3307 2491 3371; x_wconf 81' lang='lat' dir='ltr'><strong>ignorare,</strong></span> <span class='ocrx_word' id='word_1_747' title='bbox 2525 3306 2655 3371; x_wconf 89' lang='lat' dir='ltr'><strong>quod</strong></span> <span class='ocrx_word' id='word_1_748' title='bbox 2678 3320 2810 3358; x_wconf 90' lang='lat' dir='ltr'><strong>nunc</strong></span> <span class='ocrx_word' id='word_1_749' title='bbox 2832 3309 2987 3371; x_wconf 79' lang='lat' dir='ltr'><strong>agitur</strong></span> <span class='ocrx_word' id='word_1_750' title='bbox 3010 3310 3430 3373; x_wconf 83' lang='lat' dir='ltr'><strong>:quattuordecim</strong></span> <span class='ocrx_word' id='word_1_751' title='bbox 3462 3328 3607 3366; x_wconf 69' lang='lat' dir='ltr'><strong>navet</strong></span> <span class='ocrx_word' id='word_1_752' title='bbox 3634 3288 3774 3377; x_wconf 50' lang='lat' dir='ltr'><strong>granis*</strong></span> 
     </span>
     <span class='ocr_line' id='line_1_83' title="bbox 2246 3396 3752 3463; baseline 0.002 -17"><span class='ocrx_word' id='word_1_753' title='bbox 2246 3396 2436 3447; x_wconf 78' lang='lat' dir='ltr'><strong>onustoe</strong></span> <span class='ocrx_word' id='word_1_754' title='bbox 2451 3398 2643 3447; x_wconf 86' lang='lat' dir='ltr'><strong>tantum</strong></span> <span class='ocrx_word' id='word_1_755' title='bbox 2666 3410 2763 3446; x_wconf 87' lang='lat' dir='ltr'>non</span> <span class='ocrx_word' id='word_1_756' title='bbox 2780 3396 2885 3459; x_wconf 75' lang='lat' dir='ltr'><strong>iam</strong></span> <span class='ocrx_word' id='word_1_757' title='bbox 2906 3409 3038 3448; x_wconf 89' lang='lat' dir='ltr'><strong>nunc</strong></span> <span class='ocrx_word' id='word_1_758' title='bbox 3062 3398 3115 3447; x_wconf 87' lang='lat' dir='ltr'>in</span> <span class='ocrx_word' id='word_1_759' title='bbox 3136 3399 3375 3451; x_wconf 79' lang='lat' dir='ltr'><strong>Piraeeum</strong></span> <span class='ocrx_word' id='word_1_760' title='bbox 3398 3402 3687 3463; x_wconf 78' lang='lat' dir='ltr'><strong>invehuntur,</strong></span> <span class='ocrx_word' id='word_1_761' title='bbox 3703 3412 3752 3449; x_wconf 79' lang='lat' dir='ltr'><strong>re·</strong></span> 
     </span>
     <span class='ocr_line' id='line_1_84' title="bbox 2244 3484 3753 3553; baseline 0.004 -20"><span class='ocrx_word' id='word_1_762' title='bbox 2244 3484 2393 3549; x_wconf 79' lang='lat' dir='ltr'><strong>liquae</strong></span> <span class='ocrx_word' id='word_1_763' title='bbox 2420 3497 2449 3534; x_wconf 90' lang='lat' dir='ltr'>e</span> <span class='ocrx_word' id='word_1_764' title='bbox 2470 3487 2631 3549; x_wconf 77' lang='lat' dir='ltr'><strong>Cypro</strong></span> <span class='ocrx_word' id='word_1_765' title='bbox 2652 3484 2753 3548; x_wconf 78' lang='lat' dir='ltr'>jam</span> <span class='ocrx_word' id='word_1_766' title='bbox 2774 3486 2958 3537; x_wconf 76' lang='lat' dir='ltr'><strong>evectoe</strong></span> <span class='ocrx_word' id='word_1_767' title='bbox 2983 3485 3115 3537; x_wconf 85' lang='lat' dir='ltr'><strong>haud</strong></span> <span class='ocrx_word' id='word_1_768' title='bbox 3150 3488 3305 3539; x_wconf 84' lang='lat' dir='ltr'><strong>multo</strong></span> <span class='ocrx_word' id='word_1_769' title='bbox 3327 3493 3441 3553; x_wconf 80' lang='lat' dir='ltr'><strong>post</strong></span> <span class='ocrx_word' id='word_1_770' title='bbox 3466 3492 3601 3542; x_wconf 72' lang='lat' dir='ltr'><strong>annul</strong></span> <span class='ocrx_word' id='word_1_771' title='bbox 3628 3501 3753 3539; x_wconf 70' lang='lat' dir='ltr'><strong>omna</strong></span> 
     </span>
     <span class='ocr_line' id='line_1_85' title="bbox 2244 3573 3753 3643; baseline 0.001 -20"><span class='ocrx_word' id='word_1_772' title='bbox 2244 3573 2500 3637; x_wconf 81' lang='lat' dir='ltr'><strong>appellent.</strong></span> <span class='ocrx_word' id='word_1_773' title='bbox 2565 3574 2728 3625; x_wconf 81' lang='lat' dir='ltr'><strong>Vitam</strong></span> <span class='ocrx_word' id='word_1_774' title='bbox 2745 3576 2919 3625; x_wconf 78' lang='lat' dir='ltr'><strong>mereri</strong></span> <span class='ocrx_word' id='word_1_775' title='bbox 2940 3574 3111 3637; x_wconf 86' lang='lat' dir='ltr'><strong>nolim,</strong></span> <span class='ocrx_word' id='word_1_776' title='bbox 3130 3576 3169 3627; x_wconf 86' lang='lat' dir='ltr'>si</span> <span class='ocrx_word' id='word_1_777' title='bbox 3190 3576 3324 3628; x_wconf 83' lang='lat' dir='ltr'><strong>vobis</strong></span> <span class='ocrx_word' id='word_1_778' title='bbox 3339 3592 3537 3643; x_wconf 86' lang='lat' dir='ltr'><strong>quoque</strong></span> <span class='ocrx_word' id='word_1_779' title='bbox 3548 3580 3639 3642; x_wconf 71' lang='lat' dir='ltr'>iam</span> <span class='ocrx_word' id='word_1_780' title='bbox 3658 3588 3753 3627; x_wconf 79' lang='lat' dir='ltr'><strong>nunc</strong></span> 
     </span>
     <span class='ocr_line' id='line_1_86' title="bbox 2245 3662 3755 3730; baseline 0.004 -18"><span class='ocrx_word' id='word_1_781' title='bbox 2245 3674 2423 3713; x_wconf 82' lang='lat' dir='ltr'><strong>arcana</strong></span> <span class='ocrx_word' id='word_1_782' title='bbox 2448 3663 2627 3727; x_wconf 86' lang='lat' dir='ltr'><strong>possim</strong></span> <span class='ocrx_word' id='word_1_783' title='bbox 2645 3662 2813 3713; x_wconf 84' lang='lat' dir='ltr'><strong>eadem</strong></span> <span class='ocrx_word' id='word_1_784' title='bbox 2834 3664 2915 3714; x_wconf 85' lang='lat' dir='ltr'><strong>illa</strong></span> <span class='ocrx_word' id='word_1_785' title='bbox 2936 3663 3198 3728; x_wconf 86' lang='lat' dir='ltr'><strong>impertire,</strong></span> <span class='ocrx_word' id='word_1_786' title='bbox 3218 3678 3329 3729; x_wconf 83' lang='lat' dir='ltr'><strong>quae</strong></span> <span class='ocrx_word' id='word_1_787' title='bbox 3358 3668 3547 3719; x_wconf 81' lang='lat' dir='ltr'><strong>senatui</strong></span> <span class='ocrx_word' id='word_1_788' title='bbox 3566 3666 3755 3730; x_wconf 73' lang='lat' dir='ltr'><strong>imperiii,</strong></span> 
     </span>
     <span class='ocr_line' id='line_1_87' title="bbox 2244 3748 3754 3817; baseline 0 -17"><span class='ocrx_word' id='word_1_789' title='bbox 2244 3764 2341 3814; x_wconf 86' lang='lat' dir='ltr'>quo</span> <span class='ocrx_word' id='word_1_790' title='bbox 2359 3764 2417 3801; x_wconf 79' lang='lat' dir='ltr'>ea</span> <span class='ocrx_word' id='word_1_791' title='bbox 2428 3752 2528 3815; x_wconf 83' lang='lat' dir='ltr'><strong>jam</strong></span> <span class='ocrx_word' id='word_1_792' title='bbox 2553 3765 2685 3802; x_wconf 91' lang='lat' dir='ltr'><strong>nunc</strong></span> <span class='ocrx_word' id='word_1_793' title='bbox 2696 3748 2910 3815; x_wconf 75' lang='lat' dir='ltr'><strong>sciretis,</strong></span> <span class='ocrx_word' id='word_1_794' title='bbox 2927 3753 3005 3803; x_wconf 78' lang='lat' dir='ltr'>vel</span> <span class='ocrx_word' id='word_1_795' title='bbox 3020 3756 3131 3804; x_wconf 82' lang='lat' dir='ltr'><strong>ante</strong></span> <span class='ocrx_word' id='word_1_796' title='bbox 3146 3766 3293 3817; x_wconf 76' lang='lat' dir='ltr'>qmm</span> <span class='ocrx_word' id='word_1_797' title='bbox 3315 3755 3517 3807; x_wconf 68' lang='lat' dir='ltr'><strong>effectui</strong></span> <span class='ocrx_word' id='word_1_798' title='bbox 3532 3756 3754 3806; x_wconf 84' lang='lat' dir='ltr'><strong>dabuntur.</strong></span> 
     </span>
     <span class='ocr_line' id='line_1_88' title="bbox 2247 3838 3759 3908; baseline 0.001 -19"><span class='ocrx_word' id='word_1_799' title='bbox 2247 3838 2345 3904; x_wconf 88' lang='grc'>(22)</span> <span class='ocrx_word' id='word_1_800' title='bbox 2378 3842 2559 3890; x_wconf 77' lang='lat' dir='ltr'><strong>Verum</strong></span> <span class='ocrx_word' id='word_1_801' title='bbox 2590 3840 2862 3904; x_wconf 81' lang='lat' dir='ltr'><strong>intelligetis</strong></span> <span class='ocrx_word' id='word_1_802' title='bbox 2899 3840 2983 3891; x_wconf 78' lang='lat' dir='ltr'><strong>illa</strong></span> <span class='ocrx_word' id='word_1_803' title='bbox 3013 3841 3123 3892; x_wconf 89' lang='lat' dir='ltr'>tum</span> <span class='ocrx_word' id='word_1_804' title='bbox 3156 3842 3390 3906; x_wconf 86' lang='lat' dir='ltr'><strong>temporis</strong></span> <span class='ocrx_word' id='word_1_805' title='bbox 3404 3880 3421 3907; x_wconf 90' lang='lat'><strong>,</strong></span> <span class='ocrx_word' id='word_1_806' title='bbox 3454 3858 3603 3908; x_wconf 83' lang='lat' dir='ltr'><strong>quum</strong></span> <span class='ocrx_word' id='word_1_807' title='bbox 3624 3842 3759 3893; x_wconf 59' lang='lat' dir='ltr'><strong>effracta</strong></span> 
     </span>
     <span class='ocr_line' id='line_1_89' title="bbox 2246 3928 3757 3996; baseline -0.001 -18"><span class='ocrx_word' id='word_1_808' title='bbox 2246 3928 2416 3991; x_wconf 87' lang='lat' dir='ltr'><strong>erunt,</strong></span> <span class='ocrx_word' id='word_1_809' title='bbox 2438 3942 2633 3993; x_wconf 85' lang='lat' dir='ltr'><strong>unaque</strong></span> <span class='ocrx_word' id='word_1_810' title='bbox 2649 3929 2863 3980; x_wconf 80' lang='lat' dir='ltr'><strong>fructum</strong></span> <span class='ocrx_word' id='word_1_811' title='bbox 2882 3942 3049 3981; x_wconf 85' lang='lat' dir='ltr'><strong>eorum</strong></span> <span class='ocrx_word' id='word_1_812' title='bbox 3068 3930 3335 3994; x_wconf 76' lang='lat' dir='ltr'><strong>percipietis</strong></span> <span class='ocrx_word' id='word_1_813' title='bbox 3346 3950 3361 3981; x_wconf 73' lang='lat' dir='ltr'>z</span> <span class='ocrx_word' id='word_1_814' title='bbox 3378 3932 3483 3996; x_wconf 77' lang='lat' dir='ltr'><strong>jam</strong></span> <span class='ocrx_word' id='word_1_815' title='bbox 3500 3946 3628 3994; x_wconf 82' lang='lat' dir='ltr'><strong>vero,</strong></span> <span class='ocrx_word' id='word_1_816' title='bbox 3645 3931 3757 3981; x_wconf 77' lang='lat' dir='ltr'><strong>Athe·</strong></span> 
     </span>
     <span class='ocr_line' id='line_1_90' title="bbox 2246 4017 3761 4083; baseline 0.001 -17"><span class='ocrx_word' id='word_1_817' title='bbox 2246 4017 2460 4081; x_wconf 76' lang='lat' dir='ltr'><strong>nienses,</strong></span> <span class='ocrx_word' id='word_1_818' title='bbox 2486 4017 2526 4069; x_wconf 87' lang='lat' dir='ltr'>si</span> <span class='ocrx_word' id='word_1_819' title='bbox 2553 4018 2757 4081; x_wconf 83' lang='lat' dir='ltr'><strong>gratiam</strong></span> <span class='ocrx_word' id='word_1_820' title='bbox 2781 4018 3029 4082; x_wconf 87' lang='lat' dir='ltr'><strong>quandam</strong></span> <span class='ocrx_word' id='word_1_821' title='bbox 3062 4019 3311 4083; x_wconf 81' lang='lat' dir='ltr'><strong>exiguam,</strong></span> <span class='ocrx_word' id='word_1_822' title='bbox 3347 4021 3539 4071; x_wconf 78' lang='lat' dir='ltr'><strong>facilem</strong></span> <span class='ocrx_word' id='word_1_823' title='bbox 3562 4020 3761 4081; x_wconf 82' lang='lat' dir='ltr'><strong>simulque</strong></span> 
     </span>
     <span class='ocr_line' id='line_1_91' title="bbox 2240 4104 3761 4175; baseline -0.002 -20"><span class='ocrx_word' id='word_1_824' title='bbox 2240 4104 2443 4168; x_wconf 78' lang='lat' dir='ltr'><strong>justam,</strong></span> <span class='ocrx_word' id='word_1_825' title='bbox 2470 4106 2722 4169; x_wconf 81' lang='lat' dir='ltr'><strong>indulgere</strong></span> <span class='ocrx_word' id='word_1_826' title='bbox 2740 4106 2859 4156; x_wconf 80' lang='lat' dir='ltr'><strong>mihi</strong></span> <span class='ocrx_word' id='word_1_827' title='bbox 2870 4106 3045 4171; x_wconf 81' lang='lat' dir='ltr'><strong>velitis,</strong></span> <span class='ocrx_word' id='word_1_828' title='bbox 3065 4120 3169 4157; x_wconf 88' lang='lat' dir='ltr'>rem</span> <span class='ocrx_word' id='word_1_829' title='bbox 3189 4108 3400 4159; x_wconf 75' lang='lat' dir='ltr'><strong>feceritis</strong></span> <span class='ocrx_word' id='word_1_830' title='bbox 3422 4122 3647 4175; x_wconf 80' lang='lat' dir='ltr'><strong>perquam</strong></span> <span class='ocrx_word' id='word_1_831' title='bbox 3670 4106 3761 4156; x_wconf 70' lang='lat' dir='ltr'><strong>multi</strong></span> 
     </span>
     <span class='ocr_line' id='line_1_92' title="bbox 2238 4194 3760 4261; baseline 0.001 -18"><span class='ocrx_word' id='word_1_832' title='bbox 2238 4194 2501 4257; x_wconf 81' lang='lat' dir='ltr'><strong>jucundam</strong></span> <span class='ocrx_word' id='word_1_833' title='bbox 2514 4194 2743 4245; x_wconf 66' lang='lat' dir='ltr'><strong>futuram.</strong></span> <span class='ocrx_word' id='word_1_834' title='bbox 2808 4199 2968 4256; x_wconf 80' lang='lat' dir='ltr'><strong>Quam</strong></span> <span class='ocrx_word' id='word_1_835' title='bbox 2982 4196 3110 4258; x_wconf 81' lang='lat' dir='ltr'><strong>iusta</strong></span> <span class='ocrx_word' id='word_1_836' title='bbox 3127 4200 3291 4246; x_wconf 83' lang='lat' dir='ltr'><strong>autem</strong></span> <span class='ocrx_word' id='word_1_837' title='bbox 3308 4197 3373 4247; x_wconf 87' lang='lat' dir='ltr'>sit</span> <span class='ocrx_word' id='word_1_838' title='bbox 3384 4234 3399 4261; x_wconf 94' lang='lat'>‚</span> <span class='ocrx_word' id='word_1_839' title='bbox 3416 4210 3549 4249; x_wconf 87' lang='lat' dir='ltr'><strong>nunc</strong></span> <span class='ocrx_word' id='word_1_840' title='bbox 3562 4196 3760 4257; x_wconf 78' lang='lat' dir='ltr'><strong>intellige·</strong></span> 
     </span>
     <span class='ocr_line' id='line_1_93' title="bbox 2240 4282 3761 4348; baseline -0.002 -15"><span class='ocrx_word' id='word_1_841' title='bbox 2240 4283 2319 4333; x_wconf 83' lang='lat' dir='ltr'><strong>tis.</strong></span> <span class='ocrx_word' id='word_1_842' title='bbox 2384 4282 2528 4341; x_wconf 89' lang='lat' dir='ltr'><strong>Quod</strong></span> <span class='ocrx_word' id='word_1_843' title='bbox 2548 4284 2679 4333; x_wconf 82' lang='lat' dir='ltr'><strong>enim</strong></span> <span class='ocrx_word' id='word_1_844' title='bbox 2695 4297 2785 4333; x_wconf 87' lang='lat' dir='ltr'><strong>vos</strong></span> <span class='ocrx_word' id='word_1_845' title='bbox 2799 4283 2889 4348; x_wconf 88' lang='lat' dir='ltr'><strong>ipsi</strong></span> <span class='ocrx_word' id='word_1_846' title='bbox 2906 4282 3026 4333; x_wconf 85' lang='lat' dir='ltr'><strong>mihi</strong></span> <span class='ocrx_word' id='word_1_847' title='bbox 3043 4284 3361 4335; x_wconf 78' lang='lat' dir='ltr'><strong>decreveratis</strong></span> <span class='ocrx_word' id='word_1_848' title='bbox 3376 4287 3497 4336; x_wconf 84' lang='lat' dir='ltr'><strong>olim</strong></span> <span class='ocrx_word' id='word_1_849' title='bbox 3514 4288 3565 4338; x_wconf 87' lang='lat' dir='ltr'>et</span> <span class='ocrx_word' id='word_1_850' title='bbox 3584 4284 3761 4335; x_wconf 72' lang='lat' dir='ltr'><strong>dandu-</strong></span> 
     </span>
     <span class='ocr_line' id='line_1_94' title="bbox 2240 4372 3763 4438; baseline -0.001 -15"><span class='ocrx_word' id='word_1_851' title='bbox 2240 4372 2588 4436; x_wconf 74' lang='lat' dir='ltr'><strong>promiseratis,</strong></span> <span class='ocrx_word' id='word_1_852' title='bbox 2605 4373 2917 4436; x_wconf 84' lang='lat' dir='ltr'><strong>postmodum</strong></span> <span class='ocrx_word' id='word_1_853' title='bbox 2932 4374 3095 4424; x_wconf 85' lang='lat' dir='ltr'><strong>autem</strong></span> <span class='ocrx_word' id='word_1_854' title='bbox 3113 4373 3219 4424; x_wconf 83' lang='lat' dir='ltr'><strong>aliis</strong></span> <span class='ocrx_word' id='word_1_855' title='bbox 3234 4374 3619 4438; x_wconf 73' lang='lat' dir='ltr'><strong>obtemperantes</strong></span> <span class='ocrx_word' id='word_1_856' title='bbox 3631 4383 3763 4424; x_wconf 72' lang='lat' dir='ltr'><strong>rursus</strong></span> 
     </span>
     <span class='ocr_line' id='line_1_95' title="bbox 2240 4459 3763 4525; baseline 0 -16"><span class='ocrx_word' id='word_1_857' title='bbox 2240 4460 2547 4522; x_wconf 73' lang='lat' dir='ltr'><strong>ademeratis,</strong></span> <span class='ocrx_word' id='word_1_858' title='bbox 2568 4460 2617 4509; x_wconf 90' lang='lat' dir='ltr'><strong>id</strong></span> <span class='ocrx_word' id='word_1_859' title='bbox 2634 4459 2762 4511; x_wconf 89' lang='lat' dir='ltr'><strong>idem</strong></span> <span class='ocrx_word' id='word_1_860' title='bbox 2784 4474 2915 4511; x_wconf 88' lang='lat' dir='ltr'><strong>nunc</strong></span> <span class='ocrx_word' id='word_1_861' title='bbox 2944 4463 3033 4512; x_wconf 80' lang='lat' dir='ltr'>aut</span> <span class='ocrx_word' id='word_1_862' title='bbox 3082 4462 3223 4525; x_wconf 88' lang='lat' dir='ltr'><strong>peto,</strong></span> <span class='ocrx_word' id='word_1_863' title='bbox 3241 4462 3281 4512; x_wconf 86' lang='lat' dir='ltr'>si</span> <span class='ocrx_word' id='word_1_864' title='bbox 3300 4462 3451 4513; x_wconf 79' lang='lat' dir='ltr'><strong>vultis</strong></span> <span class='ocrx_word' id='word_1_865' title='bbox 3466 4500 3483 4525; x_wconf 95' lang='lat'><strong>,</strong></span> <span class='ocrx_word' id='word_1_866' title='bbox 3500 4465 3612 4524; x_wconf 83' lang='lat' dir='ltr'><strong>aut,</strong></span> <span class='ocrx_word' id='word_1_867' title='bbox 3634 4463 3763 4512; x_wconf 75' lang='lat' dir='ltr'><strong>sima-</strong></span> 
     </span>
     <span class='ocr_line' id='line_1_96' title="bbox 2240 4548 3763 4613; baseline -0.001 -15"><span class='ocrx_word' id='word_1_868' title='bbox 2240 4548 2387 4599; x_wconf 82' lang='lat' dir='ltr'><strong>vultis</strong></span> <span class='ocrx_word' id='word_1_869' title='bbox 2395 4585 2412 4612; x_wconf 87' lang='lat'><strong>,</strong></span> <span class='ocrx_word' id='word_1_870' title='bbox 2430 4548 2615 4613; x_wconf 83' lang='lat' dir='ltr'><strong>repeto.</strong></span> <span class='ocrx_word' id='word_1_871' title='bbox 2677 4548 2775 4612; x_wconf 79' lang='lat'><strong>(2³)</strong></span> <span class='ocrx_word' id='word_1_872' title='bbox 2795 4554 2933 4613; x_wconf 84' lang='lat' dir='ltr'><strong>Saepe</strong></span> <span class='ocrx_word' id='word_1_873' title='bbox 2950 4550 3079 4599; x_wconf 88' lang='lat' dir='ltr'><strong>enim</strong></span> <span class='ocrx_word' id='word_1_874' title='bbox 3102 4548 3243 4599; x_wconf 79' lang='lat' dir='ltr'><strong>video</strong></span> <span class='ocrx_word' id='word_1_875' title='bbox 3255 4585 3271 4613; x_wconf 92' lang='lat'><strong>,</strong></span> <span class='ocrx_word' id='word_1_876' title='bbox 3290 4563 3381 4599; x_wconf 75' lang='lat' dir='ltr'><strong>vos</strong></span> <span class='ocrx_word' id='word_1_877' title='bbox 3395 4552 3551 4601; x_wconf 84' lang='lat' dir='ltr'><strong>servis</strong></span> <span class='ocrx_word' id='word_1_878' title='bbox 3562 4550 3673 4600; x_wconf 86' lang='lat' dir='ltr'><strong>adeo</strong></span> <span class='ocrx_word' id='word_1_879' title='bbox 3692 4548 3763 4596; x_wconf 83' lang='lat' dir='ltr'>bo-</span> 
     </span>
     <span class='ocr_line' id='line_1_97' title="bbox 2240 4634 3765 4700; baseline -0.002 -14"><span class='ocrx_word' id='word_1_880' title='bbox 2240 4636 2448 4687; x_wconf 82' lang='lat' dir='ltr'><strong>minibus</strong></span> <span class='ocrx_word' id='word_1_881' title='bbox 2468 4636 2825 4700; x_wconf 82' lang='lat' dir='ltr'><strong>peregrinisque</strong></span> <span class='ocrx_word' id='word_1_882' title='bbox 2836 4636 2993 4689; x_wconf 85' lang='lat' dir='ltr'><strong>omnis</strong></span> <span class='ocrx_word' id='word_1_883' title='bbox 3010 4637 3211 4700; x_wconf 81' lang='lat' dir='ltr'><strong>generis,</strong></span> <span class='ocrx_word' id='word_1_884' title='bbox 3231 4636 3337 4688; x_wconf 79' lang='lat' dir='ltr'><strong>aliis</strong></span> <span class='ocrx_word' id='word_1_885' title='bbox 3350 4638 3432 4699; x_wconf 79' lang='lat' dir='ltr'><strong>jus</strong></span> <span class='ocrx_word' id='word_1_886' title='bbox 3448 4638 3668 4699; x_wconf 72' lang='lat' dir='ltr'><strong>civitatiS,</strong></span> <span class='ocrx_word' id='word_1_887' title='bbox 3682 4634 3765 4683; x_wconf 69' lang='lat' dir='ltr'><strong>aliis</strong></span> 
     </span>
     <span class='ocr_line' id='line_1_98' title="bbox 2240 4722 3765 4789; baseline -0.005 -14"><span class='ocrx_word' id='word_1_888' title='bbox 2240 4738 2416 4787; x_wconf 83' lang='lat' dir='ltr'><strong>magna</strong></span> <span class='ocrx_word' id='word_1_889' title='bbox 2438 4725 2488 4775; x_wconf 89' lang='lat' dir='ltr'>in</span> <span class='ocrx_word' id='word_1_890' title='bbox 2510 4738 2609 4777; x_wconf 76' lang='lat' dir='ltr'>mre</span> <span class='ocrx_word' id='word_1_891' title='bbox 2624 4724 2753 4775; x_wconf 85' lang='lat' dir='ltr'><strong>dona</strong></span> <span class='ocrx_word' id='word_1_892' title='bbox 2769 4725 2954 4788; x_wconf 66' lang='lat' dir='ltr'><strong>dantes,</strong></span> <span class='ocrx_word' id='word_1_893' title='bbox 2972 4726 3013 4775; x_wconf 78' lang='lat' dir='ltr'>si</span> <span class='ocrx_word' id='word_1_894' title='bbox 3036 4726 3119 4789; x_wconf 84' lang='lat' dir='ltr'><strong>qui</strong></span> <span class='ocrx_word' id='word_1_895' title='bbox 3143 4726 3265 4775; x_wconf 85' lang='lat' dir='ltr'><strong>benc</strong></span> <span class='ocrx_word' id='word_1_896' title='bbox 3286 4725 3348 4775; x_wconf 89' lang='lat' dir='ltr'>de</span> <span class='ocrx_word' id='word_1_897' title='bbox 3368 4726 3509 4776; x_wconf 79' lang='lat' dir='ltr'><strong>vohis</strong></span> <span class='ocrx_word' id='word_1_898' title='bbox 3526 4726 3677 4775; x_wconf 84' lang='lat' dir='ltr'><strong>meriti</strong></span> <span class='ocrx_word' id='word_1_899' title='bbox 3696 4722 3765 4769; x_wconf 65' lang='lat' dir='ltr'><strong>visi</strong></span> 
     </span>
     <span class='ocr_line' id='line_1_99' title="bbox 2238 4812 3767 4877; baseline -0.003 -14"><span class='ocrx_word' id='word_1_900' title='bbox 2238 4814 2454 4864; x_wconf 77' lang='lat' dir='ltr'><strong>fuissent.</strong></span> <span class='ocrx_word' id='word_1_901' title='bbox 2484 4815 2547 4865; x_wconf 87' lang='lat' dir='ltr'>Et</span> <span class='ocrx_word' id='word_1_902' title='bbox 2571 4813 2811 4877; x_wconf 79' lang='lat' dir='ltr'><strong>sapienter</strong></span> <span class='ocrx_word' id='word_1_903' title='bbox 2836 4813 3033 4877; x_wconf 87' lang='lat' dir='ltr'><strong>quidem</strong></span> <span class='ocrx_word' id='word_1_904' title='bbox 3068 4814 3139 4865; x_wconf 74' lang='lat' dir='ltr'>sic</span> <span class='ocrx_word' id='word_1_905' title='bbox 3160 4813 3319 4865; x_wconf 79' lang='lat' dir='ltr'><strong>datis:</strong></span> <span class='ocrx_word' id='word_1_906' title='bbox 3360 4813 3520 4865; x_wconf 78' lang='lat' dir='ltr'><strong>facitis</strong></span> <span class='ocrx_word' id='word_1_907' title='bbox 3550 4814 3671 4864; x_wconf 86' lang='lat' dir='ltr'><strong>enim</strong></span> <span class='ocrx_word' id='word_1_908' title='bbox 3693 4812 3767 4861; x_wconf 81' lang='lat' dir='ltr'>hoc</span> 
     </span>
     <span class='ocr_line' id='line_1_100' title="bbox 2240 4896 3767 4967; baseline -0.003 -14"><span class='ocrx_word' id='word_1_909' title='bbox 2240 4905 2410 4967; x_wconf 80' lang='lat' dir='ltr'><strong>pacto,</strong></span> <span class='ocrx_word' id='word_1_910' title='bbox 2432 4903 2491 4954; x_wconf 87' lang='lat' dir='ltr'>ut</span> <span class='ocrx_word' id='word_1_911' title='bbox 2524 4916 2554 4953; x_wconf 84' lang='lat' dir='ltr'><strong>a</strong></span> <span class='ocrx_word' id='word_1_912' title='bbox 2596 4903 2968 4967; x_wconf 80' lang='lat' dir='ltr'><strong>quamplurimis</strong></span> <span class='ocrx_word' id='word_1_913' title='bbox 3003 4902 3245 4955; x_wconf 83' lang='lat' dir='ltr'><strong>beneficiis</strong></span> <span class='ocrx_word' id='word_1_914' title='bbox 3272 4903 3605 4954; x_wconf 82' lang='lat' dir='ltr'><strong>cumulemini.</strong></span> <span class='ocrx_word' id='word_1_915' title='bbox 3666 4896 3767 4951; x_wconf 67' lang='lat' dir='ltr'><strong>muti</strong></span> 
     </span>
     <span class='ocr_line' id='line_1_101' title="bbox 2238 4990 3768 5057; baseline -0.003 -16"><span class='ocrx_word' id='word_1_916' title='bbox 2238 4992 2427 5057; x_wconf 83' lang='lat' dir='ltr'><strong>itaque,</strong></span> <span class='ocrx_word' id='word_1_917' title='bbox 2452 4992 2583 5056; x_wconf 89' lang='lat' dir='ltr'><strong>quod</strong></span> <span class='ocrx_word' id='word_1_918' title='bbox 2614 5006 2702 5056; x_wconf 84' lang='lat' dir='ltr'>ego</span> <span class='ocrx_word' id='word_1_919' title='bbox 2732 5006 2819 5043; x_wconf 81' lang='lat' dir='ltr'><strong>vos</strong></span> <span class='ocrx_word' id='word_1_920' title='bbox 2837 5006 2993 5043; x_wconf 86' lang='lat' dir='ltr'><strong>unum</strong></span> <span class='ocrx_word' id='word_1_921' title='bbox 3015 5006 3159 5056; x_wconf 87' lang='lat' dir='ltr'><strong>rogo,</strong></span> <span class='ocrx_word' id='word_1_922' title='bbox 3188 4992 3281 5041; x_wconf 88' lang='lat' dir='ltr'>hoc</span> <span class='ocrx_word' id='word_1_923' title='bbox 3302 4994 3402 5055; x_wconf 64' lang='lat' dir='ltr'><strong>ost,</strong></span> <span class='ocrx_word' id='word_1_924' title='bbox 3426 4995 3485 5043; x_wconf 89' lang='lat' dir='ltr'>ut</span> <span class='ocrx_word' id='word_1_925' title='bbox 3516 4990 3768 5042; x_wconf 75' lang='lat' dir='ltr'><strong>immunitas</strong></span> 
     </span>
     <span class='ocr_line' id='line_1_102' title="bbox 2239 5081 3767 5146; baseline 0.001 -15"><span class='ocrx_word' id='word_1_926' title='bbox 2239 5082 2356 5131; x_wconf 72' lang='lat' dir='ltr'><strong>niihi</strong></span> <span class='ocrx_word' id='word_1_927' title='bbox 2386 5081 2685 5143; x_wconf 80' lang='lat' dir='ltr'><strong>restituatur,</strong></span> <span class='ocrx_word' id='word_1_928' title='bbox 2708 5096 2856 5145; x_wconf 87' lang='lat' dir='ltr'><strong>quam</strong></span> <span class='ocrx_word' id='word_1_929' title='bbox 2874 5084 3094 5146; x_wconf 85' lang='lat' dir='ltr'><strong>Menippo</strong></span> <span class='ocrx_word' id='word_1_930' title='bbox 3111 5084 3313 5133; x_wconf 84' lang='lat' dir='ltr'><strong>auctore</strong></span> <span class='ocrx_word' id='word_1_931' title='bbox 3331 5095 3415 5131; x_wconf 82' lang='lat' dir='ltr'><strong>vos</strong></span> <span class='ocrx_word' id='word_1_932' title='bbox 3435 5096 3527 5145; x_wconf 87' lang='lat' dir='ltr'>per</span> <span class='ocrx_word' id='word_1_933' title='bbox 3547 5082 3767 5132; x_wconf 77' lang='lat' dir='ltr'><strong>decretum</strong></span> 
     </span>
     <span class='ocr_line' id='line_1_103' title="bbox 2236 5166 3743 5229; baseline -0.003 -8"><span class='ocrx_word' id='word_1_934' title='bbox 2236 5170 2354 5221; x_wconf 82' lang='lat' dir='ltr'><strong>mihi</strong></span> <span class='ocrx_word' id='word_1_935' title='bbox 2378 5170 2494 5220; x_wconf 88' lang='lat' dir='ltr'><strong>olim</strong></span> <span class='ocrx_word' id='word_1_936' title='bbox 2511 5169 2726 5221; x_wconf 84' lang='lat' dir='ltr'><strong>dedistis.</strong></span> <span class='ocrx_word' id='word_1_937' title='bbox 2749 5170 2893 5229; x_wconf 89' lang='lat' dir='ltr'><strong>Quod</strong></span> <span class='ocrx_word' id='word_1_938' title='bbox 2916 5170 3163 5221; x_wconf 86' lang='lat' dir='ltr'><strong>decretum</strong></span> <span class='ocrx_word' id='word_1_939' title='bbox 3192 5170 3352 5221; x_wconf 76' lang='lat' dir='ltr'><strong>scriba</strong></span> <span class='ocrx_word' id='word_1_940' title='bbox 3376 5170 3519 5222; x_wconf 79' lang='lat' dir='ltr'><strong>vohis</strong></span> <span class='ocrx_word' id='word_1_941' title='bbox 3542 5166 3743 5223; x_wconf 65' lang='lat' dir='ltr'><strong>recinam</strong></span> 
     </span>
     <span class='ocr_line' id='line_1_104' title="bbox 2235 5258 3322 5323; baseline 0 -13"><span class='ocrx_word' id='word_1_942' title='bbox 2235 5260 2396 5310; x_wconf 84' lang='lat' dir='ltr'><strong>adhuc</strong></span> <span class='ocrx_word' id='word_1_943' title='bbox 2410 5258 2541 5311; x_wconf 88' lang='lat' dir='ltr'><strong>enim</strong></span> <span class='ocrx_word' id='word_1_944' title='bbox 2555 5260 2774 5323; x_wconf 82' lang='lat' dir='ltr'><strong>superest</strong></span> <span class='ocrx_word' id='word_1_945' title='bbox 2791 5259 2842 5309; x_wconf 84' lang='lat' dir='ltr'>in</span> <span class='ocrx_word' id='word_1_946' title='bbox 2858 5259 3097 5311; x_wconf 83' lang='lat' dir='ltr'><strong>tabulario</strong></span> <span class='ocrx_word' id='word_1_947' title='bbox 3112 5260 3322 5313; x_wconf 62' lang='lat' dir='ltr'><strong>senatus</strong></span> 
     </span>
    </p>
   </div>
  </div>
 </body>
</html>
