3825 5842
523 452 596 504 62
1370 438 1804 500 ΑΝΔΟΚΙΔΟΥ
1845 438 1896 498 O
1940 436 2127 498 ΠΕΡΙ
2168 435 2324 498 ΤΩΝ
2364 437 2838 500 ΜΥΣΤΗΡῙΩΝ.

3466 423 3542 499 (aa
3574 459 3603 467 -
3628 423 3699 496 ει)

510 575 782 644 τεόεσθαι
811 569 1130 654 Αθηναίους
1159 571 1318 640 κατὰ
1343 572 1422 640 τὰ
1455 573 1712 666 πάτρια,
1747 573 1949 666 νόμοις
2003 563 2073 638 δὲ
2162 578 2489 654 sententiae,
2536 579 2913 640 Athenienses
2944 598 3128 656 remp.
3160 595 3360 655 gerere
3402 581 3719 639 secundum

433 709 484 749 ss
509 683 763 775 χρῆσθαι
815 689 940 759 τοῖς
995 681 1302 764 Σόλωνος,
1345 680 1444 747 καὶ
1494 683 1724 774 μέτροις
1771 678 1872 746 καὶ
1924 705 2069 746 στα-

513 789 716 880 θμοῖς,
748 789 1003 881 χρῆσθαι
1037 782 1106 856 δὲ
1137 788 1240 854 καὶ
1281 795 1405 866 τοῖς
1435 787 1761 880 Δράκοντος
1793 787 2068 878 θεσμοῖς,

511 892 712 988 οἷσπερ
747 896 1057 988 ἐχρώμεθα
1091 897 1149 961 ἐν
1184 903 1270 978 τῷ
1307 893 1550 986 πρόσθεν
1573 894 1792 986 χρόνῳ.
1895 889 2073 960 ὁπό-

513 1025 632 1067 σων
677 991 734 1065 δ’
776 998 848 1066 ἂν
909 991 1201 1094 προσδέῃ,
1243 992 1370 1066 οἵδε
1430 1002 1712 1092 ᾑρημένοι
1760 997 2073 1091 νομοθέται

513 1107 625 1174 ὑπὸ
656 1117 766 1184 τῆς
820 1110 1038 1192 βουλῆς
1093 1108 1526 1202 ἀναγράφοντες
1579 1110 1635 1173 ἐν
1692 1105 1919 1172 σανίσιν
1976 1109 2072 1171 ε’κ·

511 1214 796 1281 τιθέντων
855 1214 998 1308 πρὸς
1061 1214 1195 1291 τοὺς
1254 1216 1626 1305 ἐπωνύμους,
1689 1219 1932 1278 σκοπεῖν
1986 1219 2073 1296 τῷ

437 1309 454 1320 ’
517 1321 896 1412 βουλομένῳ,
954 1319 1056 1386 καὶ
1088 1312 1552 1413 παραδιδόντων
1601 1326 1733 1396 ταῖς
1769 1317 1980 1410 ἀρχαῖς
2017 1319 2073 1382 ἐν

512 1419 670 1514 τῷδε
699 1437 786 1514 τῷ
829 1426 994 1518 μηνί.
1107 1421 1259 1520 (84)
1288 1427 1440 1503 Τοὺς
1471 1417 1539 1492 δὲ
1566 1415 2073 1518 παραδιδομένους

433 1554 486 1595 ³⁰
512 1533 724 1626 νόμους
763 1525 1159 1626 δοκιμασάτω
1209 1532 1488 1626 πρότερον
1531 1538 1567 1606 ἡ
1631 1535 1816 1617 βουλὴ
1868 1530 1973 1596 καὶ
2012 1533 2072 1597 οἱ

512 1641 830 1732 νομοθέται
861 1640 916 1706 οἱ
943 1639 1360 1722 πεντακόσιοι,
1383 1637 1479 1717 οὒς
1511 1640 1568 1705 οἱ
1593 1629 1862 1730 δημόται
1887 1639 2074 1704 εἷλον-

513 1771 615 1830 το,
645 1741 849 1823 ἐπειδὴ
887 1745 1278 1838 ὀμωμόκασιν
1301 1801 1315 1815 .
1351 1740 1586 1823 Ἐξεῖναι
1618 1738 1686 1812 δὲ
1722 1745 1822 1811 καὶ
1857 1734 2070 1836 ἰδιώτῃ

515 1863 604 1939 τῷ
646 1855 1028 1946 βουλομένῳ,
1083 1851 1327 1918 εἰσιόντι
1381 1851 1459 1928 εἰς
1497 1855 1607 1926 τὴν
1651 1853 1874 1936 βουλὴν
1922 1875 2071 1940 συμ·

517 1952 816 2025 ὅουλεόειν
855 1961 890 2023 ὅ
927 1984 991 2024 τι
1026 1953 1096 2023 ἃν
1139 1957 1353 2051 ἀγαθὸν
1387 1958 1494 2050 ἔχῃ
1523 1954 1657 2050 περὶ
1687 1964 1807 2022 τῶν
1845 1955 2068 2047 νόμων.

519 2057 788 2132 Ἐπειδὰν
823 2056 892 2132 δὲ
929 2064 1182 2131 τεθῶσιν
1219 2064 1272 2128 οἱ
1318 2053 1530 2155 νόμοι,
1583 2061 1987 2154 ἐπιμελείσθω
2032 2067 2067 2135 ’ἡ

521 2173 709 2256 βουλὴ
737 2175 772 2244 ἡ
801 2164 865 2248 ἐξ
889 2165 1096 2262 Ᾰρείου
1118 2168 1310 2263 πάγου
1339 2178 1460 2236 τῶν
1481 2167 1700 2260 νόμων,
1721 2171 1882 2246 ὅπως
1911 2162 1984 2233 ἂν
2008 2167 2073 2232 αἱ

513 2275 694 2369 ἀρχαὶ
725 2283 854 2353 τοῖς
880 2277 1176 2367 κειμένοις
1217 2275 1422 2368 νόμοις
1453 2283 1746 2366 χρῶνται.
1805 2273 1961 2351 Τοὺς
2002 2264 2073 2338 δὲ

513 2385 898 2476 κυρουμένους
929 2390 1051 2449 τῶν
1087 2381 1284 2473 νόμων
1317 2381 1673 2476 ἀναγράφειν
1703 2380 1783 2457 εἰς
1813 2382 1920 2448 τὸν
1947 2385 2073 2446 τοῖ-

433 2513 486 2555 σε
512 2515 647 2584 χον,
684 2490 779 2556 ἵνα
805 2513 912 2582 περ
942 2487 1222 2582 πρότερον
1249 2487 1681 2583 ἀνεγράφησαν,
1703 2495 1951 2556 σκοπεῖν
1982 2495 2074 2574 τῷ

517 2597 882 2688 βουλομένῳ.

591 2743 666 2784 85.
710 2721 1171 2800 Ἐδοκιμάσθησαν
1213 2721 1309 2800 μὲν
1355 2712 1444 2782 οὖν
1479 2723 1527 2782 οἱ
1567 2721 1752 2802 νόμοι,
1798 2710 1842 2781 ὦ
1872 2720 2074 2802 ἄνδρες,

515 2811 652 2870 κατὰ
681 2810 740 2870 τὸ
757 2810 1004 2894 ψήφισμα
1023 2811 1192 2884 τουτί,
1213 2810 1330 2880 τοὺς
1358 2809 1414 2870 δὲ
1432 2810 1754 2892 κυρωθέντας
1777 2809 2073 2892 ἀνέγραψαν

515 2899 585 2967 εἰς
615 2897 710 2970 τὴν
735 2897 909 2959 στοάν.
993 2897 1214 2971 Ἐπειδὴ
1245 2900 1290 2958 δ’
1319 2898 1684 2980 ἀνεγράφησαν
1703 2945 1720 2978 ,
1748 2897 1967 2977 ἐθέμεθα
1990 2897 2075 2958 νό·

514 3008 610 3064 μον
627 3031 643 3061 ,
667 2977 712 3068 ᾧ
735 2985 924 3054 πάντες
945 2991 1161 3068 χρῆσθε.
1249 2987 1358 3048 Καί
1379 3009 1468 3065 μοι
1497 2987 1752 3067 ἀνάγνωθι
1773 2984 1862 3046 τὸν
1881 2985 2069 3066 νόμον.

621 3171 630 3180 ·
1141 3138 1442 3198 ΝΟΜΟΣ.

611 3252 869 3354 Αγράφῳ
889 3252 958 3326 δὲ
986 3259 1150 3352 νόμῳ
1180 3256 1290 3338 τὰς
1315 3257 1500 3353 ἀρχὰς
1527 3265 1607 3353 μὴ
1633 3259 1886 3353 χρῆσθαι
1920 3253 2075 3353 μηδὲ

501 3363 648 3456 ,περὶ
681 3363 830 3442 ἑνός.

592 3511 665 3551 so.
697 3483 832 3572 Ἀρά
873 3491 934 3572 γέ
962 3494 1072 3552 ἔστι
1108 3496 1263 3551 τοῦτο
1305 3491 1386 3552 ὅτι
1411 3491 1768 3573 περιελείπετο
1795 3492 1915 3573 περὶ
1956 3493 2074 3553 ὅτου

517 3568 624 3638 οἷόν
648 3601 707 3638 τε
741 3579 777 3650 ἢ
809 3579 979 3660 ἀρχὴν
1020 3579 1245 3658 εἰσάγειν
1275 3579 1308 3652 ἢ
1335 3582 1483 3658 ὑμῶν
1509 3579 1700 3662 πρᾶξαί
1737 3605 1866 3656 τινι,
1895 3582 2014 3640 ἀλλ’
2040 3580 2075 3653 ἢ

435 3685 488 3726 ιο
513 3665 652 3726 κατὰ
671 3665 791 3734 τοὺς
819 3667 1314 3748 ἀναγεγραμμένους
1339 3665 1558 3746 νόμους;
1589 3670 1716 3729 ὅπου
1741 3661 1828 3728 οὗν
1857 3669 2076 3752 ἀγράφῳ

511 3754 656 3838 νόμῳ
688 3757 782 3815 οὐκ
805 3753 968 3825 ἔξεστι
994 3755 1322 3837 χρήσασθαι,
1356 3747 1391 3829 ἦ
1419 3781 1522 3816 που
1565 3757 1784 3840 ἀγράφῳ
1823 3781 1883 3838 γε
1909 3759 2076 3841 ψηφί-

512 3866 675 3922 σματι
695 3843 1030 3905 παντάπασιν
1051 3847 1110 3904 οὗ
1129 3845 1210 3904 δεῖ
1223 3868 1283 3925 γε
1304 3844 1622 3926 χρήσασθαι.
1667 3845 1888 3918 Ἐπειδὴ
1904 3847 2074 3906 τοίνυν

511 3935 754 4015 ἑωρῶμεν
789 3933 868 3993 ὅτι
907 3936 1120 4002 πολλοῖς
1141 3937 1244 3994 τῶν
1271 3937 1498 3994 πολιτῶν
1522 3925 1621 3994 εἷεν
1645 3935 1941 4018 συμφοραί,
1970 3945 2077 4006 τοῖς

511 4018 604 4097 μὲν
634 4019 770 4079 κατὰ
789 4020 1004 4100 νόμους,
1032 4029 1136 4090 τοῖς
1165 4020 1220 4081 δὲ
1247 4021 1384 4082 κατὰ
1405 4022 1721 4104 ψηφίσματα
1741 4022 1807 4081 τὰ
1825 4024 2073 4106 πρότερον

507 4107 785 4187 γενόμενα,
807 4109 1046 4169 τουτουσὶ
1082 4109 1199 4178 τοὺς
1222 4110 1408 4190 νόμους
1433 4110 1650 4188 ἐθέμεθα
1665 4155 1683 4190 ,
1709 4113 1883 4171 αὐτῶν
1903 4112 2074 4172 εἵνεκα

508 4199 613 4256 τῶν
625 4197 738 4256 νυνὶ
753 4199 1095 4277 ποιουμένων,
1114 4197 1199 4259 ἵνα
1216 4201 1408 4260 τούτων
1426 4198 1586 4278 μηδὲν
1605 4199 1811 4279 γίνηται
1833 4201 1967 4280 μηδὲ
1986 4201 2073 4282 ἐξῇ

511 4289 847 4366 συκοφαντεῖν
877 4287 1076 4365 μηδενί.
1161 4280 1269 4348 Καί
1297 4311 1384 4364 μοι
1405 4287 1662 4368 ἀνάγνωθι
1683 4287 1800 4358 τοὺς
1822 4288 2027 4368 νόμους.

1145 4409 1432 4466 ΝΟΜΟῙ.

611 4535 721 4630 87.
773 4532 1032 4633 Ᾰγράφῳ
1066 4531 1136 4605 δὲ
1163 4539 1327 4632 νόμῳ
1357 4539 1465 4618 τὰς
1495 4539 1679 4635 ἀρχὰς
1715 4545 1794 4635 μὴ
1823 4543 2073 4636 χρῆσθαι

515 4635 670 4736 μηδὲ
705 4644 840 4738 περὶ
874 4646 1018 4724 ἑνός.
1121 4649 1413 4738 Ψήφισμα
1435 4641 1502 4713 δὲ
1529 4641 1716 4740 μηδὲν
1750 4653 1906 4742 μήτε
1940 4654 2073 4736 βου-

435 4765 499 4816 12
515 4755 627 4829 λῆς
667 4755 820 4844 μήτε
871 4745 1068 4846 δήμου
1109 4757 1460 4848 κυριώτερον
1497 4749 1663 4827 εἶναι.
1764 4749 1940 4830 Μηδὲ
1977 4760 2069 4824 ἐπ’

511 4849 683 4952 ἀνδρὶ
732 4859 909 4952 νόμον
954 4853 1167 4939 ἐξεῖναι
1215 4863 1434 4945 θεῖναι,
1474 4859 1574 4928 ἐὰν
1628 4867 1707 4953 μὴ
1752 4863 1854 4929 τὸν
1895 4864 2073 4931 αὐτὸν

511 4963 612 5032 ἐπὶ
645 4970 827 5033 πᾶσιν
859 4961 1205 5052 Ᾱθηναίοις,
1239 4967 1337 5034 ἐὰν
1373 4971 1453 5058 μὴ
1477 4961 1907 5061 ἑξακισχιλίοις
1928 4964 2070 5065 δόξῃ

507 5066 768 5164 κρόὸδην
807 5068 1245 5166 ψηφιζομένοις.

587 5207 661 5268 Τί
712 5198 799 5269 οὖν
843 5199 907 5280 ἧν
948 5207 1248 5286 ἐπίλοιπον,
1296 5208 1469 5270 οὑτοσὶ
1511 5211 1538 5269 ὁ
1578 5209 1745 5290 νόμος.
1833 5209 1940 5273 Καί
1985 5233 2074 5290 μοι

511 5293 768 5374 ἀνάγνωθι
789 5301 988 5360 τοῦτον.

2162 690 2311 750 ritus
2338 688 2556 768 patrios
2572 731 2588 761 ,
2619 701 2677 747 et
2702 687 2933 748 Solonis
2974 689 3060 747 uti
3102 687 3329 765 legibus
3354 701 3412 748 et
3434 689 3722 748 mensuris

2163 793 2665 876 ponderibusque,
2706 795 2792 853 uti
2836 814 3068 872 quoque
3090 793 3445 854 thesmorum
3492 815 3525 854 a
3574 797 3723 854 Dra-

2162 914 2329 960 conte
2354 904 2668 978 positorum
2700 900 2809 974 iis,
2852 899 3069 978 quibus
3110 902 3347 960 antehac
3378 902 3470 962 usi
3500 921 3721 961 sumus.

2160 1006 2545 1085 Quascunque
2568 1027 2747 1066 novas
2776 1018 2962 1066 autem
2988 1007 3143 1082 leges
3169 1007 3343 1067 condi
3374 1025 3513 1064 usus
3556 1007 3721 1078 ferat,

2163 1113 2517 1174 Nomothetae
2570 1132 2603 1171 a
2643 1126 2843 1172 senatu
2884 1113 3017 1170 lecti
3060 1132 3157 1171 eas
3206 1115 3265 1169 in
3316 1111 3530 1170 tabulis
3596 1131 3723 1189 per·

2161 1219 2477 1279 scribentes
2506 1240 2698 1280 coram
2728 1219 3049 1298 Eponymis
3088 1231 3423 1298 exponunto
3462 1219 3533 1276 ad
3584 1239 3721 1276 con·

2163 1326 2554 1404 templandum
2614 1326 2833 1384 volenti
2888 1327 3132 1404 cuique,
3210 1337 3268 1384 et
3324 1325 3549 1384 senatui
3620 1325 3725 1382 hoc

2161 1435 2291 1512 ipso
2336 1451 2531 1490 mense
2574 1431 2862 1492 tradunt0.
2912 1431 3027 1513 (84)
3079 1426 3349 1491 Traditus
3390 1445 3585 1491 autem
3616 1431 3727 1490 sibi

2163 1539 2317 1616 leges
2369 1551 2600 1598 senatus
2652 1541 2815 1616 prius
2864 1539 3199 1616 explorato,
3256 1551 3315 1597 et
3362 1538 3727 1615 legislatores

2164 1645 2463 1722 quingenti
2490 1665 2523 1704 a
2543 1644 2927 1725 popularibus
2956 1665 3061 1724 per
3088 1645 3287 1704 demos
3306 1645 3537 1721 delecti,
3567 1657 3728 1724 post-

2163 1771 2334 1829 quam
2376 1766 2735 1812 sacramento
2776 1753 2963 1812 adacti
2994 1753 3208 1812 fuerint
3240 1775 3253 1810 z
3281 1752 3379 1811 sed
3404 1766 3463 1810 et
3490 1755 3727 1831 privato

2162 1858 2372 1938 cuique
2386 1859 2559 1918 liceto
2576 1859 2796 1918 volenti
2817 1859 2879 1916 in
2895 1871 3155 1918 senatum
3170 1862 3406 1932 intrare,
3424 1871 3483 1916 et
3502 1861 3727 1917 bonum

2160 1964 2208 2022 si
2232 1965 2377 2042 quid
2394 1964 2602 2025 habeat
2623 1966 2696 2025 de
2724 1965 2951 2042 legibus
2976 1966 3240 2040 suadere,
3266 1967 3325 2026 id
3350 1965 3540 2024 edere.
3572 1971 3731 2023 Latae

2163 2085 2353 2131 autem
2380 2071 2485 2131 ubi
2514 2073 2733 2133 fuerint
2774 2073 2931 2150 leges
2950 2117 2967 2146 ,
3008 2085 3244 2132 senatus
3286 2073 3731 2155 Areopagiticus

2164 2197 2360 2238 earum
2391 2199 2586 2239 curam
2618 2182 2803 2257 gerito
2834 2193 3005 2258 atque
3044 2180 3386 2258 providem,
3408 2192 3475 2238 ut
3512 2179 3731 2256 magis-

2162 2297 2343 2344 tratus
2382 2285 2603 2363 legibus
2636 2287 2779 2346 ratis
2815 2298 3072 2346 utantur.
3114 2285 3327 2362 Legum
3362 2305 3732 2365 quaecunque

2162 2393 2281 2450 sint
2318 2393 2553 2472 perlatae
2596 2405 2769 2472 atque
2797 2393 2861 2452 in
2892 2393 3033 2452 ratis
3062 2392 3307 2466 habitae,
3338 2412 3433 2451 eas
3458 2393 3721 2472 perscri-

2159 2495 2337 2558 buhto
2383 2498 2448 2557 in
2486 2502 2703 2577 pariete
2723 2542 2741 2572 ,
2777 2497 2880 2558 ubi
2920 2501 3145 2576 priores
3184 2498 3339 2576 leges
3380 2498 3729 2578 perscriptae

2161 2603 2303 2662 olim
2329 2618 2525 2678 erant,
2550 2616 2614 2664 ut
2646 2605 2848 2664 volens
2880 2606 3129 2684 quisque
3156 2618 3415 2684 spectare
3438 2607 3650 2682 possit.

2224 2738 2301 2784 85.
2338 2733 2613 2786 Secundum
2626 2733 2981 2786 hoedecretum
2998 2735 3240 2786 revoeatoe
3254 2735 3369 2786 suut
3380 2773 3397 2798 ,
3408 2749 3441 2786 o
3458 2735 3553 2786 viri
3570 2773 3587 2798 ,
3604 2736 3732 2798 legen

2162 2820 2225 2871 nd
2256 2822 2572 2888 scrutinium3
2608 2823 2933 2887 probatasque
2962 2824 3307 2888 consignarunt
3337 2825 3388 2874 et
3440 2824 3495 2874 in
3525 2825 3727 2888 porticu

2162 2912 2507 2973 exposuerunt.
2585 2914 2696 2970 Quo
2728 2911 2859 2962 iacto
2892 2911 3048 2976 legem
3083 2911 3226 2964 nobis
3264 2912 3379 2962 ferri
3410 2913 3727 2976 curavimus,
3820 2906 3822 2920 '

2161 3011 2262 3061 qua
2278 3011 2367 3050 vos
2383 2999 2575 3050 utimini
2600 3013 2783 3052 omnes.
2854 3000 3020 3053 Recita
3040 3001 3098 3052 tu
3114 3001 3235 3052 mihi
3256 2999 3567 3065 hanclegem.

2868 3119 3015 3182 Lxx.

2246 3253 2397 3332 Lege
2450 3254 2637 3316 literis
2686 3277 2805 3316 non
2842 3258 3180 3335 consignata
3232 3260 3609 3335 magistratus
3654 3279 3727 3318 ne

2166 3363 2403 3409 utuntor
2424 3351 2546 3409 ulla
2573 3353 2637 3410 in
2660 3373 2741 3412 re.

2224 3501 2301 3546 86.
2324 3497 2469 3546 Estne
2482 3495 2583 3558 jam
2597 3496 2780 3560 aliquid
2797 3496 2911 3548 huic
2931 3497 3155 3561 Cephisio
3166 3497 3427 3562 reliquum,
3442 3497 3507 3550 de
3522 3513 3629 3562 quo
3644 3503 3731 3550 aut

2164 3584 2341 3634 referre
2356 3585 2664 3648 magistratus
2685 3586 2859 3650 aliquis
2872 3621 2886 3650 ,
2902 3588 2989 3636 aut
3009 3586 3059 3636 in
3080 3599 3180 3650 quo
3200 3587 3417 3638 vestrum
3436 3588 3698 3651 quisquam
3712 3625 3729 3651 ,

2162 3687 2193 3723 o
2216 3674 2337 3738 viri,
2356 3687 2497 3738 agere
2522 3677 2575 3726 et
2600 3675 2797 3740 exsequi
2814 3675 3081 3740 quidquam
3098 3676 3247 3740 possit
3258 3713 3275 3740 ,
3302 3678 3633 3740 praeterquam
3650 3691 3729 3728 se-

2163 3761 2377 3814 cundum
2406 3763 2532 3827 leges
2560 3764 2795 3828 scriptas?
2822 3762 3027 3823 Quando
3058 3775 3171 3828 ergo
3194 3763 3296 3828 lege
3324 3777 3423 3816 non
3448 3765 3635 3827 scripta
3657 3767 3729 3816 uti

2164 3862 2259 3899 uon
2274 3849 2405 3913 licet,
2424 3851 2607 3912 quanto
2620 3849 2782 3901 minus
2796 3850 2871 3900 uti
2886 3849 3051 3900 licebit
3060 3863 3161 3900 non
3172 3850 3351 3914 scripto
3372 3849 3729 3914 psephismate?

2164 3937 2403 3998 Quoniam
2452 3939 2619 4002 itaque
2665 3938 2951 3990 videbamus
2978 3938 3159 3989 civium
3200 3938 3363 3988 multis
3398 3939 3583 3989 multas
3620 3953 3729 3988 ma-

2160 4039 2373 4089 gnasque
2389 4025 2547 4076 clades
2564 4026 2857 4091 impendere,
2877 4027 2981 4078 aliis
2998 4040 3027 4074 e
3038 4027 3239 4076 vetustis
3258 4025 3457 4089 legibuS,
3474 4027 3582 4077 aliis
3600 4041 3629 4076 e
3648 4041 3730 4076 ve-

2162 4116 2303 4166 tustis
2323 4115 2584 4180 plebiscitis
2594 4153 2611 4179 ,
2634 4116 2742 4167 ideo
2760 4117 3052 4178 legesnovas
3068 4114 3183 4165 terri
3198 4115 3503 4179 curavimus,
3528 4118 3729 4178 propter

2162 4205 2246 4256 illa
2264 4205 2367 4268 ipsa
2380 4241 2395 4269 ,
2414 4218 2527 4268 quoe
2544 4217 2675 4255 nunc
2690 4205 2843 4269 fiunt,
2888 4205 3147 4270 quominus
3166 4204 3333 4254 tierent
3345 4240 3362 4266 ,
3389 4205 3441 4254 et
3463 4206 3727 4267 quominus

2163 4294 2327 4346 liceret
2342 4294 2767 4360 quadruplatorem
2782 4307 2937 4358 agere.
2968 4293 3135 4344 Recita
3152 4293 3208 4343 tu
3236 4293 3356 4344 mihi
3372 4293 3461 4342 has
3482 4293 3629 4357 leges.

2835 4401 3045 4461 Leone.
3122 4409 3127 4413 ·

2244 4549 2338 4622 87.
2368 4549 2519 4626 Lege
2540 4550 2724 4608 literis
2746 4569 2865 4608 non
2890 4548 3227 4627 consignata
3254 4547 3625 4624 magistratus
3656 4569 3725 4608 ne

2162 4649 2401 4696 utuntor
2436 4637 2559 4696 ulla
2601 4637 2663 4696 in
2707 4657 2790 4696 re.
2837 4636 3173 4714 Psephisma
3218 4635 3441 4695 nullum
3468 4637 3597 4695 sive
3640 4657 3725 4695 se-

2162 4738 2329 4785 natus
2380 4727 2507 4785 sive
2546 4725 2732 4804 plebis
2774 4725 3028 4785 validius
3073 4739 3196 4784 esto
3252 4724 3399 4800 lege.
3494 4724 3725 4785 Nullius

2162 4815 2418 4874 hominis
2442 4815 2757 4891 singularis
2798 4835 2937 4892 ergo
2966 4814 3137 4873 liceto
3167 4814 3348 4890 legem
3380 4813 3561 4887 serre,
3595 4835 3724 4890 quae

2162 4929 2279 4966 non
2320 4907 2565 4986 perinde
2592 4907 2663 4966 de
2702 4908 2973 4966 omnibus
2998 4903 3451 4964 Atheniensibus
3500 4906 3723 4980 valeat,

2162 5000 2277 5058 nisi
2305 5019 2470 5058 secus
2504 4999 2697 5058 visum
2737 4999 2910 5057 fuerit
2946 4998 3134 5058 sexies
3162 4996 3322 5056 mille
3344 4996 3494 5055 viris
3516 5041 3534 5070 ‚
3576 4997 3724 5056 clam

2160 5116 2265 5176 per
2294 5097 2531 5156 tabellas
2555 5096 2895 5172 suffr-agatis.

2222 5219 2351 5279 Quid
2363 5222 2524 5270 nunc?
2542 5221 2820 5284 superestne
2838 5219 2996 5272 adhuc
3020 5218 3234 5283 aliquid?
3246 5219 3474 5282 Superest
3490 5219 3725 5270 nimirum

2160 5307 2265 5359 hoec
2281 5308 2361 5360 lex
2372 5344 2389 5373 ,
2407 5321 2556 5373 quam
2572 5309 2627 5359 tu
2648 5307 2767 5359 mihi
2782 5308 2951 5360 recites
2974 5308 3142 5361 velim.
