3825 5842
484 425 595 477 160

1523 409 1808 470 ΛΥΣΙΟΥ
1853 412 1902 469 Ο
1949 412 2157 471 ΚΑΤΑ
2200 412 2623 476 ΑΓΟΡΑΤΟΥ.

3372 416 3661 497 (cae—sm
3688 419 3711 490 )

445 508 452 519 ¹
484 544 573 625 (7⁶)
599 542 728 605 Ἐὰν
757 540 850 621 μὲν
867 535 954 603 οὖν
979 539 1154 625 φάσκῃ
1183 538 1448 621 Φρύνιχον
1475 542 1776 600 ἀποκτεῖναι
1789 588 1807 621 ‚
1835 539 2032 602 τούτων
2124 562 2217 601 ses.
2285 551 2383 616 (76)
2403 552 2454 603 Si
2480 552 2627 616 igitur
2650 552 2909 604 affirmabit
2926 565 2978 604 se
3006 552 3333 617 Phrynichum
3360 553 3724 613 interfecisse,

481 632 770 712 μέμνησθε,
811 630 902 692 καὶ
936 637 1114 691 τοῦτον
1162 634 1472 711 τιμωρεῖσθε
1520 633 1630 690 ἀνθ’
1654 620 1726 689 ὧν
1771 630 2029 705 ἐποίησεν·

481 720 571 781 ἐὰν
596 720 641 780 δ’
667 722 725 780 οὗ
752 720 926 803 φάσκῃ
945 764 961 795 ,
993 716 1166 799 ἔρεσθε
1191 716 1344 777 αὐτὸν
1371 718 1436 777 δι’
1457 717 1488 777 ὅ
1503 742 1554 777 τι
1581 718 1734 800 φησὶν
1765 718 2027 790 Ἀθηναῖος

481 814 784 881 ποιηθῆναι.
862 806 991 869 Ἐὰν
1028 805 1084 865 δὲ
1118 804 1194 885 μὴ
1241 804 1339 885 ἔχῃ
1387 806 1686 881 ἀποδεῖξαι,
1726 810 2034 888 τιμωρεῖσθε

401 920 428 967 5
483 897 636 957 αὐτὸν
659 896 737 955 ὅτι
759 896 851 956 καὶ
877 896 1076 965 ἐδίκαζε
1105 894 1195 953 καὶ
1224 894 1552 967 ἐξεκλησίαζε
1581 895 1670 956 καὶ
1699 895 2039 979 ἐσυκοφάντει

481 984 702 1050 πολλοὺς
721 988 791 1051 ὥς
815 984 1079 1055 Ἀθηναῖος
1107 980 1334 1061 τοῦνομα
1354 981 1782 1064 ἐπιγραφόμενος.

559 1093 632 1134 77.
680 1070 875 1132 Ἀκούω
899 1070 942 1129 δ’
967 1068 1122 1129 αὐτὸν
1146 1071 1637 1151 παρασκευάζεσθαι
1663 1073 2037 1151 ἀπολογεῖσθαι

481 1162 550 1227 ὣς
577 1160 662 1218 ἐπὶ
690 1158 877 1231 Φυλήν
913 1181 971 1217 τε
992 1157 1161 1238 ᾤχετο
1187 1157 1279 1218 καὶ
1305 1160 1629 1236 συγκατῆλθε
1654 1163 1758 1227 τοῖς
1786 1158 1890 1217 ἀπὸ
1919 1162 2037 1219 Φυ·

482 1249 602 1321 λῆς,
630 1248 721 1307 καὶ
761 1254 913 1307 τοῦτο
951 1246 1195 1325 μέγιστον
1234 1245 1510 1325 ἀγώνισμα
1555 1236 1706 1306 εἶναι.
1791 1245 2039 1325 Ἐγένετο

484 1334 538 1395 δὲ
571 1342 820 1397 τοιοῦτον.
901 1324 1099 1395 1Ἦλθεν
1123 1326 1265 1401 οὗτος
1287 1333 1375 1392 ἐπὶ
1402 1333 1612 1405 Φυλήν·
1639 1334 1810 1395 καίτοι
1836 1338 1948 1401 πῶς
1976 1333 2038 1393 ἂν

495 1424 680 1503 γένοιτο
725 1424 990 1507 ἄνθρωπος
1032 1418 1384 1504 μιαρώτερος,
1433 1421 1572 1491 ὅστις
1623 1424 1769 1491 εἰδὼς
1814 1422 1893 1481 ὅτι
1939 1422 2041 1482 εἰσί

483 1534 614 1579 τινες
642 1512 728 1571 ἐπὶ
751 1510 941 1583 Φυλὴν
959 1514 1058 1569 τῶν
1089 1510 1188 1569 ὑπὸ
1225 1508 1404 1569 τούτου
1435 1509 1840 1571 ἐκπεπτωκότων
1882 1508 2041 1569 ἐτόλ-

411 1622 459 1664 lo
483 1612 646 1677 μησεν
675 1602 838 1659 ἐλθεῖν
871 1602 941 1667 ὡς
965 1598 1203 1671 τούτους;
1236 1598 1327 1677 (⁷8)
1358 1597 1576 1670 Ἐπειδὴ
1607 1597 1660 1657 δὲ
1698 1588 1832 1657 εἶδον
1857 1596 2034 1672 αὐτόν,

484 1688 710 1769 τάχιστα
739 1685 1082 1753 συλλαὸόντες
1110 1686 1321 1765 ἄγουσιν
1345 1686 1581 1765 ἄντικρυς
1603 1689 1672 1753 ὥς
1696 1688 2039 1744 ἀποκτενοῦν-

483 1799 566 1843 τες
583 1821 600 1851 ,
637 1766 795 1855 οὗπερ
839 1774 930 1835 καὶ
975 1772 1092 1841 τοὺς
1135 1773 1320 1840 ἄλλους
1347 1772 1702 1856 ἀπέσφαττον,
1729 1771 1776 1831 εἴ
1801 1794 1916 1831 τινα
1940 1773 2039 1852 λῃ·

487 1862 614 1935 στὴν
650 1861 686 1935 ἣ
716 1866 1001 1943 κακοῦργρν
1040 1860 1273 1922 λάὸοιεν.
1355 1864 1677 1942 Στρατηγῶν
1724 1860 1778 1919 δὲ
1828 1857 2040 1926 Ἄνυτος

486 1952 572 2011 ἐπὶ
588 1950 774 2024 Φυλὴν
803 1952 896 2010 οὔκ
917 1949 1014 2032 ἔφη
1042 1954 1236 2032 χρῆναι
1255 1956 1419 2008 ποιεῖν
1436 1946 1621 2017 αὐτοὺς
1647 1953 1813 2007 ταῦτα
1830 1992 1846 2025 ,
1873 1946 2038 2026 λέγων

485 2038 564 2099 ὅτι
596 2037 740 2097 οὔπω
769 2038 904 2098 οὕτω
931 2038 1214 2098 διακέοιντο
1241 2034 1376 2096 ὥστε
1407 2034 1746 2118 τιμωρεῖσθαί
1769 2058 1910 2102 τινας
1933 2038 2038 2094 τῶν

485 2130 706 2209 ἐχθρῶν,
739 2127 875 2187 ἀλλὰ
895 2132 983 2187 ν’ὕν
1014 2125 1106 2205 μὲν
1134 2127 1238 2185 δεῖν
1275 2124 1458 2192 αὖτοὺς
1492 2124 1711 2206 ἡσυχίαν
1735 2123 1890 2205 ἔχειν,
1918 2123 2042 2183 εἶδέ

315 2236 320 2241 “
414 2240 464 2279 15
485 2238 610 2275 ποτε
639 2214 815 2275 οἴκαδε
855 2213 1181 2287 κατέλθοιεν,
1214 2213 1331 2273 τότε
1368 2212 1457 2274 καὶ
1498 2212 1878 2294 τιμωρήσοιντο
1922 2210 2040 2279 τοὺς

490 2304 806 2370 ἀδικοῦντας.
918 2298 1007 2381 (79)
1047 2304 1235 2361 Ταῦτα
1289 2300 1453 2378 λέγων
1499 2294 1660 2367 αῖτιος
1707 2298 1909 2379 ἐγένετο
1948 2304 2039 2358 τοῦ

488 2387 768 2473 ἄποφυγεῖν
789 2394 967 2450 τοῦτον
995 2387 1081 2448 ἐπὶ
1105 2388 1317 2461 Φυλήν·
1339 2386 1542 2469 ἀνάγκη
1571 2388 1626 2447 δὲ
1652 2380 1716 2461 ἦν
1745 2392 2039 2469 στρατηγοῦ

489 2478 669 2559 ἀνδρὸς
691 2480 995 2559 ἀκροᾶσθαι,
1024 2474 1170 2559 εἴπερ
1192 2475 1412 2555 ἔμελλον
1444 2475 1790 2549 σωθήσεσθαι.
1895 2475 2035 2535 Ἀλλ’

487 2565 676 2647 ἕτερον·
700 2565 817 2625 οὔτε
839 2564 940 2646 γὰρ
982 2563 1300 2636 συσσιτήσας
1341 2562 1510 2646 τούτῳ
1549 2562 1715 2632 οὐδεὶς
1751 2563 2041 2646 φανήσεται

488 2652 604 2715 οὔτε
634 2652 886 2727 σύσκηνος
903 2652 1198 2732 γενόμενος,
1226 2652 1341 2713 οὔτε
1361 2652 1635 2735 ταξίαρχος
1660 2656 1728 2721 εἷς
1750 2650 1844 2725 τὴν
1874 2648 2038 2735 φυλὴν

485 2740 813 2820 κατατάξας,
863 2740 979 2801 ἀλλ’
1031 2739 1207 2823 ὥσπερ
1256 2742 1506 2823 ἀλιτηρίῳ
1551 2741 1714 2809 οὐδεὶς
1758 2739 2042 2822 ἀνθρώπων

408 2854 460 2895 20
487 2831 628 2912 αὐτῷ
655 2828 930 2910 διελέγετο.
1016 2828 1127 2891 Καί
1155 2852 1244 2907 μοι
1265 2830 1415 2889 κάλει
1436 2830 1523 2889 τὸν
1545 2828 1838 2910 ταξίαρχον.

1123 2980 1387 3028 ΜΔΡΤΥΣ.

565 3126 636 3167 80.
679 3103 898 3177 Ἐπειδὴ
923 3103 979 3163 δὲ
1021 3100 1301 3181 διαλλαγαὶ
1348 3098 1473 3182 πρὸς
1512 3097 1766 3170 ἀλλήλους
1810 3096 2044 3176 ἐγένοντο

487 3194 578 3257 καὶ
603 3194 839 3277 ἔπεμψαν
868 3195 916 3253 οἱ
953 3192 1162 3253 πολῖται
1203 3194 1264 3251 ἐκ
1304 3192 1566 3269 Πειραιῶς
1606 3186 1701 3260 τὴν
1729 3183 1946 3263 πομπὴν
1976 3187 2045 3252 εἷς

489 3282 660 3356 πόλιν,
687 3285 865 3362 ἡγεῖτο
889 3280 983 3359 μὲν
1015 3279 1236 3359 Αἴσιμος
1261 3280 1362 3337 τῶν
1381 3278 1626 3348 πολιτῶν,
1655 3266 1798 3342 οὗτος
1825 3272 1880 3332 δὲ
1909 3272 2045 3331 οὕτω

487 3370 744 3451 τολμηρὸς
766 3370 857 3429 καὶ
880 3370 989 3427 ἐκεῖ
1015 3368 1230 3447 ἐγένετο·
1257 3362 1622 3438 συνηκολούθει
1644 3361 1744 3443 γὰρ
1768 3360 1948 3421 λαὸὼν
1978 3359 2044 3420 τὰ

487 3458 630 3519 ὅπλα
661 3458 752 3517 καὶ
777 3454 1076 3535 συνέπεμπε
1107 3455 1204 3529 τὴν
1248 3453 1466 3532 πομπὴν
1495 3450 1631 3530 μετὰ
1666 3455 1771 3511 τῶν
1817 3452 2044 3509 πολιτῶν

487 3546 615 3628 πρὸς
637 3544 696 3604 τὸ
719 3545 869 3606 ἄστυ.
953 3543 1039 3627 (ιιι)
1069 3543 1291 3614 Ἐπειδὴ
1321 3541 1376 3602 δὲ
1404 3538 1533 3621 πρὸς
1561 3542 1675 3607 ταῖς
1701 3539 1888 3605 πύλαις
1911 3529 2045 3611 ἦσαν

413 3656 465 3697 2⁶
489 3634 578 3695 καὶ
601 3632 772 3693 ἔθεντο
809 3631 878 3691 τὰ
903 3630 1067 3709 ὅπλα,
1108 3630 1231 3712 πρὶν
1260 3629 1472 3691 εἰσιέναι
1512 3630 1582 3695 εἰς
1622 3626 1682 3687 τὸ
1709 3626 1858 3699 ἄστυ,
1886 3629 1914 3684 ὁ
1952 3624 2044 3703 μὲν

492 3720 714 3799 Αἴσιμος
741 3718 1042 3779 αἰσθάνεται
1069 3718 1159 3780 καὶ
1189 3716 1488 3799 προσελθὼν
1525 3714 1623 3789 τήν
1645 3739 1700 3775 τε
1728 3715 1927 3773 ἀσπίδα
1956 3716 2045 3771 αὖ·

490 3815 581 3871 τοῦ
606 3809 782 3869 λαὸὼν
813 3808 1020 3889 ἔρριψε,
1067 3808 1157 3869 καὶ
1203 3806 1412 3867 ἀπιέναι
1441 3804 1707 3865 ἐκέλευσεν
1743 3805 1791 3871 ἐς
1820 3801 2049 3885 κόρακας

490 3900 551 3957 ἐκ
575 3900 677 3957 τῶν
709 3900 953 3957 πολιτῶν·
1001 3898 1060 3956 οὗ
1104 3894 1208 3977 γὰρ
1257 3894 1356 3975 ἔφη
1407 3895 1510 3953 δεῖν
1550 3890 1856 3974 ἀνδροφόνον
1890 3890 2045 3949 αὐτὸν

433 4018 436 4023 ·
489 3986 612 4047 ὄντα
642 3984 971 4065 συμπέμπειν
1001 3983 1095 4057 τὴν
1121 3982 1340 4063 πομπὴν
1369 3984 1432 4063 τῇ
1461 3982 1672 4062 Ἀθηνᾷ.
1761 3977 1947 4059 Τούτῳ
1973 3981 2046 4060 τῷ

488 4074 664 4156 τρόπῳ
689 4072 788 4133 ὑπὸ
822 4071 1045 4151 Αἰσίμου
1071 4070 1341 4147 ἀπηλάθη.
1429 4068 1528 4137 Ὣς
1575 4070 1620 4127 δ’
1651 4070 1821 4141 ἀληθῆ
1868 4065 2042 4145 λέγω,

490 4162 640 4224 κάλει
665 4186 755 4242 μοι
785 4160 902 4230 τοὺς
928 4160 1211 4245 μάρτυρας.

1087 4289 1435 4336 ΜΑΡἸῪΡΕΣ.

570 4430 641 4472 aa.
683 4408 872 4493 Τούτῳ
898 4414 975 4493 τῷ
1015 4409 1224 4493 τρόπῳ,
1253 4400 1298 4470 ὦ
1327 4409 1503 4490 ἄνδρες
1529 4404 1797 4480 δικασταί,
1833 4404 1925 4465 καὶ
1960 4406 2048 4466 ἐπὶ

413 4520 469 4562 8⁰
491 4500 648 4579 Φυλῇ
677 4498 769 4558 καὶ
797 4501 850 4557 ἐν
871 4502 1112 4579 Πειραιεῖ
1133 4498 1260 4580 πρὸς
1286 4498 1405 4565 τοὺς
1431 4494 1647 4561 πολίτας
1681 4492 1916 4555 διέκειτο·
1952 4498 2040 4555 οὗ·

491 4585 596 4654 δεὶς
613 4586 714 4666 γὰρ
733 4588 873 4668 αὐτῷ
898 4586 1154 4667 διελέγετο
1175 4590 1246 4655 ὡς
1274 4583 1566 4668 ἀνδροφόνῳ
1592 4582 1730 4657 ὄντι,
1759 4587 1848 4641 τοῦ
1887 4606 1944 4641 τε
1974 4580 2047 4659 μὴ

491 4676 766 4735 ἀποθανεῖν
809 4673 1021 4744 Ἄνυτος
1067 4675 1268 4755 ἐγένετο
1309 4676 1449 4755 αὐτῷ
1507 4665 1688 4738 αἴτιος.
1729 4694 1744 4707 ·
1769 4668 1900 4732 Ἐὰν
1958 4662 2045 4729 οὖν

489 4768 556 4845 τῇ
601 4763 685 4822 ἐπὶ
715 4762 903 4837 Φυλὴν
949 4764 1054 4847 ὁδῷ
1082 4764 1336 4844 ἀπολογία
1383 4767 1609 4844 χρῆται,
1659 4758 2047 4838 ὗπολαμὸάνειν

489 4848 596 4934 χρὴ
615 4852 662 4911 εἰ
685 4848 893 4920 Ἄνυτος
920 4854 1064 4933 αὖτῷ
1091 4850 1292 4933 ἐγένετο
1323 4849 1483 4918 αἴτιος
1514 4846 1589 4927 μὴ
1613 4850 1890 4907 ἀποθανεῖν
1918 4846 2045 4909 ἑτοί-

492 4962 602 5017 μων
639 4939 801 5000 ὄντων
821 4942 1188 5021 τιμωρεῖσθαι,
1211 4940 1302 5001 καὶ
1339 4942 1386 4999 εἷ
1413 4938 1616 5019 ἔρριψεν
1641 4937 1797 4995 αὐτοῦ
1826 4934 2049 5013 Αἴσιμος

489 5025 584 5103 τὴν
613 5028 810 5089 ἀσπίδα
833 5028 924 5088 καὶ
947 5030 1041 5088 οὔκ
1058 5027 1137 5088 εἴα
1161 5027 1294 5107 μετὰ
1313 5031 1420 5087 τῶν
1447 5027 1673 5085 πολιτῶν
1698 5022 1925 5101 πέμπειν
1953 5020 2047 5096 τὴν

414 5145 468 5187 85
491 5118 729 5197 πομπήν,
759 5117 848 5177 καὶ
868 5116 1011 5184 εἴτις
1035 5116 1190 5177 αὐτὸν
1221 5114 1497 5196 ταξίαρχος
1525 5116 1598 5181 εἰς
1635 5110 1777 5181 τάξιν
1805 5110 1924 5171 τινὰ
1950 5135 2047 5172 κα-

491 5204 714 5276 τέταξεν.

2120 625 2173 676 id
2194 629 2512 690 mementote,
2532 630 2584 678 ct
2612 627 2757 690 hujus
2787 628 2903 679 mali
2934 628 3068 691 quod
3097 628 3149 677 in
3172 641 3257 679 vos
3274 628 3490 692 patravit
3524 640 3730 693 poenas
3793 620 3795 631 ²

2124 704 2378 767 reposcite.
2443 704 2627 764 Quodsi
2674 704 2854 755 tactum
2908 703 3207 772 negaverit„
3232 704 3527 769 interrogate
3571 704 3731 755 unde

2123 778 2323 831 civitate
2344 781 2490 831 tuerit
2522 779 2759 843 donatus3
2796 784 2849 833 et
2886 782 2927 833 si
2962 781 3014 831 id
3043 784 3421 833 commonstrare
3461 784 3730 847 nequeat,

2121 859 2231 907 tum
2252 870 2339 920 pro
2360 871 2420 908 eo
2449 870 2617 921 poenas
2633 858 2808 920 exigite
2822 858 2955 923 quod
2976 862 3027 909 et
3038 860 3120 922 lus
3136 858 3312 911 dixerit
3325 896 3341 919 ,
3365 861 3416 911 et
3444 858 3732 911 concioni-

2122 930 2216 981 bus
2240 932 2533 995 interfuerit,
2574 936 2625 983 et
2660 935 2842 987 multos
2868 949 2956 998 per
2992 935 3261 987 calumnias
3300 933 3729 994 immolaverit,

2122 1021 2174 1061 se
2192 1008 2349 1071 ipsum
2375 1023 2464 1073 pro
2484 1011 2589 1061 cive
2611 1011 2887 1064 Atheniensi
2903 1014 3181 1065 inscribens.

2188 1088 2267 1135 77.
2301 1086 2456 1138 Audio
2477 1089 2641 1139 autem
2658 1091 2707 1139 et
2728 1089 2851 1139 hanc
2868 1103 3062 1154 quoque
3080 1090 3160 1141 isti
3182 1089 3512 1141 defensionem
3551 1101 3731 1153 para·

2124 1163 2227 1213 tam
2240 1176 2362 1227 esse,
2382 1164 2515 1227 quod
2531 1175 2709 1230 nempe
2728 1167 2911 1231 Phylen
2927 1168 3132 1231 venerit,
3156 1170 3207 1219 et
3230 1167 3344 1219 iude
3360 1168 3578 1219 redierit
3598 1179 3735 1216 cum

2126 1240 2323 1303 ceteris3
2362 1246 2511 1307 atque
2540 1244 2636 1293 hoe
2658 1244 2793 1307 quasi
2825 1246 3035 1296 maximo
3055 1260 3217 1297 musae
3238 1247 3559 1297 firmamento
3592 1258 3736 1295 usu-

2126 1331 2253 1370 rum.
2318 1323 2411 1371 nes
2426 1322 2591 1371 autem
2617 1321 2711 1372 fuit
2733 1322 3026 1386 hujusmodi.
3106 1324 3255 1376 Venit
3275 1325 3364 1376 iste
3380 1325 3589 1388 Phylen
3612 1323 3735 1387 (at-

2124 1396 2209 1459 qui
2237 1397 2479 1460 quomodo
2508 1398 2587 1447 vir
2603 1402 2764 1462 posset
2780 1400 2983 1464 nequior
3014 1414 3143 1465 asse,
3164 1416 3309 1466 quam
3326 1402 3368 1453 is
3392 1403 3483 1467 qui
3497 1439 3515 1467 ,
3542 1414 3733 1466 quum

2124 1476 2270 1525 sciret
2290 1487 2393 1526 esse
2412 1475 2475 1525 ad
2497 1476 2681 1540 Phylen
2701 1490 2871 1528 eorum
2906 1479 3167 1530 nonnullos
3196 1480 3277 1543 qui
3314 1476 3399 1544 per
3414 1482 3599 1544 ipsum
3632 1491 3732 1542 pa·

2124 1550 2219 1601 tria
2239 1552 2546 1616 exciderunt,
2566 1556 2618 1603 in
2635 1550 2810 1605 horum
2836 1556 3003 1606 tamen
3020 1560 3331 1619 conspectum
3352 1558 3525 1608 venire
3552 1556 3733 1607 susti·

2124 1629 2289 1693 nuit?)
2312 1644 2325 1678 ε
2346 1629 2448 1694 (78)
2472 1634 2524 1681 at
2540 1631 2625 1681 ubi
2646 1646 2759 1683 eum
2776 1635 2891 1683 sunt
2907 1635 3168 1698 conspicati
3182 1671 3197 1697 ,
3216 1636 3449 1686 continuo
3468 1648 3729 1697 compre·

2126 1706 2330 1757 hensum
2352 1720 2410 1757 eo
2436 1708 2595 1772 palam
2632 1709 2883 1762 adducunt
2913 1711 2977 1762 ad
2998 1711 3285 1775 supplicium
3298 1750 3315 1777 ,
3332 1713 3415 1763 ubi
3434 1713 3573 1763 alios
3603 1726 3733 1775 sup-

2126 1785 2271 1849 plicio
2288 1786 2482 1838 allicere
2502 1790 2753 1853 solebant,
2772 1791 2815 1841 si
2835 1805 2983 1855 quem
3006 1796 3094 1842 aut
3112 1794 3265 1842 turem
3296 1794 3382 1843 aut
3412 1791 3733 1843 maleficum

2126 1867 2607 1930 comprehendissent.
2629 1874 2813 1921 Verum
2831 1874 3015 1935 Anytus
3031 1874 3115 1936 qui
3131 1871 3192 1923 ad
3208 1872 3389 1936 Phylen
3402 1872 3728 1937 Imperabat,

2124 1945 2317 2006 negavit
2330 1945 2439 1996 haec
2456 1947 2523 1997 ita
2545 1946 2650 1998 fieri
2671 1952 2919 2013 oportere,
2938 1950 3069 2012 quod
3100 1951 3317 2002 nondum
3334 1965 3391 2002 ea
3412 1952 3735 2003 conditione
3792 1934 3795 1977 ¹

2126 2024 2285 2073 essent
2316 2025 2375 2075 ut
2408 2037 2573 2087 poenas
2602 2028 2873 2089 repeterent.
2905 2026 2969 2077 ab
3004 2027 3237 2091 inimicis3
3270 2029 3362 2081 sed
3406 2040 3553 2079 nunc
3598 2028 3735 2091 ipsis

2128 2099 2339 2163 quietem
2381 2101 2615 2164 agendam
2654 2116 2757 2153 esse
2797 2123 2810 2154 ι
2848 2104 3021 2167 quodsi
3058 2105 3255 2169 quando
3284 2106 3492 2157 domum
3540 2108 3735 2157 oesent
3792 2142 3795 2157 .

2132 2178 2370 2227 reversuri
2387 2216 2403 2242 ,
2430 2181 2549 2230 tunc
2578 2180 2820 2243 integrum
2856 2184 2982 2233 esset
3016 2181 3079 2232 de
3106 2182 3399 2234 nefariorum
3438 2184 3735 2233 hominum

2128 2259 2287 2325 capite
2305 2262 2536 2312 statuere.
2627 2263 2726 2326 (79)
2748 2266 2865 2314 llaec
2884 2263 3013 2314 illius
3030 2265 3185 2315 oratio
3200 2266 3278 2316 isti
3293 2266 3465 2316 salutis
3486 2265 3557 2315 ad
3582 2266 3735 2329 Phy-
3792 2300 3795 2337 3

2129 2345 2207 2396 len
2228 2360 2371 2397 causa
2397 2348 2493 2399 suit
2523 2362 2768 2413 :namque
2788 2350 3041 2413 oportebat
3057 2350 3234 2401 milites
3254 2351 3578 2414 imperatoris
3606 2362 3739 2401 con·
3793 2377 3795 2448 γ

2129 2430 2237 2481 silio
2262 2432 2619 2499 obtemperare,
2657 2436 2699 2486 si
2726 2435 2850 2486 salvi
2882 2448 2985 2487 csse
3018 2435 3217 2486 vellent.
3282 2435 3378 2487 Sed
3416 2437 3569 2488 aliud
3604 2436 3739 2488 huic
3792 2454 3795 2499 i

2130 2530 2285 2581 poenae
2320 2534 2468 2585 genus
2498 2523 2779 2575 inflixerunt
2814 2526 3017 2591 :nullus
3050 2525 3182 2575 enim
3216 2524 3345 2576 visus
3374 2526 3451 2576 est
3486 2524 3589 2589 qui
3626 2537 3738 2575 una

2131 2614 2243 2653 cum
2265 2616 2325 2654 eo
2360 2605 2521 2656 cibum
2551 2610 2743 2670 caperet
2757 2644 2774 2671 ,
2802 2607 2968 2659 nullus
3010 2607 3095 2671 qui
3126 2607 3217 2658 sub
3254 2608 3421 2659 eodem
3461 2607 3738 2659 habitaret
3792 2604 3795 2671 ἔ

2131 2686 2464 2752 tabernaculo,
2510 2702 2671 2753 neque
2702 2690 2911 2741 eundem
2960 2690 3239 2741 taxiarchus
3269 2692 3358 2742 ulli
3400 2691 3581 2742 ordini
3633 2691 3731 2742 ad·
3793 2674 3795 2681 ¹

2132 2772 2531 2839 scripsit3verum
2551 2779 2884 2843 unusquisque
2908 2792 3022 2829 eum
3043 2781 3274 2842 tanquam
3292 2779 3553 2843 piaculum
3576 2792 3733 2831 aver-

2132 2857 2342 2910 sabatur.
2410 2862 2469 2910 Et
2484 2861 2601 2911 mihi
2624 2874 2743 2913 voca
2765 2862 3085 2913 taxiarchum.

2792 3000 3023 3043 TESTIS.

2198 3120 2274 3163 8ο.
2311 3113 2625 3177 Posteaquam
2642 3117 2808 3167 autem
2826 3118 3037 3168 urbanos
3067 3118 3192 3169 inter
3210 3118 3260 3169 et
3290 3118 3565 3170 Piroeenses
3590 3104 3727 3170 inita
3792 3106 3795 3183 ξ

2135 3214 2249 3263 sunt
2270 3217 2535 3279 conventa,
2559 3217 2609 3267 et
2633 3217 2762 3267 cives
2782 3230 2845 3267 ex
2872 3217 3051 3268 Piraeeo
3088 3218 3274 3269 solenni
3310 3232 3423 3269 eum
3446 3232 3653 3283 pompa
3678 3220 3735 3270 in
3792 3186 3795 3241 f

2136 3312 2305 3363 urbem
2333 3316 2649 3377 perrexerunt
2664 3352 2679 3379 ,
2701 3314 2912 3379 ipsorum
2934 3314 3059 3365 duce
3077 3316 3276 3379 AEsimo,
3304 3316 3394 3367 iste
3414 3317 3487 3367 ibi
3510 3332 3737 3383 quoque

2136 3409 2385 3460 audaciam
2398 3410 2692 3475 exprompsit
2708 3424 2862 3462 suam.
2930 3413 3146 3477 Sumptis
3174 3413 3507 3499 enim-armis,
3534 3414 3736 3465 cetenis
3793 3390 3795 3395 Ι

2136 3520 2188 3557 se
2209 3508 2457 3570 adjuant,
2490 3510 2541 3559 et
2574 3522 2671 3559 una
2698 3522 2809 3559 cum
2837 3510 3023 3560 civibus
3058 3524 3281 3575 pompam
3314 3511 3375 3561 ad
3408 3511 3595 3562 urbem
3634 3524 3736 3561 co·-

2140 3610 2409 3661 mitabatur.
2426 3611 2523 3674 (81)
2534 3610 2627 3661 Ubi
2646 3624 2759 3662 vero
2772 3611 2875 3675 jam
2892 3612 3042 3675 portis
3053 3613 3503 3677 appropinquabant
3514 3652 3531 3676 ,
3553 3616 3732 3677 atque

2138 3727 2272 3763 arma
2292 3726 2494 3777 posuere
2515 3714 2794 3779 priusquam
2820 3716 2990 3765 urbem
3014 3714 3247 3767 intrarent
3259 3753 3276 3780 ,
3294 3716 3441 3767 sensit
3456 3718 3699 3770 &imus
3715 3757 3733 3784 ,

2138 3812 2477 3875 hominemque
2496 3812 2752 3875 accedens,
2776 3814 2969 3864 scutum
2991 3812 3097 3875 eius
3114 3815 3363 3876 arreptum
3395 3814 3620 3878 proiecit
3634 3852 3653 3877 ,
3671 3821 3729 3869 et

2138 3918 2251 3955 eum
2288 3905 2339 3955 in
2373 3906 2547 3956 malam
2568 3918 2669 3956 rem
2708 3905 2841 3957 abire
2862 3905 3003 3968 iussit
3032 3920 3096 3957 ex
3131 3906 3317 3957 civibus
3340 3927 3355 3955 ι
3377 3921 3540 3971 neque
3576 3910 3733 3961 enim

2139 3999 2262 4051 dixit
2274 4001 2493 4062 oportere
2504 3998 2794 4050 homicidam
2804 4000 2855 4049 in
2876 4012 3052 4063 pompa
3070 4000 3143 4050 ire
3160 4013 3276 4050 cum
3290 4001 3460 4051 ceteris
3470 4000 3733 4052 Miner-vm

2136 4092 2531 4144 sacrificaturum.
2596 4094 2701 4143 Hoc
2724 4093 2865 4155 pacto
2882 4092 2946 4143 ab
2971 4092 3151 4143 AEsimo
3168 4093 3383 4156 repulsus
3406 4094 3497 4143 est.
3592 4094 3732 4156 noge

2139 4200 2253 4238 vera
2270 4200 2371 4238 esse
2392 4188 2455 4238 ut·
2474 4187 2687 4250 constet,
2707 4198 2829 4237 voca
2848 4186 2967 4236 mihi
2982 4188 3142 4237 testas.

2796 4294 3037 4337 TESTES.

2200 4412 2278 4458 82.
2312 4409 2386 4459 lta
2402 4420 2513 4470 erga
2536 4406 2677 4457 istum
2689 4442 2705 4469 ,
2726 4405 2937 4469 judices,
2958 4406 3006 4455 et
3021 4402 3083 4455 ad
3104 4403 3285 4467 Phylen
3302 4406 3352 4454 et
3372 4403 3421 4453 in
3441 4404 3649 4455 Piraeeo
3668 4419 3728 4456 se

2138 4498 2267 4548 cives
2304 4497 2531 4548 habuere.
2596 4499 2719 4547 curn
2754 4508 2812 4545 eo
2852 4496 3011 4557 enim,
3044 4494 3213 4558 utpote
3246 4492 3485 4544 homicida
3500 4530 3515 4555 ,
3556 4507 3727 4547 nemo

2137 4598 2408 4637 sermonem
2446 4585 2750 4647 oenrerehat5
2796 4583 2927 4648 quod
2971 4596 3088 4633 vero
3126 4584 3334 4633 mortem
3368 4582 3631 4647 effugerit,
3666 4583 3725 4634 in

2138 4688 2282 4726 causa
2308 4676 2399 4726 fult
2430 4678 2629 4738 Anytus.
2652 4676 2823 4737 ltaque
2852 4675 2891 4723 si
2928 4672 3225 4737 profectione
3247 4672 3311 4722 ad
3330 4671 3514 4735 Phylen
3544 4684 3605 4721 se
3624 4672 3725 4723 de·

2137 4763 2331 4815 rendere
2347 4765 2553 4827 sataget,
2569 4764 2677 4814 haee
2690 4762 2733 4813 ei
2751 4762 2985 4826 subjicere
3002 4764 3295 4812 mementote
3306 4798 3321 4823 ,
3338 4762 3509 4810 utrum
3520 4760 3725 4813 scilicet

2138 4855 2325 4917 Anytus
2345 4864 2459 4903 eum
2482 4866 2511 4901 a
2538 4852 2731 4916 capitali
2766 4852 3001 4915 supplicio
3025 4850 3330 4913 liberaverit,
3367 4862 3521 4914 quum
3554 4850 3725 4901 ceteri

2139 4942 2292 5005 parati
2318 4942 2476 4993 essent
2509 4940 2572 4991 ad
2596 4953 2764 5004 poenas
2798 4939 3105 5003 repetendas
3146 4941 3313 4988 utrum
3344 4936 3560 4988 AEsimus
3604 4944 3721 5001 ejus

2137 5033 2331 5082 scutum
2352 5030 2632 5095 projecerit,
2658 5042 2870 5093 eumque
2894 5042 2991 5079 non
3014 5027 3178 5078 siverit
3212 5027 3261 5076 in
3292 5038 3469 5089 pompa
3501 5039 3721 5090 pergere

2136 5134 2249 5171 cum
2304 5120 2515 5183 civibus;
2565 5120 2730 5170 utrum
2774 5118 2981 5183 denique
3032 5113 3309 5166 taxiarchus
3351 5114 3512 5178 ipsum
3563 5115 3721 5166 alicui

2136 5209 2294 5260 ordini
2314 5208 2601 5273 ascripserit.
