3825 5842
132 498 431 581 (⁷⁴⁴-⁷⁸⁰)

126 618 345 691 ταύτης,
362 616 429 689 ἣν
444 614 511 675 ἂν
529 612 793 696 ἀφέλησθέ
808 634 899 691 με,
915 608 1295 689 κινδυνεύσαιμ’
1320 608 1383 669 ἂν
1396 610 1495 671 ὕπὸ
1510 615 1575 693 τῇ
1590 613 1708 673 δυσ·

138 704 447 788 χερεστάτῃ
481 701 725 783 γενέσθαι
762 699 920 781 τύχῃ.
1004 698 1071 781 (7)
1104 697 1199 774 Μὴ
1225 698 1418 779 τοίνυν,
1442 699 1620 773 ἐπειδή
1649 724 1709 780 γε

146 795 315 868 ἔστιν,
340 782 391 853 ὃ
418 790 615 873 βουλή,
636 788 809 851 σῶσαί
832 812 897 867 με
922 786 1153 867 δικαίως,
1178 786 1473 860 ἀπολέσητε
1497 788 1711 859 ἀδίκως·

144 879 289 959 μηδὲ
308 880 343 939 ἃ
370 878 609 960 νεωτέρῳ
636 876 947 954 καὶμᾶλλον
968 874 1245 965 ἐρρωμένῳ
1262 875 1371 933 ὄντι
1398 874 1539 935 ἔδοτε
1556 920 1573 949 ,
1592 899 1713 958 πρε·

144 968 403 1049 σὸύτερον
428 966 523 1027 καὶ
550 964 913 1046 ἀσθενέστερον
937 962 1239 1043 γιγνόμενον
1272 962 1549 1044 ἀφέλησθε·
1574 965 1711 1043 μηδὲ

140 1058 403 1137 πρότερον
430 1055 525 1115 καὶ
551 1053 673 1135 περὶ
699 1050 817 1118 τοὺς
843 1050 991 1111 οὖδὲν
1015 1050 1231 1131 ἔχοντας
1256 1052 1417 1111 κακὸν
1446 1052 1712 1130 ἐλεημονέ-

140 1168 327 1205 στατοι
364 1147 631 1211 δοκοῦντες
666 1132 826 1215 εἶναι,
855 1139 965 1199 νυνὶ
1004 1139 1088 1199 διὰ
1120 1144 1297 1199 τοῦτον
1330 1139 1446 1208 τοὺς
1478 1139 1568 1201 καὶ
1606 1148 1714 1207 τοῖς

66 1258 117 1297 ω
142 1234 349 1310 ἐχθροῖς
386 1227 637 1297 ἐλεεινοὺς
663 1226 814 1292 ὄντας
838 1226 1039 1308 θοἰγρίως
1066 1224 1383 1299 ἀποδέξησθε
1400 1244 1415 1260 ·
1446 1228 1569 1305 μηδ’
1618 1226 1712 1306 ἐμὲ

140 1316 503 1395 τολμήσαντες
522 1318 769 1388 ἀδικῆσαι
794 1312 1018 1380 καὶτοὺς
1042 1312 1230 1381 ἄλλους
1248 1311 1365 1381 τοὺς
1389 1312 1575 1391 ὁμοίως
1593 1313 1711 1393 ἐμοὶ

142 1406 293 1465 διακε
389 1428 507 1473 νους
525 1407 791 1483 ἀθυμῆσαι
808 1401 1081 1475 ποιήσητε.
1112 1400 1310 1562 (εᾶΚαὶ
1326 1400 1427 1483 γὰρ
1442 1399 1504 1461 ἂν
1518 1401 1710 1463 ἄτοπον

142 1493 225 1567 εἴη
242 1539 261 1567 ,
282 1518 331 1552 ω
354 1492 523 1573 βουλή
538 1536 557 1566 ,
582 1494 628 1551 εἰ
648 1490 735 1553 ὅτε
759 1490 853 1569 μὲν
879 1489 1022 1561 ἁπλῆ
1048 1512 1137 1568 μοι
1191 1513 1220 1547 ν
1244 1494 1281 1562 ἡ
1305 1488 1576 1572 συμφορά,
1594 1488 1712 1549 τότε

143 1581 241 1659 μὲν
306 1578 596 1661 φαινοίμην
647 1578 937 1655 λαμὸάνων
988 1576 1047 1637 τὸ
1098 1577 1337 1658 ἀργύριον
1392 1582 1575 1655 τοῦτο,
1622 1582 1709 1636 νῦν

142 1670 188 1727 δ’
208 1666 401 1739 ἐπειδὴ
428 1668 521 1727 καὶ
553 1671 718 1748 γῆρας
750 1666 843 1727 καὶ
868 1665 1008 1726 νόσοι
1028 1662 1121 1724 καὶ
1146 1663 1215 1724 τὰ
1249 1662 1447 1735 τούτοις
1482 1664 1710 1744 ἑπόμενα

50 1754 289 1825 lemme&
328 1754 669 1837 προσγίνεταί
706 1778 796 1831 μοι
814 1799 833 1833 ,
862 1752 976 1815 τότε
1015 1753 1369 1834 ἀφαιρεθείην.
1456 1755 1519 1837 (9)
1551 1754 1712 1817 Δοκεῖ

144 1845 201 1901 δέ
222 1866 321 1921 μοι
346 1847 441 1915 τῆς
468 1841 646 1911 πενίας
672 1846 765 1915 τῆς
794 1844 924 1920 ἐμῆς
945 1839 1004 1900 τὸ
1033 1840 1245 1918 μέγεθος
1266 1843 1297 1903 ,ὁ
1324 1841 1611 1921 κατήγορος
1647 1839 1710 1899 ἂν

138 1928 405 2000 ἐπιδεῖξαι
426 1930 730 2011 σαφέστατα
751 1930 903 2009 μόνος
921 1927 1224 2009 ἀνθρώπων.
1264 1930 1331 1989 Εἰ
1354 1926 1455 2009 γὰρ
1478 1929 1581 2009 ἐγὼ
1608 1952 1705 1989 κα·

142 2018 425 2087 τασταθεὶς
446 2018 673 2099 χορηγὸς
698 2018 983 2099 τραγῳδοῖς
1009 2009 1438 2098 προκαλεσαίμην
1468 2016 1619 2077 αὐτὸν
1642 2019 1713 2085 ε’ίς

144 2108 433 2181 ἀντίδοσιν,
463 2106 669 2175 δεκάκις
691 2106 756 2166 ἂν
777 2106 945 2166 ἕλοιτο
964 2108 1265 2187 χορηγῆσαι
1290 2108 1487 2182 μᾶλλον
1514 2104 1713 2178 ἢάντι-

143 2197 331 2255 mut
358 2192 523 2263 ἅπαξ.
568 2194 680 2255 Καὶ
700 2198 815 2261 πῶς
840 2196 898 2252 οὗ
918 2192 1077 2253 δεινόν
1106 2197 1215 2254 ἐστι
1238 2198 1328 2253 νῦν
1354 2193 1450 2271 μὲν
1484 2217 1714 2273 κατηγο-

84 2310 110 2349 ι
148 2292 255 2363 ρεῖν
286 2286 362 2350 ὥς
390 2280 479 2341 διὰ
500 2282 701 2353 πολλὴν
731 2280 974 2359 εὐπορίαν
1002 2280 1054 2350 ἐξ
1088 2279 1203 2340 ἴσου
1232 2280 1457 2359 δύναμαι
1486 2290 1711 2343 συνεῖναι

142 2371 249 2438 τοῖς
276 2368 719 2443 πλουσιωτάτοις,
749 2372 795 2427 εἰ
833 2368 886 2428 δὲ
914 2362 985 2429 ὧν
1014 2367 1118 2447 ἐγὼ
1144 2368 1283 2448 λέγω
1310 2368 1459 2449 τύχοι
1490 2394 1539 2429 τι
1564 2369 1712 2449 γενό-

144 2478 327 2534 μενον,
347 2461 581 2517 τοιοῦτον
612 2448 744 2516 εἶναι
766 2455 855 2515 καὶ
882 2455 957 2515 ἔτι
988 2456 1356 2537 πονηρότερον;
1612 2528 1621 2535 .

220 2563 296 2604 ιο.
342 2543 484 2626 Περὶ
511 2544 567 2603 δὲ
594 2548 686 2616 τῆς
726 2546 855 2621 ἐμῆς
891 2546 1138 2621 ἱππικῆς,
1178 2536 1241 2616 ἥς
1278 2536 1423 2613 οὗτος
1458 2544 1711 2623 ἐτόλμησε

144 2635 447 2709 μνησθῆναι
468 2631 599 2714 πρὸς
617 2635 753 2708 ὑμᾶς
771 2677 789 2708 ,
811 2630 929 2690 οὔτε
952 2629 1045 2702 τὴν
1062 2628 1227 2709 τύχην
1249 2629 1419 2697 δείσας
1437 2629 1555 2690 οὔτε
1577 2634 1713 2710 ὑμᾶς

144 2718 477 2798 αἰσχυνθείς,
507 2722 567 2778 οὗ
608 2716 768 2786 πολὺς
806 2722 834 2777 ὁ
859 2716 1025 2796 λόγος.
1108 2715 1253 2798 Ἐγὼ
1280 2718 1411 2799 γάρ,
1434 2708 1479 2778 ὦ
1517 2720 1710 2799 βουλή,

143 2806 350 2875 πάντας
371 2796 527 2880 οἶμαι
554 2804 674 2874 τοὺς
695 2804 908 2885 ἔχοντάς
933 2830 985 2864 τι
1014 2804 1325 2886 δυστύχημα
1348 2812 1577 2866 τοιοῦτον
1610 2813 1709 2889 ῥα-

145 2893 349 2967 στώνην
372 2894 494 2954 τινὰ
520 2896 689 2966 ζητεῖν
714 2895 805 2953 καὶ
832 2900 980 2954 τοῦτο
1002 2896 1316 2977 φιλοσοφεῖν,
1336 2891 1478 2963 ὅπως
1498 2898 1571 2963 ὥς
1590 2897 1712 2955 ἀλυ-

84 3003 125 3043 ιε
146 2984 354 3042 πότατα
380 2988 838 3064 μεταχειριοῦνται
858 2982 918 3041 τὸ
941 2981 1270 3061 συμὸεὸηκὸς
1291 2982 1469 3051 πάθος.
1511 2973 1617 3042 Ὧν
1641 2974 1712 3051 εἷς

142 3070 241 3149 ἐγώ
258 3117 277 3145 ,
335 3071 433 3131 καὶ
484 3068 894 3151 περιπεπτωκὼς
947 3070 1161 3151 τοιαύτῃ
1214 3080 1458 3151 συμφορᾷ
1514 3070 1709 3145 ταύτην

144 3162 359 3241 ἐμαυτῷ
386 3158 662 3240 ῥαστώνην
678 3156 879 3236 ἐξεῦρον
900 3160 970 3225 εἰς
986 3156 1077 3224 τὰς
1097 3157 1244 3226 ὁδοὺς
1267 3158 1360 3226 τὰς
1384 3158 1711 3243 μακροτέρας

142 3250 243 3305 τῶν
272 3245 601 3325 ἀναγκαίων.
644 3245 733 3326 (ιι)
761 3244 839 3307 Ὃ
863 3243 916 3304 δὲ
941 3245 1204 3324 μέγιστον,
1230 3236 1275 3305 ὦ
1301 3246 1490 3327 βουλή,
1513 3247 1710 3326 τεκμή-

146 3358 249 3413 ριον
280 3334 365 3394 ὅτι
394 3333 485 3393 διὰ
512 3332 605 3405 τὴν
636 3332 906 3414 συμφορὰν
949 3334 1065 3391 ἀλλ’
1098 3336 1155 3393 οὔ
1187 3332 1273 3393 διὰ
1305 3334 1400 3405 τὴν
1438 3333 1605 3414 ὕὸριν,
1642 3340 1712 3403 ὣς

144 3414 287 3490 οὗτός
324 3444 515 3504 φησιν,
552 3420 642 3480 ἐπὶ
678 3420 797 3489 τοὺς
828 3416 1018 3488 ἵππους
1057 3421 1354 3501 ἀναὸαίνω,
1391 3420 1563 3505 ῥᾴδιόν
1600 3426 1710 3483 ἐστι

140 3516 348 3585 μαθεῖν.
434 3510 505 3569 Εἰ
539 3506 641 3589 γὰρ
682 3506 976 3583 ἐκεκτήμην
1000 3508 1200 3583 οὐσίαν,
1226 3509 1307 3568 ἐπ’
1340 3510 1607 3590 ἀστράὸης
1644 3511 1707 3571 ἂν

140 3594 419 3676 ὠχούμην,
444 3595 564 3654 ἀλλ’
585 3596 679 3654 οὔκ
708 3594 795 3653 ἐπὶ
817 3593 934 3662 τοὺς
959 3594 1256 3677 ἀλλοτρίους
1278 3593 1466 3664 ἵππους
1494 3594 1708 3657 ἀνέὸαι-

77 3711 117 3748 15
138 3707 243 3742 νον·
272 3684 395 3743 νυνὶ
418 3684 463 3743 δ’
485 3682 665 3755 ἐπειδὴ
683 3687 911 3743 τοιοῦτον
931 3684 989 3743 οὗ
1014 3682 1243 3759 δύναμαι
1265 3683 1585 3760 κτήσασθαι,
1606 3687 1712 3754 τοῖς

139 3769 433 3851 ἀλλοτρίοις
450 3769 631 3839 ἵπποις
655 3770 1015 3848 ἀναγκάζομαι
1038 3774 1273 3881 χρῆσθαι
1289 3770 1561 3839 πολλάκις.
1615 3774 1705 3853 (12)

136 3857 337 3918 Καίτοι
362 3860 476 3926 πῶς
504 3860 602 3918 οὐκ
628 3856 821 3917 ἄτοπόν
846 3860 1006 3936 ἐστιν,
1032 3882 1077 3917 ω
1102 3857 1300 3936 βουλή,
1327 3864 1507 3918 τοῦτον
1536 3858 1707 3933 αὐτόν,

136 3947 177 4003 εἷ
212 3944 315 4022 μὲν
347 3943 433 4003 ἐπ’
465 3944 735 4025 ἀστράὸης
774 3942 1054 4024 ὀχούμενον
1083 3943 1219 4026 ἑώρα
1250 3968 1316 4021 με
1334 3990 1351 4024 ,
1380 3954 1601 4019 σιωπᾶν,
1625 3945 1710 4027 (τί

134 4030 239 4112 γὰρ
270 4030 336 4089 ἂν
369 4032 464 4091 καὶ
494 4030 667 4119 ἔλεγεν
686 4034 739 4109 ;)
770 4032 848 4090 ὅτι
877 4031 921 4089 δ’
950 4030 1037 4090 ἐπὶ
1064 4032 1184 4099 τοὺς
1208 4032 1497 4111 ᾐτημένους
1519 4029 1709 4101 ἵππους

136 4118 414 4177 ἀναὸαίνω
435 4164 454 4192 ,
492 4124 772 4200 πειρᾶσθαι
807 4118 998 4178 πείθειν
1045 4122 1185 4198 ὑμᾶς
1218 4122 1289 4187 ὣς
1328 4120 1541 4188 δυνατὸς
1572 4120 1708 4197 εἴην,

132 4207 225 4264 καὶ
258 4206 344 4265 ὅτι
384 4206 485 4285 μὲν
512 4208 651 4266 δυοῖν
695 4206 1005 4288 βακτηρίαιν
1031 4210 1247 4289 χρῶμαι
1271 4211 1375 4267 τῶν
1402 4208 1575 4268 ἄλλων
1611 4218 1708 4291 μιᾷ

130 4294 455 4375 χρωμένων,
485 4292 559 4371 μὴ
583 4295 889 4375 κατηγορεῖν
912 4298 981 4363 ὡς
998 4296 1091 4355 καὶ
1112 4300 1265 4355 τοῦτο
1284 4298 1386 4355 τῶν
1410 4296 1706 4373 δυναμένων

70 4406 111 4445 au
132 4382 299 4441 ἐστίν·
330 4381 415 4441 ὅτι
434 4382 483 4441 δ’
501 4382 589 4440 ἐπὶ
610 4382 727 4449 τοὺς
746 4377 934 4451 ἵππους
957 4382 1226 4442 ἀναὸαίνω
1241 4427 1259 4457 ,
1286 4383 1556 4466 τεκμηρίῳ
1576 4390 1705 4466 χρῆ·

134 4474 260 4527 σθαι
294 4468 432 4550 πρὸς
460 4472 596 4547 ὑμᾶς
633 4474 703 4538 ὡς
730 4469 838 4549 εἰμὶ
866 4474 967 4529 τῶν
1005 4469 1331 4549 δυναμένων;
1366 4463 1440 4539 οἷς
1479 4471 1581 4552 ἐγὼ
1621 4472 1707 4533 διὰ

132 4556 229 4628 τὴν
260 4556 434 4629 αὐτὴν
464 4555 633 4616 αἰτίαν
661 4556 965 4640 ἀμφοτέροις
985 4562 1218 4640 χρῶμαι.

218 4664 289 4704 13.
341 4648 607 4705 Τοσοῦτον
638 4644 693 4703 δὲ
725 4644 1013 4727 διενήνοχεν
1044 4646 1381 4728 ἀναισχυντίᾳ
1412 4650 1513 4706 τῶν
1539 4645 1703 4706 ἇπάν·

135 4756 236 4791 των
262 4735 359 4791 ἀνθ
411 4731 428 4756 '
528 4756 574 4806 ν,
605 4730 741 4791 ὥστε
770 4736 905 4811 ὑμᾶς
930 4742 1175 4814 πειρᾶται
1202 4732 1415 4808 πείθειν,
1438 4734 1706 4804 τοσούτους

140 4818 287 4885 ὄντας
313 4842 339 4877 ε
364 4844 387 4887 ς
406 4816 501 4891 ὧν,
520 4821 591 4886 ὣς
620 4822 712 4879 οὔκ
736 4820 847 4897 εἰμὶ
874 4823 977 4879 τῶν
1006 4822 1273 4882 ἀδυνάτων
1308 4820 1430 4901 ἐγώ.
1514 4818 1705 4882 Καίτοι

142 4909 183 4965 εἰ
201 4911 359 4966 τοῦτο
378 4906 553 4965 πείσει
567 4906 711 4975 τινὰς
733 4910 900 4987 ὑμῶν,
923 4898 967 4968 ὦ
989 4909 1187 4988 βουλή,
1206 4908 1259 4968 τί
1282 4932 1348 4985 με
1370 4908 1559 4968 κωλύει
1577 4912 1705 4984 κλη·

146 4998 351 5073 ροῦσθαι
376 4996 484 5053 τῶν
519 4993 667 5053 ἐννέα
701 4995 986 5076 ἀρχόντων,
1009 4996 1101 5055 καὶ
1127 5000 1264 5074 ὑμᾶς
1291 4998 1417 5074 ἐμοῦ
1456 4998 1551 5075 μὲν
1580 5000 1705 5079 ἀφε-

80 5103 123 5143 25
143 5079 315 5140 λέσθαι
337 5080 431 5141 τὸν
452 5080 643 5141 ὀδελὸν
656 5084 727 5150 ὣς
751 5082 1063 5162 ὑγιαίνοντος
1076 5128 1094 5161 ,
1113 5082 1281 5164 τούτῳ
1304 5082 1358 5143 δὲ
1380 5083 1705 5166 ψηφίσασθαι

145 5167 331 5238 πάντας
350 5172 426 5237 ὥς
448 5167 738 5253 ἀναπήρῳ;
766 5172 824 5229 οὗ
845 5170 950 5253 γὰρ
972 5170 1139 5243 δήπου
1165 5171 1253 5230 τὸν
1272 5171 1425 5231 αὐτὸν
1448 5172 1593 5249 ὑμεῖς
1609 5170 1703 5250 μὲν

148 5260 209 5324 ὣς
232 5256 520 5339 δυνάμενον
550 5256 904 5341 ἀφαιρήσεσθε
928 5256 989 5319 τὸ
1015 5258 1299 5339 διδόμενον,
1326 5262 1373 5319 οἱ
1402 5258 1455 5319 δὲ
1482 5261 1552 5325 ὡς
1578 5256 1705 5317 ἀδύ-

1230 490 1481 555 LYslAE
1522 493 1651 555 OB.
1698 494 1851 555 PRO
1895 493 2292 557 INVALIDO.

3241 513 3346 567 201

1800 612 1881 663 tus
1906 630 1920 662 ι
1945 626 2090 677 quem
2122 613 2164 663 si
2193 614 2441 679 adimatis‚
2465 614 2732 679 periculum
2751 617 2845 669 erit
2873 631 2938 671 ne
2964 618 3230 675 tristissima
3263 639 3354 690 op-

1800 700 1981 765 primar
1998 702 2203 753 fortuna.
2223 702 2290 767 (7)
2311 704 2470 755 Nolite
2491 703 2655 767 igitur,
2674 706 2946 770 senatores,
2966 720 3120 773 quum
3150 724 3230 762 me
3242 712 3354 775 iure

1798 802 1992 841 servare
2009 792 2226 855 possitis,
2243 806 2322 842 me
2343 790 2520 855 injuria
2535 793 2766 857 perdere;
2785 808 2944 859 neque
2961 810 3018 848 ea
3047 812 3160 861 quae
3174 801 3354 864 iuniori

1799 879 1849 928 et
1866 879 2120 929 valentiori
2140 879 2366 944 dedistis,
2387 880 2488 943 iam
2506 881 2680 931 seniori
2709 883 2760 933 et
2775 881 2997 935 debiliori
3025 887 3225 951 eripere.
3251 892 3352 942 No-

1799 966 1883 1017 lite
1903 980 2020 1031 vos,
2059 968 2144 1031 qui
2178 968 2312 1019 nulla
2332 969 2606 1021 calamitate
2629 984 2878 1035 oppressos
2907 973 3185 1027 humaniter
3215 978 3353 1029 exci-

1800 1068 1915 1119 pere
1932 1055 2067 1118 prius
2093 1056 2432 1121 consuevistis,
2452 1057 2620 1122 hodie,
2641 1059 2758 1110 huic
2786 1063 3139 1126 auscultantes,
3177 1077 3260 1115 eos
3281 1067 3356 1117 in-

1801 1142 2063 1194 clementer
2077 1144 2288 1195 tractare
2315 1146 2403 1211 qui
2419 1146 2496 1196 v'el
2524 1146 2586 1196 ab
2604 1147 2808 1199 inimicis
2823 1149 3202 1203 misericordiam
3233 1167 3352 1205 con·

1799 1232 2096 1295 sequuntur;
2123 1245 2280 1297 neque
2309 1234 2370 1284 de
2401 1247 2481 1285 me
2505 1237 2776 1287 statuentes
2805 1238 3079 1301 crudeliter,
3111 1241 3236 1293 alios
3266 1244 3355 1306 qui

1799 1319 1945 1369 simili
1979 1333 2173 1373 mecum
2201 1322 2476 1374 conditione
2503 1326 2728 1389 utuntur,
2761 1325 2826 1375 ad
2859 1340 3098 1379 summam
3133 1330 3352 1395 despera-

1798 1407 1982 1459 tionem
2003 1408 2232 1474 redigere.
2297 1411 2367 1475 (8)
2393 1412 2664 1463 Absurdum
2683 1415 2812 1464 enim
2833 1415 2972 1478 soret,
2991 1419 3235 1469 efflatores
3247 1456 3264 1482 ,
3284 1418 3354 1482 si,

1799 1510 1954 1561 quum
1977 1498 2183 1561 simplex
2219 1498 2340 1549 mihi
2358 1501 2463 1550 erat
2498 1500 2777 1565 calamitas,
2804 1504 2924 1553 tunc
2943 1506 3198 1569 pecuniam
3230 1507 3354 1560 hanc

1799 1584 2066 1648 acciperem
2077 1602 2094 1647 3
2118 1599 2251 1637 nunc
2287 1600 2402 1638 vero
2414 1624 2431 1651 ,
2455 1602 2614 1652 quum.
2643 1589 2845 1641 accedat
2871 1594 3092 1645 senectus
3113 1596 3162 1645 et
3195 1596 3354 1649 morbi

1798 1684 1858 1721 ac
1883 1674 2044 1723 cetera
2067 1687 2179 1738 qum
2208 1674 2284 1725 his
2305 1674 2632 1738 adiunguntur
2661 1678 2788 1729 mala
2801 1715 2817 1741 ,
2842 1680 2962 1731 tnnc
2985 1682 3104 1732 mihi
3126 1682 3232 1733 haec
3247 1683 3353 1735 adi-

1800 1760 2030 1811 meretur.
2100 1761 2170 1824 (9)
2196 1762 2314 1812 Mihi
2349 1764 2512 1813 autem
2537 1764 2730 1815 videtur
2757 1766 2931 1831 inopiae
2970 1782 3092 1820 meae
3117 1773 3348 1834 magnitu-

1800 1846 1961 1898 dinem
1990 1862 2118 1899 unus
2148 1849 2248 1913 ipse
2272 1852 2525 1902 accusator
2556 1852 2896 1906 dilucidissime
2921 1870 3061 1921 posse
3099 1872 3354 1912 common·

1798 1936 1974 1987 strare.
2039 1940 2161 1989 Nam
2183 1939 2226 1990 si
2245 1953 2334 2003 ego
2355 1940 2417 1990 ad
2430 1940 2572 1991 ludos
2587 1942 2794 2006 tragicos
2809 1943 3042 2009 chor-egum
3063 1947 3272 2011 electus,
3291 1948 3355 1999 ad

1800 2025 2206 2087 permutationem
2232 2026 2388 2091 ipsum
2419 2040 2732 2091 provocarem
2747 2067 2764 2095 ,
2794 2032 2964 2083 mallet
2991 2034 3151 2085 decies
3183 2034 3354 2089 eliore-

1801 2127 1916 2176 gum
1936 2127 2076 2177 agere
2091 2127 2241 2177 quam
2265 2116 2414 2167 semel
2448 2117 2699 2169 facultates
2720 2122 3011 2183 permutare.
3075 2126 3172 2181 Qut
3211 2126 3357 2189 igitur

1800 2216 1897 2252 non
1915 2202 2136 2265 iniquum
2153 2202 2242 2267 sit,
2261 2216 2374 2254 eum
2393 2218 2472 2255 me
2489 2218 2620 2255 nunc
2637 2219 2866 2259 accusare
2886 2211 3016 2273 quod
3032 2214 3232 2275 propter
3247 2214 3354 2264 lau-

1800 2290 2008 2341 tissimas
2041 2284 2259 2342 fortunas
2294 2291 2637 2345 ditissimorum
2673 2308 2976 2361 quorumque
3003 2302 3244 2352 consortio
3283 2303 3354 2353 uti

1805 2378 1982 2451 possim
2000 2415 2018 2442 ,
2033 2379 2148 2442 qui,
2171 2379 2310 2429 sires
2332 2379 2455 2430 forte
2473 2382 2768 2446 contingeret
2786 2385 2844 2434 ut
2869 2385 2999 2450 dixi,
3024 2386 3256 2449 eiusmodi
3287 2391 3354 2441 fo·

1804 2467 1905 2528 ret,
1934 2466 2012 2516 vel
2029 2466 2175 2516 etiam
2201 2466 2436 2530 nequior?
2521 2531 2528 2539 ¹

1869 2560 1944 2603 ιο.
1979 2552 2121 2613 Quod
2137 2566 2252 2604 vero
2271 2566 2352 2605 me
2365 2555 2584 2618 equitare
2600 2559 2916 2623 memoravit,
2933 2574 3093 2626 neque
3111 2564 3352 2618 fortunam

1800 2640 2002 2703 timens,
2025 2654 2185 2704 neque
2207 2654 2293 2691 vos
2319 2643 2581 2707 reveritus,
2611 2644 2674 2694 de
2691 2658 2748 2695 ea
2779 2660 2833 2697 re
2857 2660 2956 2698 non
2987 2651 3061 2700 est
3087 2664 3176 2701 cur
3201 2655 3355 2705 multa

1801 2729 1976 2779 dicam.
2005 2734 2106 2793 Ego
2117 2730 2554 2795 enim,senatores,
2581 2746 2750 2784 omnes
2770 2735 2854 2798 qui
2879 2736 3152 2799 huiusmodi
3163 2741 3352 2792 incom-

1801 2816 1959 2867 modis
1997 2819 2276 2882 gravantur,
2317 2820 2540 2882 oportere
2566 2820 2774 2873 arbitror
2797 2822 2966 2874 sedulo
2997 2826 3216 2878 meditari
3254 2842 3352 2893 quo

1799 2906 1941 2968 pacto
1957 2905 2274 2955 calamitatem
2289 2920 2425 2957 suam
2438 2906 2508 2958 ita
2525 2909 2751 2973 tractent,
2773 2898 2827 2960 ut
2843 2912 3043 2964 minimo
3061 2927 3174 2965 cum
3186 2916 3354 2969 dolore

1798 2992 1950 3042 vitam
1971 2992 2232 3056 transigere
2253 2996 2452 3057 queant.
2477 2997 2695 3052 Quorum
2717 3011 2805 3061 ego
2827 3012 2980 3062 unus,
3004 3014 3158 3066 quum
3181 3006 3233 3055 in
3258 3005 3353 3059 hoc

1798 3080 2118 3129 intortunium
2158 3080 2436 3145 inciderim,
2473 3082 2569 3132 hoc
2595 3084 2714 3133 mihi
2745 3085 2968 3136 levamen
3001 3088 3161 3139 inveni
3187 3091 3250 3141 ad
3278 3093 3352 3143 iti·

1798 3180 1915 3217 nera
1942 3168 2085 3230 paulo
2118 3168 2347 3231 longiora.
2414 3170 2454 3233 (t
2471 3171 2515 3231 l)
2545 3172 2685 3228 Quod
2714 3185 2858 3236 porro
2885 3174 3154 3227 maximum
3183 3181 3256 3230 oet
3273 3194 3353 3231 ar-

1797 3259 2083 3320 gumentum
2098 3291 2114 3317 ,
2129 3259 2396 3320 senatores,
2413 3271 2495 3308 me
2512 3259 2852 3311 imbecillitatis
2869 3275 3014 3313 causa
3024 3300 3041 3327 ,
3066 3277 3164 3315 non
3185 3267 3350 3332 luxus,

1798 3352 1855 3401 ut
1871 3351 1962 3401 iste
1979 3350 2252 3415 contendit,
2273 3365 2422 3415 equos
2437 3352 2694 3403 ascendere
2704 3390 2719 3413 ‚
2739 3353 2789 3404 id
2806 3355 2945 3407 t'aclle
2963 3357 3228 3422 intelligere
3243 3376 3353 3426 pos-

1797 3446 1914 3497 sitis.
1981 3450 2102 3497 Nam
2119 3446 2158 3498 si
2185 3447 2304 3498 mihi
2335 3460 2450 3511 opes
2471 3450 2656 3511 essent,
2680 3450 2814 3501 mulo
2839 3453 2997 3515 potius
3024 3456 3186 3507 uterer
3202 3470 3350 3521 quam

1797 3544 1847 3594 in
1870 3542 2052 3595 alienos
2077 3557 2227 3608 equos
2251 3545 2555 3597 ascenderem
2592 3567 2604 3597 ι
2631 3547 2732 3610 jam
2760 3562 2876 3599 vero
2898 3550 2982 3612 qui
3003 3551 3192 3602 mulum
3221 3566 3350 3605 com·

1797 3652 1968 3702 parare
1985 3652 2218 3702 nequeam
2233 3676 2248 3702 ‚
2285 3641 2454 3691 alienis
2469 3642 2608 3705 equis
2624 3643 2698 3693 uti
2729 3644 3002 3707 frequenter
3021 3659 3184 3711 cogor.
3248 3648 3348 3713 (12)

1798 3735 2141 3784 Verumtamen
2166 3748 2327 3785 nonne
2355 3735 2449 3785 hoc
2479 3738 2552 3786 est
2589 3736 2884 3801 absurdum,
2917 3741 3192 3805 senatores,
3229 3756 3344 3795 eum

1797 3828 1956 3889 ipsum
1975 3827 2086 3892 qui,
2113 3826 2154 3879 si
2177 3842 2254 3879 me
2285 3829 2418 3879 mulo
2443 3832 2660 3881 utentem
2679 3831 3053 3897 conspicaretur,
3084 3835 3204 3885 nihil
3225 3836 3353 3889 dice·

1800 3923 1901 3983 ret,
1938 3920 2082 3984 (quid
2113 3922 2186 3971 est
2210 3921 2340 3972 enim
2385 3922 2518 3985 quod
2563 3925 2723 3987 posset
2765 3924 2987 3990 dicerer)
3023 3940 3179 3990 nunc,
3217 3931 3348 3993 qnod

1798 4014 1934 4076 equis
1951 4014 2266 4065 commodatis
2283 4013 2510 4065 insideam
2522 4051 2539 4079 ,
2556 4015 2670 4066 inde
2685 4016 2826 4067 vobis
2841 4019 3046 4068 conatur
3061 4021 3350 4083 persuadere

1796 4122 1876 4159 me
1898 4122 2000 4159 esse
2025 4108 2236 4158 validum
2264 4113 2313 4160 et
2330 4109 2560 4171 divitem;
2579 4109 2784 4173 quique,
2799 4111 2932 4175 quod
2960 4111 3150 4165 duobus
3167 4116 3352 4169 baculis

1796 4203 1992 4253 innixus
2008 4202 2256 4267 incedam,
2281 4218 2434 4267 quum
2452 4203 2533 4254 alii
2551 4217 2651 4254 uno
2677 4204 2776 4256 sint
2801 4207 3042 4270 contenti,
3067 4222 3165 4259 non
3185 4210 3352 4274 objicit

1795 4297 1931 4361 quod
1957 4298 2052 4348 boc
2086 4310 2280 4360 quoque
2311 4298 2374 4347 ad
2395 4298 2580 4349 validos
2609 4300 2661 4349 et
2684 4298 2859 4351 divites
2892 4302 3156 4368 pertineat,
3187 4319 3348 4359 meam

1795 4405 1913 4443 vero
1946 4392 2291 4455 equitationem
2326 4392 2509 4456 profert
2530 4394 2760 4457 tanquam
2787 4394 2966 4445 virium
2989 4398 3040 4447 et
3061 4410 3212 4463 opum
3231 4400 3350 4451 indi·

1796 4484 1958 4534 cium?
1975 4497 2128 4548 quum
2145 4484 2309 4535 tamen
2327 4486 2376 4536 et
2399 4484 2582 4536 baculis
2608 4485 2799 4537 duobus
2815 4488 2866 4538 et
2898 4488 3034 4551 equis
3061 4489 3124 4539 ob
3143 4490 3349 4542 eandem

1796 4586 1991 4623 causam
2017 4574 2146 4623 utar.

1861 4668 1935 4713 13.
1956 4664 2165 4726 Jamque
2184 4660 2306 4713 adeo
2323 4674 2490 4713 omnes
2510 4662 2728 4714 homines
2745 4662 3040 4727 impudentia
3051 4668 3274 4733 superat,
3291 4670 3351 4720 ut

1794 4758 1921 4795 unus
1933 4746 2031 4809 ipse
2048 4745 2183 4795 vobis
2194 4781 2210 4807 ,
2232 4757 2388 4808 quum
2399 4745 2474 4795 tot
2491 4744 2595 4795 sitis
2608 4781 2625 4804 ,
2645 4744 2932 4808 persuadere
2949 4746 3250 4811 aggrediatur
3269 4761 3349 4799 me

1794 4847 1890 4883 non
1919 4845 2021 4883 esse
2045 4846 2109 4883 ex
2136 4845 2339 4883 numero
2370 4832 2707 4883 invalidorum.
2742 4834 2887 4897 Atqui
2917 4834 2958 4884 si
2983 4835 3196 4885 vestrum
3222 4848 3348 4886 non-

1793 4917 1938 4967 nullis
1959 4918 2053 4967 hoc
2079 4916 2387 4981 persuadeat,
2418 4916 2537 4980 quid
2563 4930 2642 4967 me
2663 4916 2884 4980 prohibet
2911 4930 3063 4967 unum
3088 4931 3153 4969 ex
3171 4931 3348 4970 novem

1792 4999 2100 5050 archontibus
2116 5000 2246 5050 sorte
2273 5000 2414 5063 eligi?
2431 4999 2546 5065 quid
2567 5000 2789 5063 prohibet
2811 5014 2900 5051 vos
2923 5012 2954 5049 a
2970 5014 3050 5051 me
3067 4999 3267 5050 obolum
3289 5002 3348 5051 ut

1791 5089 1970 5139 valenti
1991 5088 2041 5139 et
2061 5087 2260 5139 robusto
2282 5090 2499 5151 anferre,
2517 5090 2568 5139 et
2585 5088 2662 5139 isti
2679 5089 2806 5139 hanc
2834 5088 3008 5153 stipem
3023 5087 3276 5139 decernere
3291 5090 3347 5139 ut

1792 5176 2035 5227 invalido?
2069 5178 2174 5227 Non
2209 5176 2338 5227 enim
2373 5175 2584 5227 eundem
2607 5176 2794 5239 virum,
2831 5188 2917 5227 vos
2942 5177 2998 5225 ut
3039 5186 3238 5239 corpore
3263 5188 3347 5225 va·

1792 5262 1973 5315 lentem
1988 5301 2004 5327 ,
2044 5277 2268 5316 concessa
2315 5265 2438 5332 stipe
2475 5264 2784 5327 fraudabitis,
2827 5262 2898 5317 illi
2937 5276 3054 5317 vero
3094 5262 3344 5315 sortitione
