3825 5842
95 461 278 543 (ιι-νῖν)

868 458 1210 539 ISAELOR.
1254 458 1358 521 DE
1398 456 1882 521 mcAEoGEle
1928 454 2429 519 HEREDITATE.

3135 464 3235 521 267

90 596 220 663 οὗδεὶς
241 596 402 655 αὗτῶν
417 592 606 667 ἠξίωσε
631 592 700 653 τὰ
729 590 1072 675 πεπραγμένα
1101 592 1264 651 εἰπεῖν
1292 590 1480 659 ἀδίκως
1505 613 1596 651 πε·
1682 598 1955 663 justitium,
1987 610 2129 649 nemo
2153 599 2315 648 tamen
2335 598 2437 647 tam
2458 594 2718 659 longinquo
2752 595 2967 661 tenpore
2986 606 3133 646 ausus
3164 597 3239 648 cst

91 690 288 765 πρᾶχθαι
302 729 319 757 ,
341 682 462 765 πρὶν
491 680 886 762 δυστυχησάσης
905 684 998 752 τῆς
1025 680 1224 746 πόλεως
1254 678 1342 739 καὶ
1372 679 1601 748 στάσεως
1686 686 1927 737 affirmare
1949 700 2035 751 per
2053 686 2183 738 nefas
2204 685 2293 737 ista
2318 686 2427 735 acta
2445 683 2588 735 fuisse
2608 704 2621 735 ι
2640 682 2837 735 tandem
2859 697 2976 735 vero
2995 684 3239 747 republica

89 771 327 851 γενομένης
360 774 592 849 κᾶγῶνος
627 768 798 827 οὑτοσὶ
833 766 1056 835 πεισθεὶς
1097 766 1196 826 ὑπὸ
1227 766 1464 835 Μέλανος
1509 772 1598 825 τοῦ

91 858 336 937 Αἰγυπτίου
349 905 368 933 ,
387 850 431 941 ᾧ
449 881 548 939 περ
564 856 655 917 καὶ
672 847 840 915 τᾶλλα
856 855 1112 927 ἐπείθετο,
1132 854 1454 937 ἠμφισὸήτει
1473 856 1598 933 ἡμῖν

93 948 282 1013 ἅπαντας
308 952 394 1006 τοῦ
423 944 652 1027 κλήρου,
681 944 894 1025 φάσκων
931 948 1012 1025 ἐφ’
1054 942 1150 1023 ὅλῃ
1182 948 1462 1017 ποιηθῆναι
1496 944 1600 1011 υἱὸς

93 1035 170 1093 ὑπὸ
192 1041 270 1093 τοῦ
294 1035 424 1094 θείου
448 1040 537 1095 τοῦ
570 1032 840 1114 ἡμετέρου.
925 1034 988 1111 (a)
1026 1031 1212 1108 Ἡμεῖς
1238 1030 1333 1110 μὲν
1361 1026 1448 1091 οὗν
1476 1030 1600 1108 μαί-

92 1128 236 1183 νεσθαι
257 1122 402 1182 αὐτὸν
431 1120 701 1202 ἡγούμεθα
727 1126 790 1200 τῇ
817 1118 992 1194 λήξει,
1018 1122 1112 1180 οὖκ
1139 1118 1204 1179 ἄν
1231 1143 1357 1179 ποτε
1382 1118 1603 1198 οἰόμενοι

93 1210 165 1269 τὸν
187 1211 322 1270 αὐτὸν
341 1210 506 1294 ἄνδρα
527 1209 639 1270 τοτὲ
660 1209 754 1288 μὲν
775 1208 1038 1291 φάσκοντα
1062 1207 1148 1267 ἐπὶ
1170 1211 1246 1289 τῷ
1273 1207 1431 1289 τρίτῳ
1457 1208 1604 1290 μέρει

68 1304 326 1371 ιποιηθῆναι
355 1297 468 1359 τοτὲ
495 1300 540 1358 δ’
567 1298 646 1380 ἐφ’
680 1296 873 1356 ἅπαντι
907 1300 982 1378 τῷ
1011 1294 1188 1377 κλήρῳ
1215 1295 1357 1363 δόξαι
1388 1293 1604 1368 τάληθὲς

95 1388 229 1465 λέγειν
242 1391 370 1465 ὑμῖν·
389 1390 460 1456 εἷς
483 1387 539 1446 δὲ
560 1387 620 1445 τὸ
641 1383 972 1465 δικαστήριον
992 1382 1301 1451 εἰσελθόντες
1315 1383 1406 1443 καὶ
1425 1385 1604 1466 πολλῷ

95 1474 228 1535 πλείω
263 1476 344 1533 καὶ
379 1474 675 1555 δικαιότερα
707 1472 940 1551 λέγοντες
979 1472 1322 1550 ἠδικήθημεν,
1363 1472 1462 1551 οὐχ
1506 1471 1606 1531 ὑπὸ

95 1567 175 1620 τῶν
209 1565 446 1622 δικαστῶν
491 1564 610 1621 ἀλλ’
640 1560 739 1620 ὑπὸ
775 1560 1014 1628 Μέλανος
1050 1564 1138 1619 τοῦ
1186 1559 1474 1637 Αἰγυπτίου
1515 1559 1606 1619 καὶ

95 1654 174 1709 τῶν
205 1650 380 1712 ἐκείνω
420 1650 604 1733 φίλων,
648 1649 698 1709 οἳ
733 1648 818 1709 διὰ
849 1648 943 1717 τὰς
973 1652 1066 1722 τῆς
1092 1648 1292 1717 πόλεως
1342 1649 1606 1730 συμφορὰς

95 1738 286 1807 ἐξουσίαν
305 1740 470 1819 σφίσιν
497 1740 670 1805 αὖτοῖς
697 1742 916 1816 ἡγοῦντο
938 1726 1067 1796 εἶναι
1087 1736 1372 1808 κεκτῆσθαί
1391 1760 1449 1795 τε
1482 1740 1605 1797 τάλ-

95 1826 244 1907 λότρια
274 1826 356 1885 καὶ
379 1826 448 1886 τὰ
474 1828 644 1908 ψευδῆ
689 1826 933 1895 ἀλλήλοις
977 1828 1270 1905 μαρτυρεῖν·
1299 1824 1400 1883 ὑπὸ
1427 1824 1481 1883 δὲ
1505 1828 1606 1883 τῶν

95 1916 148 1973 τὰ
189 1920 382 1975 τοιαῦτα
429 1913 720 1974 ποιούντων
773 1914 1174 1987 ἐξηπατήθησαν
1235 1918 1282 1974 οἳ
1340 1915 1602 1975 δικασταί.

64 2024 74 2061 5
97 2013 143 2080 ἐν)
173 2000 264 2062 Καὶ
285 2007 429 2080 ἡμεῖς
461 2002 562 2077 μὲν
591 2004 1299 2085 καταψευδομαρτυρηθέντες
1327 2002 1605 2065 ἀπωλέσα·

97 2114 172 2165 μεν
189 2089 244 2149 τὰ
263 2091 391 2150 ὄντα·
412 2090 506 2150 καὶ
531 2090 634 2170 γὰρ
656 2095 685 2150 ὁ
711 2089 888 2169 πατὴρ
915 2093 972 2150 οὗ
997 2092 1178 2171 πολλῷ
1195 2091 1368 2173 χρόνῳ
1397 2090 1607 2174 ὕστερον

100 2176 206 2251 μετὰ
241 2177 324 2250 τὴν
357 2177 506 2251 δίκην
548 2177 848 2251 ἐτελεύτησε
862 2224 878 2252 ,
916 2176 1038 2259 πρὶν
1065 2178 1351 2247 ἐπεξελθεῖν
1380 2171 1452 2247 οἷς
1488 2182 1608 2240 ἐπε-

99 2264 296 2347 σκήψατο
315 2270 413 2327 τῶν
437 2264 740 2345 μαρτύρων·
771 2265 1106 2343 Δικαιογένης
1135 2266 1190 2326 δὲ
1217 2266 1344 2347 πρὸς
1378 2270 1517 2345 ἡμᾶς
1540 2272 1610 2335 ὥς

97 2352 298 2412 ἐὸούλετο
315 2352 698 2432 ἀγωνισάμενος
716 2357 781 2433 τῇ
803 2354 936 2433 αὐτῇ
954 2352 1129 2435 ἡμέρα
1153 2352 1372 2425 ἐξήλασε
1393 2353 1488 2431 μὲν
1515 2353 1608 2427 τὴν

99 2444 453 2523 Κηφισοφῶντος
475 2446 570 2501 τοῦ
591 2439 887 2509 Παιανιέως
914 2441 1171 2523 θυγατέρα
1200 2443 1258 2500 ἐκ
1277 2446 1368 2501 τοῦ
1397 2441 1608 2523 μέρους,

99 2530 332 2609 ἀδελφιδῆν
373 2526 538 2591 οὖσαν
581 2528 941 2607 Δικαιογένους
987 2534 1076 2587 τοῦ
1119 2528 1494 2599 καταλιπόντος
1543 2528 1610 2589 τὰ

62 2616 302 2695 affligant-2
319 2662 336 2690 ,
363 2617 608 2698 ἀφείλετο
634 2615 690 2675 δὲ
724 2616 820 2689 τὴν
847 2616 1181 2696 Δημοκλέους
1206 2616 1486 2696 γενομένην
1513 2643 1608 2698 γυ-

95 2714 240 2777 ναῖκα,
267 2706 300 2764 ἃ
326 2704 670 2783 Δικαιογένης
698 2704 915 2787 ἀδελφὸς
945 2703 1018 2765 ὢν
1045 2706 1258 2781 ἔδωκεν,
1287 2705 1526 2789 ἀφείλετο
1555 2705 1610 2767 δὲ

97 2792 166 2849 καὶ
187 2792 268 2863 τὴν
291 2792 650 2875 Κηφισοδότου
665 2794 864 2874 μητέρα
889 2793 980 2853 καὶ
1003 2793 1159 2853 αὐτὸν
1178 2798 1356 2853 τοῦτον
1376 2793 1606 2858 ἅπαντα.

101 2882 170 2955 (ιο)
195 2880 287 2941 Καὶ
313 2880 414 2961 γὰρ
439 2880 644 2942 τούτων
680 2904 736 2940 τε
763 2880 878 2958 ἅμα
905 2881 998 2940 καὶ
1024 2882 1298 2963 ἐπίτροπος
1323 2882 1413 2941 καὶ
1439 2882 1610 2963 κύριος

97 2967 168 3024 καὶ
197 2969 428 3037 ἀντίδικος
474 2960 565 3042 ἦν,
603 2969 694 3028 καὶ
730 2968 844 3027 οῦδὲ
883 2968 1020 3028 κατὰ
1055 2968 1115 3027 τὸ
1160 2970 1432 3049 ἐλάχιστον
1462 2971 1610 3051 μέρος

97 3058 168 3127 τῆς
193 3056 486 3130 οἰκειότητος
519 3056 666 3117 ἐλέου
693 3056 816 3139 παρ’
845 3059 998 3116 αὐτοῦ
1025 3056 1226 3137 ἔτυχον,
1255 3059 1371 3116 ἀλλ’
1399 3058 1608 3139 ὀρφανοὶ

99 3144 168 3199 καὶ
183 3144 350 3225 ἔρημοι
369 3146 460 3206 καὶ
484 3145 705 3219 πένητες
727 3148 993 3226 γενόμενοι
1019 3146 1230 3206 πάντων
1251 3147 1340 3207 καὶ
1362 3152 1465 3207 τῶν
1492 3152 1608 3209 καθ’

97 3233 260 3311 ἡμέραν
290 3234 598 3307 ἐπιτηδείων
629 3227 764 3307 ἦσαν
799 3234 1000 3301 ἐνδεεῖς.
1083 3232 1266 3303 Οὕτως
1301 3233 1483 3304 αὐτοὺς
1517 3241 1610 3297 Δι-

59 3338 82 3375 s
99 3323 320 3400 καιογένης
349 3324 529 3385 οὑτοσὶ
560 3322 828 3401 ἐγγυτάτω
849 3320 922 3382 ὣν
961 3322 1138 3400 γένους
1171 3324 1526 3406 ἐπετρόπευεν·
1558 3324 1612 3392 ὅς

101 3426 170 3485 e,
193 3410 224 3468 ἃ
259 3412 348 3488 μὲν
373 3416 402 3472 ὁ
433 3411 620 3491 πατὴρ
649 3414 824 3479 αὐτοῖς
851 3410 1165 3488 Θεόπομπος
1195 3412 1442 3473 κατέλιπε
1460 3459 1477 3491 ,
1505 3414 1612 3481 τοῖς

99 3496 250 3557 τούτων
281 3502 476 3581 ἐχθροῖς
515 3498 840 3579 παρέδωκεν,
881 3498 917 3557 ἃ
957 3498 1010 3559 δὲ
1045 3502 1072 3557 ὁ
1099 3499 1226 3579 πρὸς
1260 3500 1452 3582 μητρὸς
1481 3504 1610 3568 θεῖος

103 3585 167 3642 καὶ
181 3588 206 3643 ὅ
221 3586 420 3654 πάππος
443 3588 623 3656 αὐτοῖς
646 3586 853 3661 ἔδωκεν,
879 3586 1035 3655 αὐτὸς
1059 3588 1296 3670 ἀφείλετο
1317 3590 1418 3670 πρὸ
1447 3589 1606 3664 δίκης.

103 3670 166 3748 (ιι)
203 3675 297 3734 Καὶ
331 3674 360 3734 ὃ
399 3675 620 3735 πάντων
651 3673 959 3749 δεινότατον,
997 3674 1093 3747 τὴν
1123 3677 1288 3736 οἰκίαν
1317 3680 1486 3737 αὐτῶν
1516 3677 1612 3751 τὴν

101 3760 324 3841 πατρῴαν,
353 3763 562 3823 παίδων
589 3761 752 3823 ὄντων
779 3762 993 3838 τούτων,
1019 3762 1302 3845 πριάμενος
1329 3764 1420 3824 καὶ
1445 3789 1609 3825 κατα·

101 3845 265 3926 σκάψας
285 3850 370 3908 τὸν
399 3855 578 3923 κῆπον
617 3850 902 3923 ἐποιήσατο
925 3851 1052 3933 πρὸς
1081 3857 1152 3932 τῇ
1179 3857 1336 3912 αὑτοῦ
1365 3853 1504 3935 οἰκία
1545 3859 1610 3933 τῇ·

100 3932 140 3987 ἐν
161 3934 308 3997 ἄστει.
389 3938 502 4000 Καὶ
529 3937 822 4016 λαμὸάνων
855 3940 1106 4017 μίσθωσιν
1135 3939 1450 4017 ὀγδοήκοντα
1480 3950 1612 4018 μνᾶς

59 4020 144 4079 υὲῑ
175 4026 262 4081 τῶν
294 4026 664 4106 Δικαιογένους
699 4032 791 4087 τοῦ
833 4027 1089 4109 ἡμετέρου
1126 4027 1262 4087 θείου
1301 4028 1611 4109 χρημάτων,

97 4106 166 4166 τὸν
181 4112 354 4174 ἐκείνου
383 4116 692 4197 ἀδελφιδοῦν
715 4116 1072 4196 Κηφισόδοτον
1096 4121 1171 4199 τῷ
1199 4120 1382 4177 ἑαυτοῦ
1408 4119 1613 4201 ἀδελφῷ

99 4194 312 4281 Ἁρμοδίῳ
334 4201 666 4286 συνέπεμψεν
686 4207 756 4271 εἷς
785 4202 1030 4284 Κόρινθον
1067 4208 1176 4264 ἀντ’
1208 4204 1513 4265 ἀκολούθου·
1543 4209 1614 4275 εἰς

99 4290 216 4345 τοῦτο
235 4288 424 4370 ὕὸρεως
439 4292 534 4351 καὶ
557 4292 768 4372 μιαρίας
787 4291 1018 4373 ἀφίκετο.
1103 4292 1211 4355 Καὶ
1233 4292 1362 4373 πρὸς
1387 4303 1492 4361 τοῖς
1517 4293 1612 4353 ἅλ-

99 4372 180 4440 λοις
199 4387 360 4446 κακοῖς
386 4379 628 4448 ὀνειδίζει
652 4378 741 4438 καὶ
763 4382 976 4458 ἐγκαλεῖ
1001 4382 1144 4461 αὐτῷ
1166 4380 1246 4441 ὅτι
1269 4380 1502 4458 ἐμὸάδας
1525 4383 1615 4443 καὶ

99 4461 304 4536 τριὸὧνια
325 4470 508 4547 φορεῖ,
533 4466 712 4547 ὥσπερ
740 4466 1072 4546 ἀδικούμενός
1092 4492 1142 4528 τι
1166 4471 1212 4528 εἰ
1237 4468 1468 4547 ἐμὸάδας
1496 4473 1614 4544 Κη-

99 4550 320 4625 ῖνιτόδοτος
344 4564 520 4636 φορεῖ,
551 4557 666 4615 ἀλλ’
695 4559 789 4616 οὔκ
807 4559 998 4617 ἀδικῶν
1023 4556 1102 4617 ὅτι
1124 4558 1436 4639 ἀφελόμενος
1459 4560 1612 4619 αὐτὸν

101 4636 152 4691 τὶ
171 4638 278 4699 ὄντα
301 4644 504 4715 πένητα
531 4644 834 4717 πεποίηκεν.

163 4745 220 4787 12.
259 4728 412 4791 Ἀλλὰ
440 4731 550 4810 μὴν
586 4730 925 4815 περὶτούτων
962 4734 1195 4795 τοσαῦτά
1231 4758 1322 4813 μοι
1365 4735 1612 4818 εἰρήσθω·

59 4820 90 4861 Β
108 4810 228 4871 πάλιν
244 4818 283 4875 δ’
303 4820 550 4899 ἐπάνειμι
571 4820 684 4881 ὅθεν
707 4821 980 4885 ἀπέλιπον.
1025 4822 1304 4893 Μενέξενος
1327 4823 1428 4906 γὰρ
1451 4829 1479 4884 ὁ
1507 4830 1616 4897 Kn-

110 4908 376 4986 Ῡῑῦῦφῶντος
409 4910 520 4977 υἱός
534 4954 550 4984 ,
593 4911 799 4993 ἀνεψιὸς
839 4909 912 4970 ὣν
951 4912 1293 4994 Κηφισοδότῳ
1321 4915 1488 4996 τούτῳ
1524 4913 1616 4975 καὶ

113 4990 223 5063 ἕμῦί,
245 4997 326 5056 καὶ
350 5002 621 5077 προσῆκον
648 5001 791 5081 αὐτῷ
816 5006 908 5061 τοῦ
945 5002 1140 5084 κλήρου
1184 5001 1338 5083 μέρος
1365 5002 1484 5062 ὅσον
1513 5027 1614 5087 περ

115 5075 224 5173 ἕξιοί,
245 5084 434 5166 ἐπεξῄει
449 5095 560 5155 τοῖς
580 5089 1109 5171 καταμαρτυρήσασιν
1130 5094 1282 5169 ἡμῶν
1300 5090 1392 5151 καὶ
1420 5092 1615 5154 ἐκείνου

113 5176 163 5267 ἰὰ
179 5170 342 5246 ψευδῆ,
369 5174 460 5233 καὶ
489 5174 744 5249 Λύκωνα,
771 5175 927 5260 ὅνπερ
951 5176 1200 5257 εἰσήγαγε
1227 5183 1430 5259 πρῶτον
1460 5183 1533 5248 εἰς
1555 5182 1614 5241 τὸ

119 5258 420 5337 etune-effigium,
453 5269 636 5324 τοῦτον
669 5254 818 5324 εἷλεν·
853 5264 907 5335 ὃς
943 5264 1272 5351 ἐμαρτύρησε
1306 5270 1614 5349 Δικαιογένη

1687 774 1935 825 laborante
1969 774 2237 838 obortaque
2266 773 2496 824 seditione
2509 807 2525 834 ,
2564 772 2831 822 concitatus
2872 771 3176 835 Dicaeogenes
3208 785 3239 822 a

1689 863 1874 915 Melane
1893 864 2115 927 AEgyptio
2128 900 2143 926 ,
2173 863 2251 912 cui
2269 862 2375 912 aliis
2399 874 2593 925 quoque
2614 861 2663 911 in
2688 860 2831 911 rebus
2864 860 3237 924 obsecundavit,

1689 953 1960 1003 universam
1978 951 2122 1015 coepit
2138 950 2447 1001 hereditatem
2464 950 2643 1012 petere,
2663 948 2908 999 affirmans
2918 949 2982 998 ab
2999 948 3240 999 avunculo

1688 1044 1850 1092 nostro
1873 1052 1927 1091 se
1948 1038 2171 1091 heredem
2194 1051 2257 1089 ex
2287 1051 2390 1089 asse
2410 1038 2641 1101 scriptum
2675 1050 2791 1088 esse.
2858 1038 2925 1101 (8)
2957 1041 3133 1089 Furere
3152 1050 3243 1088 nos

1689 1130 1884 1195 quidem
1913 1129 2053 1181 ilium
2078 1126 2477 1191 autumabamus,
2509 1126 2743 1191 ejusmodi
2774 1138 2967 1177 causam
2999 1126 3049 1176 in
3080 1126 3239 1176 forum

1689 1220 2011 1281 deserentem,
2028 1230 2216 1280 verum,
2230 1216 2421 1267 tametsi
2440 1229 2535 1266 non
2554 1228 2914 1280 speraveramus
2932 1215 3034 1265 fore
3052 1216 3110 1265 ut
3126 1228 3241 1267 vera

1690 1309 1849 1360 dicere
1871 1308 2007 1359 vobis
2030 1306 2273 1357 videretur
2292 1305 2333 1357 is
2348 1306 2433 1369 qui
2446 1304 2573 1355 idem
2598 1303 2741 1355 modo
2760 1317 2873 1353 cnm
2896 1302 3069 1355 triente
3094 1302 3241 1354 modo

1691 1412 1754 1449 ex
1779 1410 1880 1449 asse
1896 1397 2179 1461 adoptatum
2194 1408 2249 1445 se
2274 1394 2419 1445 ferret
2432 1430 2446 1454 ‚
2472 1395 2635 1444 tamen
2660 1392 2853 1457 ingressi
2872 1394 3033 1443 sorum
3046 1430 3061 1456 ,
3089 1405 3241 1456 quum

1691 1488 1740 1537 et
1753 1486 1908 1537 multo
1928 1485 2067 1549 plura
2080 1496 2226 1547 quam
2236 1482 2305 1533 iiii
2322 1482 2603 1545 argumenta
2616 1481 2939 1545 proferremus
2949 1482 2999 1530 et
3008 1480 3239 1543 sequiora,

1692 1576 1854 1625 tamen
1881 1572 2104 1637 injuriam
2126 1572 2424 1636 accepimus,
2444 1583 2543 1621 non
2560 1583 2591 1620 a
2607 1569 2851 1633 judicibus
2863 1606 2878 1632 ,
2906 1568 2991 1619 sed
3012 1582 3041 1618 a
3059 1568 3245 1620 Melane

1695 1664 1913 1727 AEgyptio
1946 1661 2141 1725 eiusque
2170 1660 2365 1723 amicis,
2396 1658 2480 1722 qui
2506 1671 2591 1721 per
2622 1657 2813 1709 turbida
2848 1658 2941 1708 ista
2974 1656 3245 1721 reipublicoe

1694 1752 1912 1815 tempora
1934 1748 2027 1800 sibi
2043 1749 2206 1799 datam
2222 1746 2560 1799 existimabant
2572 1746 2813 1797 licentiam
2826 1746 2978 1797 aliena
2994 1744 3245 1810 diripiendi

1695 1838 1919 1901 falsisque
1937 1836 2221 1887 testimoniis
2240 1838 2413 1887 mutuo
2434 1848 2538 1887 sese
2563 1834 2843 1885 sublevandi
2864 1853 2878 1885 ι
2909 1834 2971 1884 ab
2992 1833 3066 1884 his
3086 1833 3247 1898 itaque

1695 1926 1812 1977 talia
1846 1924 2257 1983 committentibus
2282 1923 2469 1988 judiees
2512 1921 2886 1987 decipiebantur.
2950 1920 3021 1985 (9)
3058 1924 3122 1973 Et
3158 1934 3247 1973 nos

1695 2013 1888 2077 quidem
1916 2026 1947 2062 a
1964 2012 2095 2063 falsis
2120 2011 2325 2063 testibus
2344 2012 2461 2062 vieti
2478 2013 2641 2062 nostra
2670 2010 3008 2074 perdebamus;
3024 2022 3139 2059 nam
3160 2022 3247 2073 pa·

1695 2102 1771 2151 ter
1793 2100 1924 2151 baud
1948 2100 2103 2151 multo
2127 2102 2235 2165 post
2260 2100 2395 2151 litem
2410 2099 2535 2151 vivis
2551 2098 2780 2159 excessit,
2808 2098 3085 2162 priusquam
3102 2098 3249 2147 actio·

1695 2202 1806 2239 nem
1829 2189 1880 2239 in
1909 2189 2055 2239 falsos
2090 2190 2235 2240 testes
2260 2200 2503 2251 capessere
2528 2188 2685 2251 posset
2716 2206 2729 2235 ε
2759 2188 3064 2249 Dicaeossenes
3084 2187 3247 2236 autem

1697 2289 1839 2325 causa
1870 2275 2028 2325 iactus
2062 2276 2281 2339 superior
2310 2274 2477 2325 eadem
2508 2275 2725 2339 protinus
2744 2274 2827 2325 die
2857 2272 3251 2339 Cephisopboutis

1698 2364 1983 2415 Pmniensis
2000 2364 2149 2415 liliam
2166 2377 2229 2413 ex
2247 2363 2331 2413 iila
2350 2363 2569 2427 portione
2587 2376 2733 2427 quam
2749 2363 2916 2415 sortita
2933 2363 3087 2413 fuerat
3102 2375 3251 2427 expu-

1697 2452 1753 2502 lit
1769 2487 1783 2513 ,
1821 2452 2013 2503 tametsi
2046 2451 2339 2515 Dicoeogenis
2369 2451 2612 2515 defuncti,
2634 2464 2663 2501 a
2686 2464 2783 2515 quo
2807 2451 2889 2501 ilia
2922 2450 3049 2502 bona
3083 2450 3249 2502 relicta

1697 2539 1913 2603 fuerant,
1934 2554 1997 2591 ex
2017 2554 2181 2591 sorore
2210 2541 2367 2605 neptis
2388 2542 2537 2604 esset3
2564 2540 2796 2591 Democlis
2824 2541 2942 2591 item
2973 2540 3167 2590 viduam
3194 2538 3252 2591 iis

1697 2629 1943 2692 spoliavit,
1966 2642 2079 2693 qum
2097 2630 2404 2693 Dicaeogenes
2423 2629 2571 2693 ipsius
2588 2630 2733 2679 frater
2760 2629 2805 2679 ei
2822 2629 3044 2692 dederat,
3074 2627 3251 2693 Cephi-

1697 2715 1852 2767 sodoti
1866 2730 2061 2781 quoque
2076 2719 2279 2768 matrem
2298 2718 2550 2781 ipsumque
2566 2717 2696 2767 hunc
2714 2716 3091 2781 Cephisodotum
3107 2716 3249 2767 bonis

1698 2805 1923 2857 omnibus
1944 2804 2233 2869 denudavit;
2265 2805 2364 2868 (to)
2390 2806 2565 2869 quippe
2596 2805 2682 2869 qui
2698 2804 2873 2857 horum
2899 2805 3027 2857 idem
3054 2808 3185 2857 tutor
3202 2807 3253 2859 et

1698 2895 1890 2943 curator
1903 2894 2049 2957 atque
2061 2892 2357 2945 adversarius
2370 2894 2509 2943 esset.
2574 2896 2753 2943 Verum
2767 2906 2829 2945 ne
2844 2892 3043 2943 minimo
3056 2893 3251 2957 quidem

1701 2995 1842 3033 sensu
1878 2980 2239 3032 necessitudinis
2271 2980 2334 3031 ad
2374 2980 2745 3031 misericordiam
2782 2981 2858 3032 his
2890 2981 3251 3045 impertiendam

1701 3070 2003 3132 flectebatur,
2033 3068 2117 3120 sed
2148 3082 2299 3133 quum
2322 3069 2427 3119 orbi
2452 3070 2501 3119 et
2532 3068 2707 3121 deserti
2730 3071 2781 3119 et
2809 3082 3039 3133 pauperes
3068 3072 3247 3131 essent,

1699 3151 1843 3203 etiam
1875 3150 1925 3199 in
1955 3150 2081 3200 diem
2098 3150 2375 3201 necessariis
2392 3149 2539 3200 rebus
2564 3150 2812 3201 carebant.
2877 3153 2995 3201 Tam
3024 3150 3253 3215 praeclare

1699 3233 2005 3297 Dicaeogenes
2020 3234 2101 3284 hic
2128 3234 2331 3285 tutelam
2350 3248 2519 3285 eorum
2550 3236 2721 3299 gessit,
2753 3236 2840 3299 qui
2864 3236 3127 3287 arctissima
3143 3250 3251 3289 con·

1699 3318 2015 3381 sanguinitate
2043 3317 2241 3381 junctus
2272 3320 2386 3382 ipsis
2414 3320 2554 3370 esset.
2620 3322 2955 3384 Theopompus
2984 3322 3117 3384 pater
3142 3335 3254 3385 quae

1699 3401 1772 3451 his
1789 3402 2074 3466 reliquerat,
2094 3416 2153 3452 ea
2170 3401 2375 3451 inimicis
2394 3415 2567 3453 eorum
2586 3403 2821 3467 prodidit,
2841 3406 2891 3455 et
2906 3418 3016 3468 quoe
3036 3417 3253 3455 avuncu-

1697 3484 1776 3535 lus
1792 3498 2007 3549 avusque
2028 3488 2277 3537 maternus
2300 3484 2413 3549 ipsis
2445 3486 2747 3548 legaverant,
2775 3500 2833 3538 ea
2860 3488 2962 3551 ipse
2992 3488 3086 3537 illis
3110 3488 3253 3539 etiam

1699 3569 1914 3620 nondum
1933 3571 2043 3633 iure
2063 3570 2155 3622 sibi
2180 3569 2369 3621 addicta
2387 3570 2575 3634 eripuit.
2644 3574 2741 3636 (11)
2774 3573 2836 3623 Et
2868 3571 2998 3635 quod
3023 3574 3097 3624 est
3130 3572 3255 3623 indi·

1701 3653 2014 3717 guissimum,
2044 3656 2179 3719 pueri
2216 3655 2371 3705 adhuc
2404 3670 2556 3719 quum
2581 3657 2631 3706 hi
2654 3659 2835 3721 essent,
2866 3656 3065 3708 domum
3087 3671 3254 3709 eorum

1699 3740 1946 3800 paternam
1972 3740 2118 3803 emit,
2142 3754 2293 3804 eaque
2318 3740 2507 3804 diruta,
2528 3753 2591 3790 ex
2618 3754 2728 3790 area
2747 3740 2942 3791 hortum
2960 3741 3097 3791 iilum
3115 3744 3253 3807 fecit,

1701 3834 1843 3883 quem
1874 3821 2039 3872 domui
2058 3836 2161 3873 suae
2188 3824 2471 3889 adjunctum
2496 3824 2547 3873 in
2566 3825 2683 3874 urbe
2700 3825 2870 3887 babet3
2907 3829 2957 3877 et
2982 3840 3253 3891 quanquam

1699 3916 1727 3953 e
1745 3903 2035 3967 Dicaeogenis
2046 3904 2202 3968 bonis,
2219 3907 2444 3956 avunculi
2462 3906 2610 3957 nostri
2623 3944 2638 3970 ,
2653 3907 2883 3958 locarium
2902 3912 3253 3960 annuumocto-

1699 4000 1842 4051 genas
1858 3989 2015 4040 minas
2041 3988 2247 4053 redigat,
2264 3992 2429 4041 tamen
2448 3992 2816 4055 Cephisodotum
2843 3994 3135 4057 Dicaeogenis
3168 3996 3252 4059 (il)

1699 4084 1728 4121 e
1759 4086 1923 4123 sorore
1950 4075 2173 4137 nepotem
2210 4073 2470 4124 Harmodio
2503 4073 2637 4124 fratri
2668 4088 2757 4125 suo
2793 4076 3079 4128 corinthum
3107 4080 3255 4142 proti.

1701 4156 1895 4207 ciscenti
1922 4170 2012 4219 pro
2031 4158 2197 4207 calone
2214 4156 2396 4208 addidit
2424 4158 2553 4207 :tam
2572 4157 2794 4209 immanis
2811 4158 2949 4211 istius
2964 4162 3255 4213 contumelia

1701 4242 1792 4292 suit
1816 4243 1864 4291 et
1885 4240 2131 4303 flagitium.
2196 4243 2257 4291 Et
2288 4240 2483 4304 reliquis
2508 4241 2646 4292 maiis
2676 4242 2806 4294 hunc
2833 4243 2985 4295 veluti
3005 4245 3253 4297 cumulum

1699 4326 1859 4390 addit,
1898 4326 2033 4389 quod
2066 4326 2111 4376 ei
2136 4338 2222 4390 per
2251 4326 2481 4390 probrum
2518 4326 2726 4390 objectet
2755 4328 2886 4391 quod
2915 4342 3079 4381 ocreas
3110 4332 3255 4393 atquo

1700 4412 1923 4476 penulam
1962 4410 2141 4474 gestet,
2178 4410 2318 4473 quasi
2348 4410 2522 4474 injuria
2556 4410 2721 4475 aliqua
2754 4412 2983 4477 affectus,
3018 4414 3059 4465 si
3092 4426 3257 4465 ocreas

1703 4496 2049 4559 Cephisodotus
2074 4498 2251 4561 gestat,
2276 4496 2358 4547 sed
2394 4498 2579 4548 nuliam
2604 4512 2631 4548 e
2660 4500 2827 4549 contra
2848 4498 2895 4549 ei
2920 4499 3145 4564 injuriam
3176 4500 3256 4551 ta·-

1707 4580 1838 4630 eiens
1861 4592 1921 4629 eo
1943 4579 2075 4643 quod
2095 4579 2235 4631 bonis
2259 4580 2484 4632 omnibus
2506 4594 2617 4632 eum
2638 4582 2837 4645 privarit
2858 4595 3012 4647 eoque
3031 4583 3095 4633 ad
3118 4597 3255 4637 men·

1703 4664 1947 4715 dicitatem
1966 4664 2215 4728 redegerit.

1767 4752 1840 4797 12.
1863 4749 2049 4797 Verum
2066 4748 2171 4797 haec
2188 4746 2420 4798 hactenus
2440 4762 2454 4798 ι
2478 4748 2595 4798 illuc
2608 4747 2751 4799 redeo
2762 4785 2779 4811 ,
2796 4750 2927 4801 unde
2939 4764 3250 4803 excesseram.

1703 4838 1999 4886 Menexenus
2018 4835 2183 4900 itaque
2198 4837 2593 4900 cephisopiiontis
2611 4838 2735 4889 iilius
2744 4876 2761 4902 ,
2782 4839 3089 4902 Cephisodoti
3112 4840 3254 4903 hujus

1702 4920 1916 4988 itemque
1932 4936 2069 4973 meus
2085 4924 2425 4988 consobrinus,
2445 4925 2526 4975 cui
2550 4928 2708 4988 portio
2724 4926 3002 4979 hereditatis
3024 4940 3110 4992 par
3132 4942 3253 4981 meoe

1703 5012 1960 5076 competit,
1976 5012 2213 5063 actionem
2236 5012 2295 5063 ad
2302 5027 2467 5065 versus
2484 5028 2565 5065 eos
2582 5015 2787 5067 instituit
2804 5017 2887 5079 qui
2902 5016 3252 5081 nobisqueipsi·

1701 5114 1796 5165 qne
1812 5101 2012 5152 adversa
2029 5104 2081 5153 et
2110 5102 2255 5152 noxia
2279 5103 2441 5154 testati
2470 5104 2659 5155 ruerant
2674 5140 2691 5167 ,
2718 5108 3080 5168 Lyconemque,
3106 5119 3251 5168 quem

1703 5191 1914 5253 primum
1952 5190 2001 5240 iu
2019 5191 2255 5254 iudicium
2280 5192 2562 5258 induxerat,
2601 5206 2736 5243 reum
2760 5193 2973 5257 peregit3
3014 5206 3099 5257 qm
3122 5197 3251 5257 Lyco

1701 5278 1905 5333 testatus
1930 5279 2085 5333 fuerat
2105 5280 2169 5332 ab
2182 5282 2424 5334 avunculo
2441 5282 2606 5335 nostro
2627 5281 2961 5348 Dicaeogenem
2988 5281 3117 5334 imno
3130 5319 3146 5345 ,
3165 5283 3249 5347 qu‘
