3825 5842
547 432 652 481 14ss

541 550 765 627 ἐγένετο,
789 546 972 614 πείσας
996 550 1131 623 ὑμᾶς
1165 542 1258 615 τὴν
1295 541 1384 601 ἐπὶ
1408 545 1508 601 τῶν
1551 540 1896 623 τετρακοσίων
1940 541 2095 600 πολι-

1508 412 1782 473 ΛΥΣΙΟΥ
1829 414 1878 471 Ο
1924 409 2127 471 ΚΑΤΑ
2174 410 2807 473 ΕΡΑΤΟΣΘΕΝΟΥΣ.

3412 412 3671 495 ‹na-oo>

2184 549 2303 613 fuit,
2334 548 2454 600 dum
2472 548 2607 601 vobis
2629 549 2779 601 suasit
2804 547 2860 599 ut
2884 546 3337 613 quadringentorum
3358 548 3557 601 virorum
3572 553 3694 604 adini·

465 656 514 693 ιυ
541 635 682 695 τείαν
695 634 920 696 ἑλέσθαι.
1005 632 1116 693 Καὶ
1134 637 1161 692 ὁ
1183 629 1277 709 μὲν
1292 628 1466 709 πατὴρ
1490 632 1646 689 αὐτοῦ
1669 633 1772 689 τῶν
1793 628 2097 711 προὸούλων
2186 638 2516 689 nistrationem
2538 637 2867 689 admitteretis.
2886 635 3039 700 Cujus
3064 636 3257 700 quidem
3283 638 3433 700 pater,
3450 653 3584 701 quum
3598 646 3697 692 esset

541 720 614 781 ὢν
650 721 796 781 ταῦτ’
824 720 1096 802 ἔπραττεν,
1131 717 1284 784 αὐτὸς
1315 714 1372 776 δὲ
1399 717 1563 776 δοκῶν
1592 716 1926 785 εὐνούστατος
1968 708 2098 775 εἶναι
2185 740 2313 777 unus
2326 740 2387 777 ex
2401 727 2698 791 principibus
2718 727 2940 790 senatus,
2962 724 3015 775 id
3038 724 3253 789 impense
3268 726 3459 790 agebat,
3483 728 3699 794 effecitque

541 812 646 879 τοῖς
677 809 953 891 πράγμασι
982 806 1270 890 στρατηγὸς
1291 804 1377 865 ὕπ’
1407 807 1578 864 αὐτῶν
1597 804 1777 886 ᾑρέθη.
1865 805 1951 885 (ω)
1991 804 2101 865 Καὶ

543 898 638 965 ἕως
665 898 760 974 μὲν
788 900 1029 975 ἐτιμᾶτο,
1056 895 1242 957 πιστὸν
1285 891 1466 953 ἑαυτὸν
1509 894 1778 974 παρεῖχεν·
1818 892 1999 966 ἐπειδὴ
2046 890 2099 953 δὲ

545 986 866 1066 Πείσανδρον
908 982 1005 1061 μὲν
1051 982 1144 1043 καὶ
1187 981 1560 1062 Κάλλαισχρον
1592 982 1682 1040 καὶ
1728 979 1933 1064 ἑτέρους
1964 979 2099 1061 ἑώρα

545 1072 820 1154 προτέρους
860 1076 1017 1131 αὑτοῦ
1059 1068 1380 1150 γινομένους,
1419 1069 1478 1128 τὸ
1515 1068 1570 1128 δὲ
1607 1064 1861 1151 ’ὑμέτερον
1909 1072 2103 1141 πλῆθος

546 1158 719 1220 οὐκέτι
745 1157 1056 1237 βουλόμενον
1081 1158 1272 1219 τούτων
1303 1159 1590 1238 ἀκροᾶσθαι
1607 1201 1624 1235 ,
1658 1156 1764 1216 τότ’
1789 1157 1891 1231 ἤδη
1935 1157 2020 1216 διά
2045 1179 2102 1216 τε

470 1270 517 1308 ιο
544 1246 632 1307 τὸν
655 1246 780 1326 πρὸς
800 1246 1020 1314 ἐκείνους
1039 1245 1218 1327 φθόνον
1239 1245 1326 1303 καὶ
1349 1244 1410 1303 τὸ
1427 1242 1550 1324 παρ’
1573 1247 1720 1321 ὑμῶν
1745 1243 1854 1313 δέος
1881 1244 2103 1325 μετέσχε

543 1339 648 1394 τῶν
694 1332 1117 1416 Ἀριστοκράτους
1157 1332 1340 1415 ἔργων.
1445 1334 1534 1411 (67)
1567 1332 1886 1411 Βουλόμενος
1934 1332 1990 1391 δὲ
2031 1338 2105 1415 τῷ

547 1422 779 1503 ὑμετέρῳ
806 1422 994 1495 πλήθει
1021 1424 1187 1481 δοκεῖν
1231 1421 1412 1487 πιστὸς
1455 1410 1588 1479 εἶναι
1607 1465 1625 1497 ,
1658 1420 1971 1501 Ἀντιφῶντα
2015 1420 2107 1479 καὶ

546 1510 958 1589 Ἀρχεπτόλεμον
987 1508 1260 1589 φιλτάτους
1293 1507 1443 1575 ὄντας
1479 1510 1621 1588 αὑτῷ
1659 1511 1962 1588 κατηγορῶν
1985 1506 2108 1568 ἀπέ-

547 1621 764 1672 κτεινεν,
808 1600 879 1665 εἷς
917 1604 1160 1657 τοσοῦτον
1189 1595 1244 1657 δὲ
1269 1595 1457 1663 κακίας
1484 1586 1657 1666 ἦλθεν,
1681 1594 1815 1655 ὥστε
1853 1595 1968 1674 ἅμα
2010 1594 2105 1675 μὲν

547 1684 633 1743 διὰ
656 1682 748 1755 τὴν
777 1684 905 1763 πρὸς
931 1684 1152 1750 ἐκείνους
1173 1683 1348 1742 πίστιν
1371 1686 1506 1760 ὑμᾶς
1533 1684 1992 1757 κατεδουλώσατο,
2022 1682 2106 1743 διὰ

548 1773 602 1832 δὲ
630 1772 723 1845 τὴν
751 1772 878 1853 πρὸς
904 1776 1040 1851 ὑμᾶς
1067 1769 1185 1839 τοὺς
1215 1770 1391 1847 φίλους
1417 1770 1703 1831 ἀπώλεσεν.
1789 1774 1882 1851 (as)
1920 1769 2106 1849 Τιμώ-

549 1882 698 1939 μενος
727 1860 780 1917 δὲ
812 1858 902 1918 καὶ
950 1863 1052 1919 τῶν
1090 1856 1348 1937 μεγίστοιν
1397 1857 1720 1937 ἀξιούμενος,
1750 1859 1903 1927 αὐτὸς
1939 1862 2107 1938 ἐπαγ-

468 1963 523 2002 20
547 1946 850 2025 γειλάμενος
876 1944 1062 2005 σώσειν
1101 1944 1196 2017 τὴν
1228 1945 1379 2004 πόλιν
1409 1947 1560 2012 αὐτὸς
1593 1947 1864 2020 ἀπώλεσε,
1896 1946 2108 2029 φάσκων

546 2044 769 2115 πρᾶγμα
792 2032 1066 2115 εὑρηκέναι
1081 2031 1217 2113 μέγα
1237 2032 1327 2092 καὶ
1347 2035 1542 2091 πολλοῦ
1567 2032 1726 2103 ἄξιον.
1815 2034 2109 2116 Ὑπέσχετο

548 2120 606 2181 δὲ
633 2122 842 2200 εἰρήνην
871 2121 1105 2193 ποιήσειν
1143 2119 1278 2198 μήτε
1303 2119 1480 2202 ὅμηρα
1521 2119 1636 2189 δοὺς
1677 2120 1810 2201 μήτε
1855 2120 1923 2182 τὰ
1961 2120 2110 2203 τείχη

550 2208 784 2269 καθελὼν
816 2209 948 2287 μήτε
970 2209 1063 2277 τὰς
1089 2214 1212 2275 ναῦς
1235 2208 1528 2289 παραδούς·
1557 2215 1723 2269 ταῦτα
1748 2209 1804 2270 δὲ
1827 2207 1991 2270 εἰπεῖν
2018 2216 2111 2288 μὲν

547 2298 717 2358 οὐδενὶ
757 2298 1027 2371 ἠθέλησεν,
1071 2297 1308 2357 ἐκέλευσε
1355 2296 1410 2357 δὲ
1459 2300 1603 2378 αὐτῷ
1645 2297 1930 2361 πιστεύειν.
2019 2300 2107 2377 (σε)

553 2388 737 2463 Ὑμεῖς
763 2384 846 2461 δέ,
873 2375 916 2444 ὦ
947 2384 1125 2466 ἄνδρες
1149 2384 1432 2460 Ἀθηναῖοι,
1457 2384 1784 2467 πραττούσης
1822 2384 1914 2463 μὲν
1940 2390 2033 2458 τῆς
2059 2388 2112 2445 ἐν

550 2472 729 2557 Ἀρείῳ
741 2474 896 2556 πάγῳ
921 2475 1109 2554 βουλῆς
1133 2470 1412 2554 σωτηρίαν,
1435 2474 1802 2552 ἀντιλεγόντων
1829 2474 1884 2533 δὲ
1906 2476 2114 2533 πολλῶν

473 2586 526 2625 25
552 2562 884 2644 Θηραμένει,
913 2559 1102 2627 εἰδότες
1129 2559 1184 2619 δὲ
1207 2560 1286 2619 ὅτι
1313 2563 1361 2619 οἱ
1399 2561 1493 2640 μὲν
1523 2561 1672 2621 ἄλλοι
1705 2562 1967 2642 ἄνθρωποι
2008 2566 2112 2622 τῶν

550 2649 814 2728 πολεμίων
865 2648 1036 2709 ἕνεκεν
1079 2646 1383 2730 τάπόρρητα
1423 2654 1720 2723 ποιοῦνται,
1749 2653 1941 2717 ἐκεῖνος
1983 2650 2028 2710 δ’
2060 2652 2113 2711 ἐν

551 2746 656 2807 τοῖς
685 2742 842 2799 αὑτοῦ
870 2734 1107 2804 πολίταις
1141 2738 1234 2797 οὐκ
1271 2736 1520 2809 ἠθέλησεν
1561 2740 1720 2797 εἰπεῖν
1749 2737 1896 2797 ταῦθ’
1922 2736 1955 2796 ἃ
1989 2736 2115 2819 πρὸς

553 2827 670 2895 τοὺς
709 2826 988 2905 πολεμίους
1015 2824 1230 2903 ἔμελλεν
1261 2826 1412 2906 ἐρεῖν,
1439 2822 1581 2904 ὅμως
1612 2826 1930 2908 ἐπετρέψατε
1970 2828 2114 2908 αὐτῷ

555 2914 779 2996 πατρίδα
819 2914 910 2973 καὶ
941 2913 1132 2981 παῖδας
1171 2912 1262 2972 καὶ
1309 2920 1557 2991 γυναῖκας
1602 2914 1693 2971 καὶ
1729 2918 1866 2992 ὑμᾶς
1907 2912 2109 2983 αὗτούς.

555 3002 642 3079 (70)
670 3001 740 3063 Ὁ
753 3001 806 3061 δὲ
832 2993 902 3061 ὧν
924 3001 1018 3076 μὲν
1045 2998 1301 3081 ὑπέσχετο
1327 2999 1470 3059 οὐδὲν
1498 2999 1735 3079 ἔπραξεν,
1759 2999 1895 3061 οὕτω
1924 3002 1977 3061 δὲ
2006 3005 2115 3061 ἐνε-

551 3088 841 3168 τεθύμητο,
881 3091 954 3156 ὡς
995 3086 1102 3168 χρὴ
1149 3086 1339 3168 μικρὰν
1383 3087 1474 3147 καὶ
1515 3090 1704 3161 ἀσθενῆ
1740 3088 1981 3169 γενέσθαι
2018 3090 2115 3163 τὴν

555 3180 730 3253 πόλιν,
760 3176 896 3236 ὥστε
927 3178 1047 3257 περὶ
1066 3168 1138 3235 ὧν
1162 3175 1324 3243 οὐδεὶς
1347 3174 1560 3235 πώποτε
1587 3174 1703 3235 οὔτε
1721 3181 1823 3235 τῶν
1851 3177 2115 3256 πολεμίων

475 3288 530 3327 ao
556 3266 787 3344 ἐμνήσθη
836 3264 954 3324 οὔτε
980 3270 1082 3324 τῶν
1109 3267 1336 3324 πολιτῶν
1358 3264 1580 3343 ἤλπισε,
1605 3266 1751 3324 ταῦθ’
1779 3270 1913 3343 ὑμᾶς
1942 3266 2114 3327 ἔπεισε

553 3352 768 3435 πρᾶξαι,
782 3354 882 3431 οὐχ
891 3352 989 3411 ὑπὸ
1003 3351 1430 3429 Λακεδαιμονίων
1444 3350 1881 3431 ἀναγκαζόμενος,
1897 3356 2015 3414 ἀλλ’
2027 3358 2113 3413 αὖ·

553 3440 639 3507 τὸς
661 3440 868 3506 ἐκείνοις
888 3438 1330 3517 ἐπαγγελλόμενος
1346 3484 1364 3516 ,
1390 3444 1478 3498 τοῦ
1494 3462 1553 3498 τε
1584 3441 1846 3520 Πειραιῶς
1877 3440 1945 3501 τὰ
1964 3442 2113 3523 τείχη

556 3529 808 3609 περιελεῖν
831 3528 920 3586 καὶ
941 3526 1038 3598 τὴν
1059 3526 1399 3606 ὑπάρχουσαν
1419 3526 1682 3585 πολιτείαν
1712 3530 2025 3603 καταλῦσαι,
2058 3522 2116 3589 εῧ

557 3612 703 3681 εἰδὼς
729 3614 808 3673 ὅτι
823 3659 839 3686 ,
867 3617 912 3673 εἰ
928 3612 1004 3689 μὴ
1016 3617 1198 3672 πασῶν
1222 3616 1326 3672 τῶν
1350 3612 1573 3672 ἐλπίδων
1599 3615 2082 3695 ἀποστερηθήσεσθε
2097 3665 2112 3691 ,

555 3708 773 3783 ταχεῖαν
785 3706 911 3781 παρ’
930 3704 1086 3761 αὐτοῦ
1101 3700 1196 3773 τὴν
1216 3700 1474 3782 τιμωρίαν
1494 3708 1774 3780 κομιεῖσθε.
1805 3706 1894 3783 (71)
1930 3706 2035 3765 Καὶ
2058 3706 2115 3765 τὸ

557 3792 876 3865 τελευταῖον,
905 3780 950 3849 ὦ
975 3790 1152 3871 ἄνδρες
1183 3787 1454 3863 δικασταί,
1483 3790 1541 3849 οὐ
1569 3788 1814 3870 πρότερον
1851 3792 1995 3851 εἴασε
2020 3791 2115 3865 τὴν

475 3900 530 3941 aa
555 3878 835 3952 ἐκκλησίαν
859 3878 1120 3958 γενέσθαι,
1147 3876 1243 3944 ἕως
1265 3882 1292 3936 ὁ
1315 3876 1588 3955 λεγόμενος
1611 3881 1698 3937 ὕπ’
1728 3878 1921 3939 ἐκείνου
1942 3880 2118 3963 καιρὸς

557 3967 816 4045 ἐπιμελῶς
857 3966 945 4024 ὑπ’
985 3966 1142 4025 αὐτοῦ
1188 3964 1414 4045 ἐτηρήθη
1429 4010 1446 4043 ,
1489 3964 1582 4024 καὶ
1612 3965 1985 4048 μετεπέμψατο
2022 3966 2116 4043 μὲν

555 4052 648 4120 τὰς
681 4052 815 4130 μετὰ
844 4052 1148 4133 Λυσάνδρου
1177 4056 1301 4119 ναῦς
1328 4054 1388 4111 ἐκ
1417 4050 1630 4129 Σάμου,
1658 4052 1959 4131 ἐπεδήμησε
1983 4056 2037 4114 δὲ
2058 4056 2118 4115 τὸ

555 4140 658 4199 τῶν
685 4138 946 4217 πολεμίων
975 4138 1340 4221 στρατόπεδον.
1385 4140 1476 4219 (72)
1501 4138 1641 4200 Τότε
1658 4138 1712 4199 δὲ
1734 4140 1929 4201 τούτων
1952 4145 2117 4225 ὓπαρ-

556 4228 775 4307 χόντων,
803 4225 892 4287 καὶ
925 4228 1194 4306 παρόντων
1223 4226 1528 4309 Λυσάνδρου
1550 4226 1642 4287 καὶ
1667 4228 2001 4309 Φιλοχάρους
2027 4230 2118 4289 καὶ

557 4316 876 4389 Μιλτιάδου,
904 4315 1028 4397 περὶ
1053 4321 1145 4387 τῆς
1172 4314 1435 4383 πολιτείας
1455 4315 1550 4387 τὴν
1577 4315 1857 4389 ἐκκλησίαν
1886 4318 2113 4399 ἐποίουν,

554 4400 642 4462 ἵνα
671 4402 805 4480 μήτε
833 4403 1006 4485 ῥήτωρ
1036 4403 1217 4481 μηδεὶς
1235 4406 1407 4471 αὐτοῖς
1425 4406 1703 4465 ἐναντιοῖτο
1725 4404 1858 4482 μηδὲ
1883 4407 2115 4485 ἀπειλοῖ,

483 4514 537 4553 so
562 4490 710 4569 ὑμεῖς
753 4514 809 4549 τε
847 4490 923 4568 μὴ
963 4490 1026 4549 τὰ
1055 4496 1122 4572 τῇ
1149 4490 1299 4551 πόλει
1327 4490 1652 4573 συμφέροντα
1696 4491 1926 4566 ἕλοισθε,
1980 4495 2117 4554 ἀλλὰ

439 4572 446 4579 ’
563 4578 816 4646 τάκείνοις
843 4579 1089 4637 δοκοῦντα
1117 4578 1450 4661 ψηφίσαισθε.
1533 4582 1620 4657 (73)
1647 4580 1892 4646 Ἀναστὰς
1910 4580 1967 4639 δὲ
1998 4586 2115 4656 Θη-

559 4666 785 4750 ραμένης
811 4665 1078 4728 ἐκέλευσεν
1105 4672 1238 4747 ὑμᾶς
1266 4667 1544 4746 τριάκοντα
1573 4666 1817 4748 ἀνδράσιν
1843 4668 2117 4752 ἐπιτρέψαι

557 4755 652 4831 τὴν
679 4756 850 4832 πόλιν,
875 4756 966 4817 καὶ
1007 4760 1072 4837 τῇ
1113 4756 1352 4837 πολιτείᾳ
1396 4760 1626 4836 χρῆσθαι
1661 4754 1727 4828 ἣν
1767 4756 2117 4835 Δρακοντίδης

561 4844 862 4929 ἀπέφαινεν.
953 4844 1136 4923 Ὑμεῖς
1164 4847 1208 4903 δ’
1237 4844 1377 4922 ὅμως
1399 4844 1488 4903 καὶ
1510 4843 1644 4903 οὕτω
1666 4844 1977 4923 διακείμενοι
1998 4849 2115 4907 ἐθο-

563 4932 764 5014 ρυὸεῖτε
793 4938 862 5001 ὡς
888 4936 946 4993 οὗ
975 4934 1274 5005 ποιήσόντες
1309 4938 1502 4993 ταῦτα·
1540 4932 1842 5011 ἐγινώσκετε
1887 4933 1990 5015 γάρ
2037 4934 2117 4994 ὅτι

559 5022 680 5102 περὶ
703 5020 934 5089 δουλείας
951 5020 1040 5080 καὶ
1064 5019 1352 5100 ἐλευθερίας
1370 5022 1424 5079 ἐν
1443 5020 1610 5099 ἐκείνῃ
1634 5024 1699 5102 τῇ
1722 5019 1895 5102 ἡμέρᾳ
1926 5023 2113 5095 ἐκκλη-

561 5110 780 5178 σιάζετε.
867 5110 958 5189 (74)
987 5108 1304 5188 Θηραμένης
1337 5106 1418 5183 δέ,
1442 5098 1488 5168 εἶ)
1517 5109 1690 5190 ἄνδρες
1718 5106 1963 5168 δικασταί
1993 5112 2010 5189 (
2026 5111 2116 5170 καὶ

463 5196 756 5265 luroris-mv
783 5200 918 5277 ὑμᾶς
953 5195 1137 5264 αὐτοὺς
1172 5195 1438 5279 μάρτυρας
1471 5196 1829 5280 παρέξομαι),
1855 5188 1995 5257 εἶπεν
2035 5198 2113 5260 ὅτι

2188 816 2243 865 ut
2254 814 2401 878 ipsius
2414 814 2541 866 iilius
2554 815 2637 879 qui
2654 814 2706 865 in
2714 814 2932 879 publicas
2944 827 3017 864 res
3031 815 3275 864 strenuam
3290 828 3479 879 operam
3488 816 3702 867 videbatur

2189 902 2493 968 impendere,
2512 903 2615 955 dux
2640 902 2879 954 exercitus
2901 902 3171 967 eligeretur.
3197 902 3298 967 (66)
3361 903 3421 953 Et
3438 916 3543 953 sane
3561 906 3704 955 Thera·
3774 956 3776 961 ,

2189 1004 2367 1053 menes,
2390 990 2621 1055 quamdiu
2640 992 2793 1055 gratia
2808 990 3052 1041 ethonore
3066 990 3245 1053 iloruit,
3264 1004 3315 1043 se
3324 990 3503 1042 fidelem
3518 993 3705 1055 praestitit

2191 1080 2466 1143 reipublicae
2511 1100 2525 1131 ι
2567 1080 2651 1130 ubi
2688 1093 2807 1131 vero
2842 1079 3185 1131 animadvertit
3220 1079 3524 1144 Pisandrum,
3562 1084 3707 1135 callae-

2191 1168 2387 1220 schrum
2406 1170 2555 1233 atque
2572 1168 2694 1219 alios
2714 1182 2765 1219 se
2784 1169 3075 1218 auctoritate
3091 1166 3273 1218 anteire
3284 1205 3300 1232 ,
3316 1169 3619 1233 populumque
3636 1173 3707 1223 sibi

2188 1256 2289 1319 iam
2320 1270 2417 1307 non
2453 1271 2637 1308 morem
2660 1270 2850 1321 gerere;
2874 1258 2982 1307 tum
3004 1255 3202 1307 demum
3236 1256 3428 1307 illorum
3451 1256 3614 1309 invidia
3638 1275 3708 1311 re·

2195 1347 2390 1409 stroque
2408 1348 2544 1397 metu
2562 1345 2801 1397 adductus
2824 1344 3106 1397 Aristocrati
3118 1358 3169 1395 se
3184 1333 3371 1394 socium
3387 1344 3605 1408 adJunxit.
3631 1349 3707 1411 (67)

2194 1439 2263 1485 Ac
2285 1448 2436 1498 quum
2454 1436 2600 1485 vellet
2616 1434 2829 1485 studium
2852 1433 3064 1484 suumin
3086 1433 3317 1497 populum
3336 1447 3619 1498 expromere,
3637 1442 3710 1485 An·

2193 1521 2458 1585 tiphontem
2472 1524 2524 1573 et
2552 1522 2974 1585 Archeptolemum
2994 1521 3081 1571 sibi
3105 1520 3418 1571 amicissimos
3446 1520 3493 1569 in
3509 1520 3708 1585 judicium

2194 1612 2392 1661 vocatos
2409 1611 2665 1673 interfecit,
2682 1624 2833 1674 eoque
2852 1609 2985 1660 venit
2999 1608 3337 1673 improbitatis,
3362 1610 3417 1658 ut
3428 1608 3583 1659 eadem
3595 1622 3712 1674 opera

2194 1699 2388 1763 propter
2422 1698 2567 1748 iidem
2600 1711 2711 1761 erga
2744 1697 2854 1749 ilios
2887 1711 2975 1749 vos
3010 1697 3063 1746 in
3094 1696 3377 1748 servitutem
3410 1696 3646 1761 redegerit,
3675 1705 3713 1751 et

2195 1788 2391 1849 propter
2410 1785 2612 1837 eandem
2632 1800 2747 1849 erga
2778 1798 2891 1848 vos,
2913 1786 3094 1835 amicos
3110 1783 3388 1849 perdiderit.
3424 1785 3517 1850 (68)
3537 1788 3711 1837 Maximo

2196 1873 2339 1937 igitur
2356 1875 2537 1924 honore
2554 1873 2865 1937 maximaque
2885 1872 3172 1923 auctoritate
3184 1872 3375 1937 pollens
3386 1909 3402 1936 ,
3417 1887 3559 1937 quum
3576 1874 3712 1925 civita·

2196 1964 2295 2011 tem
2312 1962 2593 2012 servandam
2612 1962 2661 2011 in
2679 1974 2731 2012 se
2748 1962 3019 2025 recepisset,
3036 1961 3135 2025 ipse
3151 1961 3287 2011 solus
3299 1962 3467 2012 evertit
3476 1979 3491 2023 ;
3508 1962 3712 2014 affin-mam

2196 2048 2424 2099 nimirum
2434 2062 2486 2100 se
2499 2051 2826 2099 commentum
2836 2050 3017 2113 insigne
3028 2048 3321 2113 maximique
3333 2050 3469 2112 pretii
3481 2051 3711 2112 repperisse.

2205 2136 2444 2188 promittit
2460 2140 2638 2201 quippe
2654 2150 2706 2187 sc
2717 2150 2887 2201 pacem
2900 2137 3161 2198 facturum,
3180 2149 3343 2201 neque
3357 2135 3478 2187 datis
3495 2136 3713 2201 obsidibus,

2206 2236 2363 2287 neque
2398 2224 2550 2275 muris
2583 2224 2780 2287 dirutiS,
2816 2238 2974 2289 neque
2996 2224 3201 2275 navibus
3236 2223 3441 2274 traditis.
3503 2226 3597 2274 Hoc
3627 2240 3716 2275 rem

2200 2312 2379 2362 nemini
2397 2313 2645 2363 enuntiare
2660 2313 2842 2375 voluit,
2863 2312 2949 2365 sed
2970 2313 3114 2363 iidem
3134 2312 3225 2363 sibi
3244 2311 3389 2375 jussit
3410 2310 3620 2362 adhiberi.
3640 2314 3716 2377 (69)

2202 2402 2304 2450 Vos
2326 2402 2489 2451 autem
2502 2437 2518 2464 ,
2546 2401 2855 2451 Athenienses
2868 2438 2884 2465 ,
2916 2414 3067 2465 quum
3098 2403 3301 2451 senatus
3324 2398 3656 2463 Areopagiticus
3672 2400 3719 2451 de

2202 2488 2359 2538 salute
2375 2490 2537 2539 vestra
2554 2490 2679 2539 esset
2694 2488 2931 2539 sollicitus
2942 2526 2957 2553 ,
2978 2488 3272 2553 plurimique
3294 2488 3570 2539 Therameni
3585 2486 3719 2538 adver·

2202 2577 2439 2638 serentur,
2460 2589 2529 2627 ac
2551 2589 2639 2625 vos
2660 2576 2812 2639 probe
2833 2576 3093 2627 nosceretis
3112 2578 3302 2627 ceteros
3328 2576 3519 2641 quidem
3538 2576 3722 2626 homines

2202 2664 2253 2713 id
2277 2678 2415 2728 agere
2436 2678 2499 2715 ne
2516 2667 2699 2715 secreta
2718 2665 2937 2717 hostibus
2954 2666 3115 2730 palam
3138 2664 3287 2729 fiant,
3316 2667 3369 2715 at
3394 2664 3536 2715 istum
3552 2664 3723 2715 noluisse

2204 2765 2315 2801 cum
2346 2752 2447 2803 suis
2471 2753 2655 2803 civibus
2678 2753 3038 2804 communicare
3067 2764 3180 2817 qum
3205 2752 3431 2804 hostibus
3459 2755 3557 2803 erat
3576 2767 3723 2803 renun-
3775 2734 3776 2741 ί

2202 2839 2435 2905 tiaturus3
2468 2841 2615 2891 nihilo
2646 2844 2807 2892 tamen
2839 2842 2994 2892 secius
3022 2842 3103 2892 isti
3134 2840 3443 2892 commisistis
3473 2841 3522 2891 et
3550 2842 3722 2903 patriam

2204 2930 2254 2978 et
2282 2928 2458 2979 liberos
2495 2931 2544 2979 et
2572 2943 2747 2981 uxores
2772 2932 2821 2981 et
2853 2930 3184 2994 vosmetipsos.
3250 2930 3355 2993 (70)
3376 2932 3551 2979 Verum
3582 2931 3657 2980 iste
3668 2932 3725 2978 ni·

2202 3016 2271 3067 hil
2289 3017 2487 3068 omnino
2514 3031 2684 3069 eorum
2710 3032 2821 3081 quae
2838 3018 3080 3082 pollicitus
3102 3019 3206 3067 erat
3226 3018 3479 3083 praestitit,
3496 3017 3653 3068 sedita
3666 3018 3724 3066 in-

2203 3104 2358 3155 tendit
2374 3104 2536 3155 animo
2551 3142 2568 3168 ,
2588 3107 2645 3155 ut
2670 3106 2945 3169 reipublicae
2967 3105 3095 3156 vires
3124 3106 3540 3168 imminuerentur,
3568 3107 3617 3155 ut
3638 3119 3726 3168 quae

2204 3192 2321 3242 nulli
2344 3207 2559 3256 unquam
2590 3194 2797 3244 hoetium
2818 3193 2870 3243 in
2898 3196 3113 3244 mentem
3135 3196 3369 3245 venerant
3399 3207 3551 3258 neque
3579 3194 3727 3244 civium

2206 3282 2460 3343 quisquam
2480 3281 2819 3345 exspectabat,
2842 3294 2901 3331 ea
2916 3282 3052 3332 vobis
3072 3281 3254 3345 agenda
3277 3282 3585 3345 persuaserit,
3606 3296 3687 3333 non
3706 3296 3728 3330 a

2203 3368 2579 3419 Lacedaemoniis
2604 3371 2827 3432 coactus,
2856 3369 2942 3420 sed
2968 3370 3069 3433 ipse
3102 3370 3197 3420 illis
3228 3372 3405 3433 sponte
3436 3371 3660 3433 pollicitus
3686 3382 3727 3419 se

2206 3455 2373 3506 Piraeei
2391 3470 2555 3507 muros
2577 3456 2938 3520 demoliturum,
2962 3459 3009 3507 et
3028 3460 3315 3520 praesentem
3338 3457 3726 3509 administrationis

2205 3545 2440 3595 rationem
2462 3544 2833 3607 dissoluturum;
2852 3546 2946 3595 hoc
2966 3546 3149 3597 scilicet
3169 3559 3256 3609 pro
3280 3548 3527 3610 comperto
3549 3545 3728 3606 habens,

2204 3630 2362 3694 quod,
2381 3631 2471 3680 nisi
2496 3630 2652 3681 omnis
2674 3631 2839 3681 salutis
2855 3643 2962 3695 spes
2978 3629 3115 3681 vobis
3136 3630 3261 3682 esset
3289 3632 3482 3695 erepta,
3504 3631 3664 3682 celeres
3680 3630 3730 3678 ab

2206 3736 2264 3774 eo
2286 3737 2451 3787 poenas
2476 3726 2765 3788 repeteretis.
2830 3723 2929 3789 (71)
2952 3723 3027 3775 Ad
3048 3725 3345 3788 postremum
3359 3762 3375 3789 ,
3404 3725 3607 3788 iudices,
3632 3738 3729 3773 eon-

2206 3812 2393 3863 cionem
2412 3814 2545 3876 prius
2561 3813 2727 3863 haberi
2742 3826 2839 3864 non
2856 3812 3101 3877 permisit,
3118 3825 3267 3876 qnam
3284 3813 3479 3876 tempus
3494 3812 3553 3861 ab
3569 3813 3657 3875 ipso
3672 3811 3731 3859 in-

2206 3906 2392 3957 dictum
2411 3907 2474 3957 ab
2502 3907 2605 3969 ipso
2624 3909 2849 3957 accurate
2871 3909 2997 3958 esset
3016 3906 3327 3958 observatum
3339 3921 3534 3971 ;·quam
3560 3906 3730 3957 classem

2206 4014 2317 4065 quse
2355 4015 2468 4053 cum
2501 4001 2749 4065 Lysandro
2783 4001 2875 4052 ruit
2892 4014 2921 4052 e
2958 4004 3101 4053 Samo
3127 4001 3432 4065 adduxisset,
3459 4002 3733 4065 hostiumque

2206 4096 2446 4146 exercitus
2462 4094 2563 4157 iarn
2590 4096 2639 4143 in
2660 4094 2837 4145 tinibus
2861 4094 3036 4146 nostris
3056 4094 3261 4146 adesset.
3330 4095 3429 4159 (72)
3460 4099 3591 4147 'runc
3614 4095 3734 4145 rebus

2206 4187 2275 4237 ita
2292 4187 2562 4237 constitutis
2573 4223 2588 4250 ,
2608 4188 2659 4236 et
2674 4186 2989 4250 praesentibus
3006 4187 3251 4250 Lysandro
3263 4225 3278 4251 ,
3300 4188 3577 4239 philochare
3589 4190 3634 4238 et
3649 4186 3735 4238 Mil*

2207 4282 2363 4344 tiade,
2386 4282 2466 4332 isti
2492 4280 2553 4332 de
2578 4281 2795 4333 ornanda
2816 4280 3061 4345 republica
3078 4282 3359 4333 concionem
3384 4284 3665 4346 habuerunt,
3686 4284 3731 4331 ut

2207 4388 2363 4439 neque
2388 4378 2549 4426 orator
2568 4374 2805 4439 quispiam
2826 4375 2941 4439 ipsis
2961 4377 3050 4425 aut
3078 4374 3414 4435 adversaretur
3445 4380 3529 4428 aut
3548 4378 3731 4427 minare·

2206 4474 2307 4534 tur,
2326 4483 2386 4521 ac
2400 4484 2487 4520 vos
2504 4484 2601 4520 non
2620 4484 2729 4533 quae
2752 4470 2933 4520 civitati
2951 4470 3205 4533 profutura
3221 4473 3380 4522 essent
3400 4472 3647 4535 eligeretis,
3664 4470 3735 4521 sed

2207 4575 2319 4625 quae
2348 4561 2443 4612 illis
2466 4560 2743 4611 viderentur
2766 4559 3054 4610 statueretis.
3122 4559 3222 4623 (73)
3252 4561 3324 4611 tbi
3352 4574 3548 4625 surgens
3578 4560 3734 4611 Thera-

2209 4666 2372 4703 menes
2405 4652 2629 4703 hortatur
2653 4654 2711 4702 ut
2733 4652 2849 4703 viris
2880 4652 3075 4715 triginta
3100 4654 3462 4705 committeretis
3494 4652 3735 4718 rempubli-

2207 4758 2341 4808 cam,
2366 4756 2518 4808 eaque
2558 4742 2982 4795 administrationis
3011 4744 3167 4795 forma
3198 4746 3449 4796 uteremini
3468 4760 3607 4811 quam
3628 4749 3749 4797 Dra·.

2204 4836 2423 4888 contidoe
2442 4835 2787 4899 praescriberet.
2814 4838 2913 4885 Vos
2936 4837 3097 4887 autem
3112 4873 3127 4898 ,
3152 4836 3373 4898 quamvis
3400 4836 3451 4885 in
3472 4849 3530 4885 eo
3551 4836 3651 4885 loeo
3674 4848 3738 4884 res

2203 4928 2377 4977 vestrae
2410 4926 2596 4991 essent,
2620 4925 3049 4977 tumultuabamini
3072 4928 3264 4990 tamen,
3296 4926 3431 4977 velut
3460 4927 3543 4990 qui
3572 4940 3625 4976 ea
3652 4940 3739 4975 non

2204 5018 2307 5069 sitis
2324 5017 2495 5068 facturi
2506 5034 2523 5081 3
2546 5017 2877 5080 intelligebatis
2903 5017 3031 5067 enim
3054 5018 3139 5067 illo
3165 5018 3243 5067 die
3262 5020 3337 5081 agi
3366 5018 3424 5068 de
3459 5018 3678 5068 servitute
3698 5019 3739 5068 et

2204 5111 2443 5163 libertate.
2511 5110 2608 5175 (74)
2630 5112 2694 5161 At
2711 5111 3034 5162 Theramenes
3058 5110 3237 5174 (huius
3254 5112 3323 5161 rei
3352 5124 3437 5161 vos
3465 5112 3589 5174 ipsos
3610 5112 3739 5160 testes

2204 5206 2405 5272 faciam)
2432 5206 2625 5271 negavit
2647 5208 2863 5259 vestrum
2886 5205 3155 5257 tumultum
3184 5206 3275 5257 sibi
3305 5220 3433 5257 curae
3452 5220 3577 5270 esse,
3602 5219 3737 5271 quum
