3825 5842
150 467 236 551 (ωε
250 462 420 541 -ω

1073 459 1318 522 LYSIAE'.
1360 460 1658 522 CONTRA
1698 458 2169 525 ALCIBIADEM
2210 466 2331 527 OB.
2370 468 2419 527 1.

3214 486 3321 539 165

143 595 514 681 ἁμαρτημάτων
539 592 750 673 μάλισθ’
769 594 905 669 ὑμᾶς
925 590 1284 672 ὀργιζομένους
1301 590 1392 651 καὶ
1415 593 1674 669 μηδεμιᾶς
1766 600 2136 664 existimabunt,
2165 602 2204 652 si
2225 601 2545 655 intellexerint
2562 619 2648 657 vos
2672 606 2948 669 huiusmodi
2962 606 3151 672 flagitiis
3166 612 3324 674 gravi-

143 684 426 766 σογγνώμης
443 682 563 749 τοὺς
585 684 942 758 ἀκοσμοῦντας
967 683 1019 739 ἐν
1045 684 1122 760 τῷ
1145 679 1364 761 πολέμῳ
1390 680 1669 759 τυγχάνον-

142 800 235 841 τας.
317 774 406 848 (ιι)
444 769 782 847 Ἐνθυμεῖσθε
808 770 876 841 δ’,
895 757 939 827 ὦ
959 767 1137 848 ἄνδρες
1160 767 1434 845 δικασταί,
1460 767 1540 827 ὅτι
1568 772 1671 827 τῶν

145 864 446 943 στρατιωτῶν
475 862 524 918 οἱ
558 855 653 935 μὲν
687 856 970 934 κάμνοντες
999 854 1302 934 ἐτύγχανον,
1331 858 1380 913 οἱ
1412 854 1467 913 δὲ
1489 856 1674 923 ἐνδεεῖς

143 952 262 1017 ὄντες
281 952 377 1007 τῶν
405 944 734 1023 ἐπιτηδείων,
762 944 857 1003 καὶ
884 942 1049 1017 ἡδέως
1073 942 1137 1003 ἂν
1161 945 1208 1003 οῖ
1239 941 1333 1021 μὲν
1357 945 1410 1001 ἐν
1435 944 1548 1011 ταῖς
1569 942 1669 1002 πό-

143 1041 238 1099 λεσι
254 1034 649 1112 καταμείναντες
669 1031 1066 1113 ἐθεραπεύοντο,
1085 1034 1132 1091 οἳ
1154 1031 1208 1090 δὲ
1233 1030 1402 1090 οἴκαδ’
1420 1030 1671 1091 ἀπελθόν-

73 1140 210 1187 ι4ιτες
229 1120 320 1175 τῶν
345 1112 916 1191 οἰκείωνέπεμέλοντο,
939 1114 986 1171 οἱ
1017 1110 1071 1170 δὲ
1104 1110 1245 1193 ψιλοὶ
1278 1110 1670 1191 ἐστρατεύοντο,

145 1209 182 1265 οἱ
199 1204 244 1264 δ’
263 1207 311 1264 ἐν
339 1211 443 1271 τοῖς
473 1205 722 1262 ἱππεῦσιν
751 1200 1064 1260 ἐκινδύνευον
1081 1222 1096 1237 ·
1155 1200 1243 1279 (ts)
1272 1200 1390 1257 ἀλλ’
1420 1197 1560 1279 ὅμως
1578 1202 1672 1258 οὐκ

145 1294 364 1367 ἐτολμᾶτε
405 1292 684 1349 ἀπολιπεῖν
713 1287 807 1358 τὰς
844 1286 1014 1358 τάξεις
1053 1284 1169 1347 οὐδὲ
1216 1286 1283 1346 τὰ
1317 1286 1512 1367 ἀρεστὰ
1552 1288 1672 1363 {suiv

142 1382 290 1447 αὐτοῖς
306 1382 592 1459 αἱρεῖσθαι,
617 1376 756 1438 ἀλλὰ
775 1376 906 1436 πολὺ
935 1378 1136 1455 μᾶλλον
1158 1376 1426 1458 ἐφοὸεῐσθε
1446 1374 1564 1443 τοὺς
1579 1381 1672 1448 τῆς

143 1470 310 1535 πόλεως
329 1468 513 1545 νόμους
537 1466 576 1540 ἢ
593 1466 684 1527 τὸν
701 1466 832 1547 πρὸς
851 1464 969 1533 τοὺς
983 1463 1261 1542 πολεμίους
1288 1464 1541 1523 κίνδυνον.
1567 1454 1671 1524 ’Ὧν

141 1554 224 1635 χρὴ
245 1553 598 1633 μεμνημένους
616 1558 750 1631 ὑμᾶς
768 1552 877 1612 νυνὶ
902 1552 996 1625 τὴν
1021 1556 1190 1633 ψῆφον
1215 1550 1404 1634 φέρειν,
1427 1552 1516 1611 καὶ
1541 1561 1672 1612 πᾶσι

93 1674 112 1711 5
143 1642 330 1724 φανερὸν
353 1650 518 1701 ποιεῖν
539 1640 622 1701 ὅτι
644 1640 926 1714 Ἀθηναίων
953 1644 1000 1700 οἱ
1023 1637 1096 1716 μὴ
1123 1640 1428 1719 βουλόμενοι
1457 1640 1560 1707 τοῖς
1581 1664 1672 1699 πο·

141 1730 308 1807 λεμίοις
335 1726 598 1810 μάχεσθαι
621 1730 704 1812 ὑφ’
732 1733 878 1808 ὑμῶν
904 1733 1082 1797 κακῶς
1111 1728 1402 1789 πείσονται.

209 1839 266 1879 ts.
305 1817 568 1895 Ἧγοῦμαι
597 1818 665 1889 δ’,
706 1807 750 1877 ὦ
779 1816 958 1898 ἄνδρες
987 1814 1261 1888 δικασταί,
1293 1814 1413 1895 περὶ
1447 1812 1541 1893 μὲν
1581 1820 1670 1874 τοῦ

143 1908 274 1983 νόμου
301 1906 386 1965 καὶ
415 1908 582 1965 αὐτοῦ
605 1900 697 1965 τοῧ
725 1904 1034 1987 πράγματος
1061 1906 1160 1983 οὔχ
1191 1902 1317 1973 ἕξειν
1347 1902 1532 1971 αὐτοὺς
1567 1902 1600 1961 δ’
1622 1927 1672 1963 τι

143 1992 354 2063 λέξουσιν·
395 1992 766 2061 ἀναὸαίνοντες
794 1994 838 2052 δ’
863 1996 997 2070 ὑμᾶς
1023 1989 1377 2061 ἐξαιτήσονται
1405 1990 1495 2051 καὶ
1529 1996 1668 2051 ἀντι·

145 2082 434 2154 ὅολήσουσιν,
455 2082 556 2140 οὐκ
585 2080 842 2151 ἀξιοῦντες
868 2085 960 2139 τοῦ
987 2078 1312 2139 Ἀλκιὸιάδου
1335 2078 1469 2148 υἱέος
1490 2078 1673 2141 τοσαύ·

143 2195 220 2243 την
251 2170 426 2230 δειλίαν
463 2173 834 2248 καταγνῶναι,
866 2171 936 2235 ὣς
965 2170 1156 2227 ἐκεῖνον
1195 2170 1401 2228 πολλῶν
1444 2170 1672 2253 ἀγαθῶν,

143 2262 242 2317 ἀλλ’
263 2258 370 2337 οὐχὶ
393 2259 608 2317 πολλῶν
633 2261 809 2317 κακῶν
839 2254 1002 2315 αἴτιον
1024 2256 1383 2335 γεγενημένον,
1411 2256 1468 2317 δν
1498 2260 1543 2316 εἰ
1569 2280 1668 2329 τη-

87 2368 123 2406 ιο
141 2348 340 2405 imnum
365 2344 486 2405 ὄντα
525 2344 898 2414 ἀπεκτείνατε,
935 2341 1018 2403 ὅτε
1048 2348 1253 2423 πρῶτον
1281 2346 1353 2411 εἷς
1389 2346 1524 2422 ὑμᾶς
1547 2344 1668 2403 ἐλά-

145 2433 242 2493 6ετε
269 2430 687 2513 ἐξαμαρτάνοντα
701 2477 717 2506 ,
743 2434 837 2491 οὐκ
857 2430 919 2491 διν
944 2420 1176 2509 ἐγένοντο
1199 2430 1461 2543 συμςρρραὶ
1480 2435 1671 2491 τοσαῦ-

141 2544 212 2579 ται
235 2525 290 2601 τῇ
309 2520 466 2579 πόλει.
583 2522 675 2599 (17)
701 2518 879 2581 Δεινὸν
913 2516 970 2577 δέ
1007 2543 1096 2595 μοι
1117 2520 1291 2597 δοκεῖ,
1320 2544 1364 2579 ω
1391 2519 1567 2600 ἄνδρες
1596 2520 1667 2578 δι-

145 2608 330 2686 κασταί,
354 2600 509 2682 εἶναι,
539 2612 590 2669 εἰ
613 2610 772 2667 αὐτοῦ
793 2606 885 2685 μὲν
907 2606 1100 2666 ἐκείνου
1125 2607 1343 2667 θάνατον
1362 2607 1670 2685 κατέγνωτε,

150 2703 216 2755 τοῦ
233 2696 278 2755 δὲ
303 2700 404 2755 υἱοῦ
433 2698 738 2764 ἀδικοῦντος
761 2698 826 2755 δι’
848 2697 1038 2754 ἐκεῖνον
1063 2696 1466 2777 ἀποψηφιεῖσθε,
1489 2694 1544 2762 ὃς
1575 2698 1669 2762 αὐς

145 2786 212 2853 τὸς
244 2786 324 2863 μὲν
347 2788 436 2845 οὐκ
456 2786 663 2865 ἐτόλμα
694 2788 808 2863 μεθ’
836 2786 981 2861 ὑμῶν
1011 2782 1305 2864 μάχεσθαι,
1333 2789 1362 2844 ὁ
1397 2784 1452 2843 δὲ
1491 2782 1668 2865 πατὴρ

146 2876 274 2933 αὐτοῦ
299 2872 424 2951 μετὰ
442 2878 548 2933 τῶν
574 2872 846 2951 πολεμίων
869 2872 1013 2943 ἠξίου
1043 2871 1432 2954 στρατεύεσθαι.
1460 2871 1566 2932 Καὶ
1586 2870 1671 2930 ὅτε

147 2962 223 3039 μὲν
241 2967 350 3030 παῖς
367 2960 436 3021 ὢν
455 2960 608 3021 οὔπω
632 2960 785 3032 δῆλος
803 2951 864 3033 ἦν
887 2957 1064 3026 ὁποῖός
1083 2982 1161 3026 τις
1186 2958 1334 3018 ἔσται
1349 3004 1366 3035 ,
1393 2957 1478 3017 διὰ
1496 2958 1562 3017 τὰ
1580 2965 1670 3018 τοῦ

90 3074 124 3110 is
143 3052 304 3133 πατρὸς
317 3050 680 3131 ἁμαρτήματα
695 3048 867 3127 ὀλίγου
881 3049 987 3115 τοῖς
1006 3048 1187 3107 ἕνδεκα
1201 3046 1480 3129 παρεδόθη·
1494 3047 1670 3119 ἐπειδὴ

147 3141 190 3200 δὲ
215 3142 324 3221 πρὸς
361 3148 463 3208 τοῖς
495 3136 685 3217 ἐκείνῳ
719 3136 1099 3217 πεπραγμένοις
1132 3134 1410 3194 ἐπίστασθε
1449 3135 1540 3193 καὶ
1573 3133 1670 3207 τὴν

145 3230 295 3287 τούτου
313 3226 582 3308 πονηρίαν,
607 3224 802 3284 δια-τὸν
818 3224 1020 3305 πατέρα
1043 3226 1203 3292 ἐλεεῖν
1225 3221 1380 3281 αὐτὸν
1401 3219 1672 3295 ἀξιώσετε,

150 3316 218 3395 (ιε)
237 3319 339 3379 Οὔκ
353 3306 442 3384 οὖν,
459 3313 652 3387 δεινόν,
675 3302 720 3371 ὦ
739 3311 915 3393 ἄνδρες
936 3308 1205 3382 δικασταί,
1233 3309 1442 3376 τούτους
1465 3307 1560 3386 μὲν
1583 3311 1670 3367 οὖ-

147 3429 227 3471 rm<
249 3408 460 3483 εὐτυχεῖς
487 3395 629 3462 εἶναι
667 3399 812 3478 ὥστ’,
845 3398 1052 3459 ἐπειδὰν
1083 3396 1524 3477 ἐξαμαρτάνοντες
1567 3398 1670 3470 λη-

147 3495 304 3572 φθῶσι,
323 3491 402 3550 διὰ
426 3490 484 3549 τὸ
509 3492 688 3549 αὐτῶν
711 3490 854 3567 γένος
881 3488 1162 3557 σώζεσθαι,
1191 3490 1331 3564 ἡμᾶς
1354 3484 1435 3558 δέ,
1457 3488 1502 3545 εἶ
1523 3487 1670 3545 ἐδυσ-

145 3579 410 3657 τυγήσαμεν
441 3578 526 3637 διὰ
569 3574 695 3645 τοὺς
735 3575 893 3644 οὕτως
936 3578 1316 3646 ἀτακτοῦντας,
1366 3572 1566 3651 μηδένα
1608 3572 1671 3632 ἂν

89 3648 358 3725 incidissem
394 3664 539 3747 παρὰ
587 3668 693 3723 τῶν
723 3662 984 3741 πολεμίων
1025 3661 1394 3733 ἐξαιτήσασθαι
1429 3659 1561 3739 μηδὲ
1589 3660 1674 3719 διὸ.

147 3754 219 3819 τὰς
238 3758 326 3812 τῶν
345 3754 612 3835 προγόνων
637 3749 848 3831 ἀρετάς,
923 3752 1011 3829 (19)
1041 3748 1229 3810 Καίτοι
1255 3748 1448 3808 πολλαὶ
1476 3748 1566 3807 καὶ
1588 3774 1674 3827 με·

146 3842 276 3917 γάλαι
303 3843 389 3901 καὶ
412 3840 540 3923 ὗπέρ
575 3841 822 3899 ἁπάντων
851 3843 954 3897 τῶν
993 3836 1262 3909 Ἑλλήνων
1285 3832 1555 3915 γεγόνασι,
1583 3838 1674 3895 καὶ

149 3928 264 3987 οὐδὲν
301 3932 469 4006 ὅμοιαι
503 3929 616 3995 τοῖς
643 3927 745 3986 ὑπὸ
783 3926 976 3985 τούτων
1005 3924 1126 4005 περὶ
1160 3923 1254 3995 τὴν
1282 3924 1432 3983 πόλιν
1463 3947 1673 4005 πεπρα-

147 4016 343 4092 γμένοις,
365 4008 408 4076 ὦ
435 4016 619 4097 ἄνδρες
643 4012 904 4073 δικασταί.
951 4015 1018 4075 Εἰ
1043 4012 1089 4071 δ’
1113 4015 1296 4072 ἐκεῖνοι
1321 4012 1526 4099 δοκοῦσι
1553 4014 1674 4092 βελ-

147 4104 259 4174 τίους
287 4096 411 4165 εἶναι
439 4106 692 4175 σώζοντες
731 4102 848 4170 τοὺς
875 4101 1076 4183 φίλους,
1107 4102 1262 4171 δῆλον
1295 4098 1376 4158 ὅτι
1403 4100 1494 4159 καὶ
1530 4102 1676 4177 ὑμεῖς

147 4193 352 4267 ἀμείνους
373 4191 542 4261 δόξετε
565 4182 702 4251 εἶναι
723 4188 1100 4270 τιμωρούμενοι
1126 4186 1241 4254 τοὺς
1263 4185 1493 4267 ἐχθρούς.
1581 4186 1676 4267 (20)

149 4280 272 4350 Ἀξιῶ
293 4282 354 4354 δ’,
372 4272 415 4341 ff>
437 4280 621 4361 ἄνδρες
644 4279 902 4351 δικασταί,
923 4275 1013 4337 ἐὰν
1033 4276 1128 4353 μέν
1148 4298 1280 4343 τινες
1297 4279 1399 4334 τῶν
1417 4279 1674 4353 συγγενῶν

95 4392 130 4429 ’.τι
149 4370 274 4427 αὐτὸν
301 4368 631 4444 ἐξαιτῶνται,
661 4366 950 4446 ὀργίζεσθαι
977 4364 1056 4423 ὅτι
1086 4363 1266 4423 τούτου
1295 4360 1388 4440 μὲν
1431 4364 1525 4421 οὐκ
1554 4364 1674 4421 ἐπε·

151 4457 368 4536 χείρησαν
390 4460 669 4531 δεηθῆναι,
694 4454 730 4526 ἢ
749 4452 1009 4528 δεηθέντες
1027 4454 1118 4511 οὔκ
1143 4451 1384 4509 ἐδύναντο
1411 4448 1673 4530 εὑρέσθαι,

153 4548 291 4602 ποιεῖν
309 4544 372 4603 τὰ
399 4546 498 4604 ὑπὸ
519 4548 615 4615 τῆς
639 4542 840 4610 πόλεως
859 4538 1310 4623 προσταττόμενα,
1335 4541 1471 4614 ὑμᾶς
1495 4534 1548 4595 δὲ
1569 4536 1678 4596 πεί-

156 4634 239 4689 θειν
261 4637 530 4714 πειρῶνται
557 4636 630 4699 ὣς
663 4632 722 4691 οὗ
749 4630 851 4712 χρὴ
879 4627 1025 4711 παρὰ
1051 4631 1154 4687 τῶν
1187 4624 1499 4685 ἀδικούντων
1528 4624 1673 4698 δίκην

156 4720 425 4795 λαμὸοἱνειν·
523 4721 616 4800 (21)
649 4719 737 4778 ἐὰν
762 4718 818 4777 δέ
845 4741 973 4785 τινες
997 4720 1100 4775 τῶν
1125 4712 1388 4796 ἀρχόντων
1419 4717 1674 4793 βοηθῶσιν

161 4808 276 4891 αύτῷ
299 4799 528 4878 ἐπίδειξιν
569 4806 662 4885 μὲν
692 4810 784 4879 τῆς
820 4806 1018 4865 ἑαυτῶν
1046 4802 1310 4878 δυνάμεως
1350 4799 1673 4877 ποιούμενοι,

163 4896 541 4973 φιλοτιμούμενοι
581 4894 635 4954 δὲ
671 4892 751 4952 ὅτι
777 4894 866 4953 καὶ
901 4891 1018 4959 τοὺς
1053 4893 1282 4973 φανερῶς
1305 4886 1676 4969 ἡμαρτηκότας

167 4980 312 5052 σώζειν
349 4983 617 5055 δύνανται,
657 4984 795 5059 ὑμᾶς
833 4980 889 5040 δὲ
925 4978 1029 5061 χρὴ
1059 4976 1443 5052 ὕπολαμὸάνειν
1472 4979 1674 5053 πρῶτον

111 5082 152 5123 3⁰
169 5067 240 5143 μὲν
256 5070 322 5129 ὅτι
334 5116 348 5143 ,
367 5074 409 5130 εἷ
429 5071 616 5138 πάντες
635 5068 938 5149 Ἀλκιόιάδῃ
962 5066 1129 5145 ὅμοιοι
1154 5064 1384 5144 ἐγένοντο
1399 5110 1415 5140 ,
1441 5062 1584 5122 οὐδὲν
1611 5061 1676 5123 ἂν

171 5155 251 5213 ἔδει
285 5164 364 5217 τοῦ
393 5160 698 5239 στρατηγεῖν
728 5154 879 5233 (οὐδὲ
905 5153 1007 5235 γὰρ
1043 5145 1180 5234 εἶχον
1227 5151 1346 5213 ὅτου
1390 5154 1672 5231 ἡγοῦντο),

173 5244 302 5305 ἔπειθ’
324 5244 396 5307 ὅτι
416 5247 546 5309 πολὺ
577 5249 775 5327 μᾶλλον
804 5244 986 5312 αὐτοὺς
1012 5242 1264 5326 προσήκει
1291 5246 1392 5302 τῶν
1420 5241 1673 5301 λιπόντων

1761 679 1838 729 ter
1867 692 2145 731 succensere
2156 717 2171 743 ,
2190 682 2473 746 nullamque
2491 698 2521 734 a
2538 686 2675 737 vobis
2692 689 2883 737 veniam
2902 689 3129 753 consequi
3146 702 3229 741 eos
3240 691 3323 755 qui

1762 759 1814 808 in
1836 758 1965 809 bello
1998 760 2158 823 legum
2192 762 2483 825 negligentes
2515 778 2569 815 se
2584 767 2827 817 exhibent.
2892 767 2990 830 (14)
3020 769 3327 821 Considerate

1763 838 1934 902 etiam,
1952 841 2164 905 judiees,
2196 844 2328 905 quod
2347 858 2411 895 ex
2439 845 2669 898 militibus
2686 849 2769 899 alii
2788 848 2995 899 adversa
3018 851 3322 914 valetudine,

1761 918 1842 967 alii
1855 931 2017 969 rerum
2028 922 2403 973 necessariarum
2416 924 2576 987 inopia
2592 925 2892 995 laborabant,
2903 941 3111 991 quorum
3122 928 3325 981 libenter

1761 996 1832 1047 illi
1857 998 1908 1047 in
1932 998 2117 1061 oppidis
2138 1001 2313 1051 morati
2330 1016 2382 1053 se
2398 1016 2569 1055 curare
2581 1042 2596 1068 ,
2620 1006 2667 1055 hi
2686 1007 2865 1057 reversi
2883 1007 3085 1058 domum
3098 1022 3173 1059 res
3190 1010 3325 1060 fami-

1761 1083 1921 1135 liares.
1943 1086 2093 1135 tutari
2127 1087 2390 1138 voluissent
2426 1104 2439 1137 ε
2468 1091 2769 1142 considerate
2788 1092 2922 1157 quod
2954 1094 3123 1144 libenti
3162 1096 3325 1147 animo

1761 1170 1980 1221 nonnulli
2001 1173 2088 1221 aut
2105 1172 2230 1222 inter
2247 1172 2416 1224 velites
2442 1175 2749 1237 militassent,
2778 1178 2863 1227 aut
2886 1181 3177 1241 pugnassent
3199 1181 3324 1231 inter

1761 1249 1963 1312 equites.
2030 1250 2129 1315 (15)
2150 1254 2377 1305 Attamen
2408 1267 2470 1304 ne
2491 1255 2560 1305 sic
2577 1257 2774 1319 quidem
2804 1258 3095 1311 sustinuistis
3136 1261 3325 1312 ordines

1761 1334 2004 1402 deserere,
2037 1342 2124 1392 aut
2166 1356 2223 1393 ea
2238 1342 2411 1407 eligere
2445 1356 2558 1407 quse
2592 1343 2732 1395 vobis
2769 1347 2907 1408 grata
2948 1348 3086 1396 erant
3098 1363 3115 1408 3
3150 1361 3324 1398 verum

1761 1423 1916 1473 multo
1934 1426 2085 1488 magis
2107 1427 2313 1477 civitatis
2338 1428 2465 1491 leges
2491 1429 2781 1479 verebamini
2798 1444 2947 1493 quam
2970 1432 3239 1494 periculum
3261 1434 3324 1483 ab

1761 1498 1996 1553 hostibus.
2063 1507 2279 1563 Quarum
2294 1519 2459 1556 rerum
2476 1519 2713 1557 memores
2720 1520 2807 1557 vos
2824 1508 3049 1571 suffragia
3059 1522 3190 1561 nunc
3199 1512 3325 1562 serre

1761 1583 1978 1645 oportet,
1996 1583 2317 1647 omnibusque
2345 1586 2647 1649 perspicuum
2679 1586 2835 1637 tacere
2852 1624 2866 1647 ,
2898 1588 3029 1651 quod
3061 1589 3321 1639 Athenien-

1761 1670 1886 1720 sium
1904 1671 1939 1721 ii
1956 1672 2039 1735 qui
2063 1686 2173 1723 cum
2196 1674 2413 1725 hostibus
2434 1674 2662 1726 dimicare
2690 1676 2964 1739 noluerint,
2985 1691 3015 1727 a
3032 1677 3170 1729 vobis
3188 1679 3319 1730 male

1761 1749 2074 1813 excipientur.

1828 1840 1902 1884 16.
1942 1835 2159 1886 Arbitror
2189 1840 2351 1887 autem
2362 1874 2377 1900 ,
2393 1837 2607 1900 jndices,
2638 1838 2700 1889 de
2726 1840 2829 1903 lege
2850 1840 2899 1890 et
2919 1840 2982 1891 de
3016 1840 3113 1905 ipsa
3133 1854 3187 1892 re
3206 1842 3323 1893 istos

1761 1931 1879 1981 nihil
1897 1931 2144 1983 babituros
2162 1934 2289 1996 quod
2312 1934 2652 1998 respondeant;
2676 1936 2762 1986 sed
2791 1937 2890 1987 huc
2908 1938 3219 1991 ascendentes
3233 1953 3323 1990 vos

1761 2023 2164 2088 deprecabuntur,
2188 2028 2601 2093 postulabantque
2630 2042 2693 2080 ne
2720 2030 2981 2082 Alcibiadis
3012 2031 3108 2083 tilio
3133 2034 3319 2084 tantam

1760 2120 2029 2172 timiditatis
2044 2123 2211 2173 notam
2231 2124 2421 2175 inurere
2438 2124 2619 2188 velitis3
2638 2126 2776 2189 quasi
2792 2126 2872 2176 ille
2894 2127 3156 2178 multorum
3171 2129 3321 2181 hono·

1761 2228 1870 2263 rum
1884 2253 1898 2276 ,
1915 2228 1975 2265 ac
1993 2229 2091 2266 non
2104 2217 2343 2268 malorum
2361 2218 2626 2268 multorum
2649 2220 2819 2269 auctor
2836 2221 3085 2271 exstiterit.
3102 2227 3259 2283 Quem
3276 2224 3319 2275 si

1760 2312 1813 2362 in
1834 2313 1991 2375 prima
2025 2316 2169 2363 aetate
2202 2314 2535 2376 sustulissetis,
2568 2315 2651 2364 ubi
2674 2316 2835 2365 statim
2868 2316 3240 2380 deprehendistis
3264 2320 3314 2370 iu

1760 2424 1848 2461 vos
1865 2411 2226 2476 delinquentem
2239 2449 2254 2474 ‚
2277 2414 2355 2464 tot
2393 2414 2688 2464 calamitates
2711 2414 2954 2465 civitatem
2986 2417 3196 2467 vestram
3222 2432 3320 2469 non

1760 2508 2056 2560 invasissent.
2122 2510 2218 2573 (17)
2248 2510 2519 2560 Absurdum
2545 2524 2663 2561 vero
2687 2510 2806 2561 mihi
2829 2510 3015 2562 videtur
3032 2526 3160 2574 esse,
3182 2514 3316 2575 judi-‚2

1760 2620 1865 2670 ees,
1885 2607 1953 2667 si,
1976 2620 2131 2670 quum
2166 2609 2353 2671 patrem
2376 2608 2531 2671 capite
2555 2607 2921 2673 damnaveritis,
2953 2610 3105 2661 tilium
3126 2615 3319 2665 sontem

1761 2706 1954 2768 propter
1970 2717 2081 2754 eum
2097 2705 2252 2767 ipsum
2265 2705 2519 2755 absolvetis
2527 2721 2543 2767 ;
2564 2706 2647 2768 qui
2664 2706 2764 2770 ipse
2777 2706 3023 2758 vobiscum
3040 2708 3089 2757 in
3108 2723 3317 2773 pugnam

1761 2813 1859 2850 una
1879 2800 2071 2863 prodire
2108 2814 2205 2850 non
2240 2800 2494 2861 sustinuit,
2518 2804 2655 2863 pater
2690 2804 2855 2852 autem
2894 2803 3000 2865 ejus
3034 2805 3181 2855 etiam
3206 2820 3321 2857 cum

1761 2896 1977 2947 hostibus
2000 2897 2236 2947 militavit.
2302 2899 2457 2959 Atque
2472 2897 2552 2946 hic
2576 2896 2768 2959 quidem
2784 2935 2800 2959 ,
2820 2897 2979 2949 adhuc
3002 2912 3139 2964 puer,
3164 2916 3317 2965 quum

1761 2987 1976 3037 nondum
1996 2988 2236 3038 constaret
2256 2987 2411 3050 qualis
2428 2988 2552 3037 esset
2569 2988 2760 3037 futurus
2771 3024 2787 3050 ,
2808 2988 3003 3051 propter
3024 2991 3223 3052 paterna
3239 2992 3321 3043 de-

1763 3085 1876 3133 licta
1893 3083 2235 3134 undecimviris
2250 3096 2389 3146 paene
2404 3082 2610 3133 traditus
2631 3085 2704 3133 est
2724 3103 2737 3133 ε
2760 3096 2886 3133 nunc
2902 3097 3054 3147 quum
3073 3088 3247 3148 praeter
3264 3102 3321 3140 ea

1760 3190 1871 3239 quoe
1884 3178 2021 3239 pater
2038 3176 2291 3238 commisit,
2308 3175 2451 3237 huius
2476 3176 2621 3227 etiam
2633 3176 2989 3239 improbitatem
3003 3179 3319 3257 perspicietis,

1762 3284 1876 3320 num
1895 3272 2044 3334 patris
2060 3271 2211 3335 gratia
2228 3284 2342 3321 eum
2354 3270 2723 3322 miserabimini?
2756 3273 2854 3335 (18)
2874 3277 3033 3325 Grave
3054 3275 3195 3339 igitur
3212 3278 3318 3329 tue·

1763 3362 1852 3422 rit,
1864 3362 2050 3424 iudices
2060 3399 2075 3425 ,
2092 3362 2207 3412 istos
2218 3375 2275 3412 ea
2289 3362 2513 3412 felicitate
2528 3362 2599 3411 uti
2612 3400 2627 3425 ‚
2649 3365 2705 3413 ut
2716 3400 2731 3426 ,
2748 3376 2899 3425 quum
2914 3364 3106 3415 sceleris
3117 3369 3317 3419 convin-

1763 3460 1957 3521 cuntur,
1978 3460 2173 3523 propter
2189 3460 2375 3523 generis
2392 3460 2689 3511 nobilitatem
2705 3462 2936 3525 evadant3
2958 3464 3097 3514 nobis
3112 3479 3229 3517 vero
3242 3503 3259 3527 ,
3278 3468 3321 3519 si

1762 3554 1879 3618 quid
1899 3554 2203 3605 incommode
2224 3553 2437 3605 evenerit
2454 3555 2649 3617 propter
2670 3554 2785 3604 istos
2805 3556 2963 3618 legum
2982 3557 3167 3609 militiae
3198 3573 3318 3611 con-

1763 3654 2040 3715 temptores,
2053 3652 2260 3701 hostium
2287 3652 2475 3702 veniam
2489 3652 2679 3702 exorari
2692 3651 2808 3701 nihil
2824 3665 2979 3717 posse,
2990 3668 3052 3705 ne
3068 3670 3151 3722 per
3166 3658 3318 3721 ipsam

1762 3746 1958 3810 quidem
1982 3746 2218 3808 majorum
2232 3748 2503 3796 nostrorum
2528 3745 2772 3795 virtutem.
2788 3746 2886 3808 (19)
2900 3750 3123 3805 Quorum
3143 3752 3308 3802 tamen

1763 3843 1975 3892 facinora
2000 3842 2155 3892 multa
2186 3842 2236 3892 et
2256 3842 2486 3905 prm-clara
2516 3841 2828 3901 exstiterunt,
2863 3841 2983 3891 etin
3010 3856 3319 3897 communem

1764 3929 1963 3980 Graecize
1975 3929 2200 3991 salutem,
2210 3931 2260 3979 et
2271 3930 2413 3991 longe
2424 3927 2665 3978 dissimilia
2684 3927 2745 3976 ab
2758 3926 2825 3977 eis
2838 3940 2947 3990 quse
2959 3928 3037 3979 isti
3046 3929 3319 3994 reipublicae

1763 4027 2113 4089 praestiterunt,
2128 4025 2328 4088 judices.
2360 4026 2585 4075 Ceterum
2616 4024 2657 4073 si
2686 4023 2757 4073 illi
2776 4024 2894 4074 boni
2924 4025 3163 4077 habentur
3183 4031 3318 4092 quod

1764 4120 2033 4170 amicorum
2052 4118 2195 4168 saluti
2214 4117 2512 4180 studuerint;
2534 4118 2665 4167 certe
2682 4130 2768 4166 vos
2783 4116 3080 4169 habebimini
3097 4121 3319 4173 meliores

1763 4218 1882 4269 dum
1918 4216 2137 4266 inimicos
2166 4214 2477 4263 ulciscemini.
2546 4214 2643 4276 (20)
2678 4218 2891 4278 AEquum
2922 4216 3087 4265 autem
3118 4230 3317 4284 censeo,

1759 4311 1971 4375 judices,
1996 4311 2077 4371 ut,
2106 4308 2147 4359 si
2170 4308 2251 4371 qui
2274 4320 2337 4357 ex
2372 4308 2582 4371 cognatis
2604 4320 2690 4371 pro
2714 4308 2805 4358 isto
2826 4308 3162 4372 deprecentur,
3195 4308 3317 4360 indi-

1763 4407 2001 4472 gumini,
2021 4404 2152 4469 quod
2182 4417 2291 4454 eum
2324 4406 2409 4453 aut
2434 4417 2573 4454 orare
2588 4404 2869 4466 noluerunt,
2902 4407 2987 4455 aut
3010 4406 3203 4457 orantes
3222 4421 3321 4459 non

1763 4502 2109 4567 impetrarunt,
2130 4502 2187 4549 ut
2208 4499 2397 4561 pareret
2426 4498 2633 4549 civitatis
2660 4498 2871 4561 legibus,
2903 4499 2953 4548 et
2984 4498 3122 4549 vobis
3153 4503 3321 4552 contra

1764 4600 2001 4649 conantur
2018 4595 2307 4660 persuadere
2336 4607 2433 4644 non
2456 4607 2558 4645 esse
2586 4595 2637 4644 in
2658 4594 2993 4658 delinquentes
3018 4596 3320 4648 animadver-

1762 4691 1981 4743 tendum.
2050 4690 2150 4753 (21)
2186 4687 2369 4748 Quodsi
2390 4688 2611 4739 nonnulli
2629 4702 2691 4739 ex
2706 4688 2893 4739 militiae
2915 4674 3119 4740 ducibus
3138 4689 3217 4741 isti
3240 4704 3319 4755 pa·

1763 4788 2078 4851 trocinentur,
2103 4786 2181 4837 vel
2208 4788 2265 4837 ut
2290 4786 2544 4837 ostendant
2561 4786 2799 4849 quantum
2820 4785 2871 4835 in
2896 4786 3091 4837 civitate
3108 4787 3290 4851 possint
3302 4825 3317 4851 ,

1763 4878 1838 4927 vel
1863 4878 1919 4927 ut
1936 4875 2221 4939 eloquentius
2238 4874 2431 4925 laudem
2443 4874 2653 4938 aliquam
2672 4876 2973 4939 aucupentur
2985 4876 3051 4926 ita
3068 4875 3320 4927 manifesto

1763 4976 1924 5025 sontes
1953 4987 1981 5023 e
2003 4972 2225 5035 periculis
2255 4970 2524 5035 eripiendo;
2543 4984 2631 5021 vos
2660 4971 2829 5034 utique
2846 4971 3081 5033 subjicere
3100 4974 3317 5035 oportet,

1761 5062 1971 5125 primum
1994 5060 2123 5125 quod
2139 5096 2154 5121 ,
2173 5058 2399 5121 siomnoe
2413 5058 2647 5109 Alcibiadi
2666 5058 2843 5109 similes
2856 5059 3039 5121 forent,
3062 5059 3179 5108 nihil
3198 5072 3321 5123 opus

1762 5162 1887 5211 esset
1920 5159 2105 5209 militiae
2144 5156 2347 5207 ducibus
2362 5193 2377 5218 ,
2411 5167 2571 5217 vneque
2614 5154 2742 5205 enim
2778 5154 3009 5203 haberent
3042 5166 3319 5217 quenquam

1761 5260 1906 5313 quem
1930 5245 2161 5297 ducerent
2172 5262 2188 5309 ς
2212 5243 2387 5295 deinde
2404 5241 2535 5306 quod
2554 5242 2665 5306 ipsis
2686 5242 2841 5291 multo
2863 5241 3012 5304 magis
3027 5241 3217 5292 deceret
3238 5241 3317 5293 de·
