3825 5842
611 468 725 550 ι’·ιε

1093 472 1380 534 Artior
1422 473 1473 532 o
1514 472 1701 535 ΠΕΡΙ
1741 474 2205 537 ΔΗΜΕΥΣΕΩΣ
2246 478 2399 540 :mn
2442 480 2595 541 'ror
2642 482 2911 544 mmor
2950 472 3330 548 ΑΔΕΛΦΟΥ.

3524 486 3761 569 (000-ωό)

604 617 722 677 τίαν
744 616 836 685 τῆς
854 614 1121 691 συμφορᾶς
1139 606 1188 665 οἱ
1209 605 1482 675 πείσαντες
1503 610 1638 686 ὑμᾶς
1655 608 1869 676 δικαίως
1887 608 1951 668 ἂν
1972 608 2164 691 ἔχοιεν,
2255 623 2445 688 culpam
2470 638 2585 675 vero
2598 626 2648 676 in
2667 639 2749 677 eos
2761 626 2871 689 iure
2892 628 3147 679 conferatis
3172 642 3377 693 quorum
3402 630 3663 680 consiliisea
3676 635 3767 680 sunt

606 706 676 785 (a)
715 700 827 763 ἐπεὶ
860 698 953 771 τήν
984 720 1044 776 γε
1069 693 1197 775 πρὸς
1224 698 1360 773 ὑμᾶς
1389 695 1590 755 εὔνοιαν
1619 698 1711 755 καὶ
1733 695 1827 769 τὴν
1857 698 2047 778 ἀρετὴν
2069 698 2163 771 τὴν

523 811 578 849 ss
607 795 763 851 αὑτοῦ
785 790 837 847 ἐν
865 792 977 851 ταῖς
1005 780 1268 861 εὐωχίαις
1297 791 1410 849 ταῖς
1431 782 1704 864 ὑμετέραις
1726 783 1816 843 καὶ
1841 792 1954 852 ταῖς
1981 787 2165 845 δυστυ-

603 878 744 959 χίαις
763 876 876 940 ταῖς
892 874 996 930 τῶν
1015 872 1212 949 ἐχθρῶν
1234 868 1456 939 ἐπέδειξε
1475 893 1488 907 ·
1514 858 1822 952 στρατηγιῖίν
1845 872 1947 954 γὰρ
1970 874 2167 939 πολλὰς

605 946 698 1043 μὲν
719 964 894 1028 πόλεις
922 950 1055 1033 εἷλε,
1078 957 1250 1017 πολλὰ
1274 956 1328 1017 δὲ
1347 958 1438 1017 καὶ
1457 960 1595 1018 καλὰ
1619 960 1757 1018 κατὰ
1780 963 1882 1019 τῶν
1900 960 2164 1039 πολεμίων

603 1056 792 1124 ἔστησε
819 1048 1044 1131 τρόπαια
1061 1092 1078 1120 ,
1097 1036 1170 1105 ὧν
1189 1049 1305 1105 καθ’
1335 1045 1388 1105 ἓν
1410 1046 1630 1106 ἕκαστον
1654 1047 1786 1107 πολὺ
1815 1046 1878 1107 ἂν
1907 1048 2055 1129 ἔργον
2082 1047 2164 1122 εἴη

605 1142 792 1222 Αέγειν.
861 1138 919 1221 (1)
947 1134 1224 1214 Εὐκράτης
1243 1131 1432 1209 τοίνυν,
1461 1134 1680 1217 ἀδελφὸς
1707 1135 1802 1213 μὲν
1833 1132 1906 1195 ὧν
1934 1137 2163 1217 ἐκείνου,

602 1228 778 1313 πατὴρ
807 1229 853 1287 δ’
880 1224 1026 1303 ἐμός,
1048 1222 1152 1295 ἤδη
1180 1226 1273 1289 τῆς
1295 1223 1596 1291 τελευταίας
1627 1224 1923 1305 ναυμαχίας
1942 1248 2163 1303 γεγενη-

603 1318 760 1397 μένης
795 1310 1020 1398 φανερὰν
1049 1308 1348 1377 ἐπεδείξατο
1370 1309 1467 1382 τὴν
1501 1310 1700 1369 εὔνοιαν
1731 1312 1794 1383 ἣν
1821 1305 1932 1391 εἶχε
1958 1313 2077 1393 περὶ
2106 1313 2164 1373 τὸ

526 1425 581 1466 8⁰
601 1408 796 1477 πλῆθος
829 1401 890 1461 τὸ
914 1399 1176 1479 ὑμέτερον·
1201 1397 1508 1474 ἡττημένων
1533 1398 1636 1477 γὰρ
1661 1401 1714 1457 ἐν
1749 1401 1862 1479 [τῇ]
1889 1400 2161 1481 ναυμαχία

603 1489 896 1575 στρατηγὸς
940 1486 1024 1569 ὑφ’
1069 1488 1215 1563 ὑμῶν
1240 1485 1528 1565 ᾑρημένος,
1576 1486 1666 1546 καὶ
1701 1487 2165 1568 παρακαλούμενος

602 1580 838 1661 μετέχειν
879 1582 971 1649 τῆς
1013 1574 1318 1655 ὀλιγαρχίας
1355 1573 1455 1634 ὑπὸ
1482 1579 1584 1634 τῶν
1615 1576 2055 1637 ἐπιὸουλευόντων
2088 1583 2163 1660 τῷ

599 1669 816 1742 πλήθει,
837 1668 933 1726 οὐκ
959 1664 1211 1735 ἠθέλησεν
1236 1664 1407 1729 αὐτοῖς
1427 1662 1724 1737 πείθεσθαι,
1781 1666 1844 1747 (ε)
1867 1668 1919 1725 ἐν
1945 1664 2162 1749 τοιούτῳ

600 1760 768 1838 καιρῷ
793 1752 1003 1836 ληφθεὶς
1026 1755 1078 1811 ἐν
1107 1741 1152 1832 ᾧ
1179 1752 1486 1809 οἱπλεῖστοι
1514 1753 1616 1808 τῶν
1642 1750 1927 1832 ἀνθρώπων
1955 1753 2045 1812 καὶ
2066 1776 2162 1831 με·

600 1844 954 1906 ταὸάλλονται
980 1839 1110 1917 πρὸς
1137 1836 1204 1897 τὰ
1225 1838 1460 1920 παρόντα
1483 1838 1575 1897 καὶ
1601 1844 1714 1905 ταῖς
1739 1839 1927 1920 τύχαις
1946 1840 2161 1915 εἴκουσι,

602 1935 975 2013 δυστυχοῦντος
997 1932 1087 1987 τοῦ
1113 1925 1313 2005 δήμου,
1340 1929 1432 1985 οὗκ
1457 1926 1874 2004 ἀπελαυνόμενος
1901 1933 1993 2000 τῆς
2012 1930 2161 1987 πολι-

521 2046 575 2087 as
599 2019 740 2089 τείας
779 2020 888 2078 οὐδ’
929 2014 1062 2083 ἰδίας
1089 2014 1278 2095 ἔχθρας
1319 2014 1656 2095 ὑπαρχούσης
1678 2015 1807 2095 πρὸς
1833 2014 1950 2083 τοὺς
1991 2015 2161 2095 ἄρξειν

602 2108 912 2187 μέλλοντας,
935 2102 1054 2163 ἀλλ’
1073 2102 1181 2171 ἐξὸν
1207 2104 1350 2185 αὐτῷ
1378 2100 1470 2160 καὶ
1497 2104 1600 2160 τῶν
1621 2102 1901 2183 τριάκοντα
1925 2102 2161 2182 γενέσθαι

601 2195 690 2256 καὶ
720 2192 936 2275 μηδενὸς
958 2190 1176 2249 ἔλαττον
1205 2188 1479 2262 δύνασθαι,
1500 2190 1698 2266 μᾶλλον
1725 2188 1889 2249 εἵλετο
1913 2189 2159 2270 πράττων

600 2284 730 2365 ὑπὲρ
766 2286 860 2355 τῆς
893 2276 1147 2360 ὑμετέρας
1175 2277 1434 2358 σωτηρίας
1475 2276 1758 2336 ἀπολέσθαι
1793 2277 1828 2349 ἢ
1857 2280 2053 2337 ἐπιδεῖν
2093 2277 2161 2338 τὰ

600 2371 749 2453 τείχη
776 2367 1160 2449 καθαιρούμενα
1189 2366 1279 2425 καὶ
1306 2364 1400 2433 τὰς
1421 2370 1546 2431 ναῦς
1563 2372 1670 2431 τοῖς
1691 2364 1958 2443 πολεμίοις
1984 2388 2161 2445 παρα-

599 2460 870 2537 διδομένας
902 2457 993 2515 καὶ
1022 2454 1084 2513 τὸ
1123 2453 1370 2535 ὑμέτερον
1417 2455 1612 2525 πλῆθος
1651 2452 2157 2530 καταδουλούμενον.

603 2549 666 2627 (ο)
699 2546 807 2607 Καὶ
837 2546 894 2605 οὗ
924 2544 1104 2623 πολλῷ
1129 2540 1302 2623 χρόνῳ
1327 2539 1539 2621 ὕστερον
1583 2538 1910 2621 Νικήρατος,
1956 2540 2162 2623 ἀνεψιὸς

598 2632 672 2694 ὢν
694 2633 816 2713 ἐμὸς
841 2632 930 2693 καὶ
953 2630 1059 2697 υἱὸς
1088 2628 1299 2702 Νικίου,
1329 2627 1503 2695 εὔνους
1535 2624 1608 2685 ὢν
1635 2632 1710 2709 τῷ
1741 2628 1975 2709 ὑμετέρῳ
2016 2628 2161 2701 πλή-

599 2728 694 2797 θει,
713 2717 1020 2800 συλληφθεὶς
1043 2716 1144 2775 ὑπὸ
1164 2718 1264 2774 τῶν
1286 2713 1564 2797 τριάκοντα
1585 2714 1861 2792 ἀπέθανεν,
1886 2715 2005 2773 οὔτε
2022 2712 2160 2793 γένει

519 2832 574 2874 ⁴0
599 2808 716 2871 οὔτε
750 2807 896 2889 οὐσία
925 2804 1030 2866 οὔθ’
1059 2803 1238 2882 ἡλικίᾳ
1273 2803 1437 2862 δοκῶν
1480 2792 1842 2870 ἀνάξιοςθεῖναι
1881 2807 1975 2875 τῆς
2007 2805 2159 2862 πολι-

597 2898 737 2964 τείας
760 2894 1058 2976 μετασχεῖν·
1086 2890 1222 2959 ἀλλὰ
1243 2894 1458 2950 τοιαῦτα
1482 2889 1744 2968 ἐνομίζετο
1765 2888 1834 2949 τὰ
1853 2890 2159 2972 ὑπάρχοντα

602 2989 744 3069 αὐτῷ
771 2983 898 3065 πρὸς
925 2982 984 3041 τὸ
1007 2977 1252 3060 ὑμέτερον
1275 2980 1468 3051 πλῆθος
1491 2970 1623 3037 εἶναι
1650 2978 1740 3039 καὶ
1766 2978 1852 3037 διὰ
1884 2979 2002 3047 τοὺς
2029 3003 2158 3062 προ-

594 3074 770 3154 γόνους
796 3072 887 3131 καὶ
917 3068 1089 3137 αὐτόν,
1113 3066 1250 3125 ὥστε
1279 3068 1374 3125 οὐκ
1402 3065 1463 3124 ἄν
1493 3069 1609 3126 ποθ’
1631 3066 1809 3147 ἑτέρας
1837 3068 2157 3143 ἐπιθυμῆσαι

595 3160 878 3225 πολιτείας.
963 3154 1022 3235 (7)
1054 3151 1355 3235 Συνῇδεσαν
1379 3152 1481 3236 γὰρ
1509 3152 1703 3213 ἅπασιν
1733 3154 1905 3221 αὐτοῖς
1941 3154 2160 3227 ὑπὸτῆς

595 3250 795 3316 πόλεως
816 3244 1162 3323 τιμωμένοις,
1192 3242 1284 3302 καὶ
1311 3244 1582 3323 πολλαχοῦ
1613 3242 1706 3320 μὲν
1734 3240 1864 3323 ὑπὲρ
1893 3247 2041 3321 ὑμῶν
2069 3267 2156 3303 κε·

498 3332 971 3409 ι5οκινδυνευκόσι,
996 3332 1227 3410 μεγάλας
1251 3331 1302 3389 δ’
1322 3332 1563 3412 εἰσφορὰς
1587 3330 1939 3410 εἰσενηνοχόσι
1962 3332 2052 3391 καὶ
2075 3334 2159 3390 λετ

595 3421 984 3504 λειτουργηκόσι
1001 3420 1258 3478 κάλλιστα
1269 3464 1287 3489 ,
1308 3418 1518 3477 καὶτῶν
1548 3418 1719 3477 ἄλλων
1738 3418 1939 3485 οὐδενὸς
1956 3417 2159 3478 πώποτ’

597 3516 888 3573 ἀποστᾶσιν
903 3500 974 3568 ὦν
987 3510 1178 3581 ἡπόλις
1189 3509 1362 3574 αὐτοῖς
1377 3503 1708 3587 προσέταξεν,
1726 3504 1864 3565 ἀλλὰ
1879 3502 2158 3587 προθύμως

595 3602 968 3678 λειτουργοῦσι.
1035 3598 1100 3674 (s)
1128 3594 1319 3655 Καίτοι
1344 3594 1477 3660 τίνες
1503 3590 1565 3651 ἂν
1593 3596 1744 3669 ἡμῶν
1765 3592 1946 3667 εἴησαν
1972 3595 2155 3653 δυστυ-

594 3685 856 3767 χέστεροι,
887 3686 932 3743 εἶ
961 3686 1015 3742 ἐν
1057 3682 1152 3761 μὲν
1177 3685 1242 3760 τῇ
1269 3680 1548 3761 ὀλιγαρχία
1576 3680 1991 3760 ἀποθνήσκωμεν
2023 3674 2157 3742 εὖνοι

593 3775 733 3842 ὄντες
754 3776 829 3856 τῷ
849 3772 1064 3844 πλήθει,
1088 3772 1140 3829 ἐν
1164 3767 1218 3828 δὲ
1240 3772 1306 3847 τῇ
1331 3769 1659 3851 δημοκρατία
1681 3772 1751 3836 ὡς
1776 3769 1986 3829 κακόνοι
2016 3770 2155 3838 ὄντες

528 3890 554 3929 5
592 3866 667 3943 τῷ
681 3861 868 3933 πλήθει
888 3856 1300 3939 ἀποστεροίμεθα
1323 3859 1424 3915 τῶν
1444 3855 1632 3930 ὅντων;
1660 3857 1722 3936 (ν)
1747 3856 1854 3917 Καὶ
1877 3856 1972 3935 μὲν
1995 3856 2089 3935 δή,
2112 3847 2157 3917 ὦ

594 3950 773 4031 ἄνδρες
797 3946 1068 4019 δικασταί,
1089 3944 1180 4003 καὶ
1199 3943 1476 4023 Διόγνητος
1500 3944 1794 4019 διαὸληθεὶς
1814 3944 1909 4023 μὲν
1931 3945 2030 4005 ὑπὸ
2053 3938 2157 4004 τῶν

593 4030 923 4113 συκοφαντῶν
952 4034 1154 4117 φεύγων
1177 4030 1376 4117 ᾤχετο,
1403 4032 1515 4111 μετ’
1544 4033 1730 4113 ὀλίγων
1768 4032 1822 4093 δὲ
1866 4035 1969 4093 τῶν
1998 4036 2157 4093 ἐκπε-

591 4128 874 4188 πτωκότων
910 4123 1016 4183 οὔτ’
1056 4122 1142 4182 ἐπὶ
1185 4122 1281 4195 τὴν
1326 4121 1476 4181 πόλιν
1523 4120 1904 4204 ἐστρατεύσατο
1946 4120 2054 4181 οὔτ’
2084 4126 2155 4190 εἰς

591 4218 870 4278 Δεκέλειαν
901 4212 1141 4293 ἀφίκετο·
1187 4212 1295 4271 οὐδ’
1333 4209 1472 4270 ἐστιν
1502 4210 1620 4271 ὅτου
1647 4215 1812 4271 κακοῦ
1843 4209 2003 4281 αἴτιος
2037 4210 2155 4271 οὔτε

591 4302 766 4385 φυγὼν
805 4301 922 4361 οὔτε
955 4298 1219 4359 κατελθὼν
1257 4303 1332 4379 τῷ
1361 4298 1596 4381 ὑμετέρῳ
1625 4298 1813 4371 πλήθει
1845 4298 2150 4379 γεγένηται,

593 4393 711 4450 ἀλλ’
737 4391 807 4457 εἰς
838 4392 974 4447 τοῦτ’
995 4389 1182 4468 ἀρετῆς
1202 4378 1355 4459 ἦλθεν
1377 4386 1514 4445 ὥστε
1544 4389 1740 4465 μᾶλλον
1773 4387 2019 4466 ὠργίζετο
2049 4388 2153 4454 τοῖς

593 4480 662 4545 εἰς
687 4482 819 4555 ὑμᾶς
846 4472 1258 4555 ἡμαρτηκόσινῆ
1284 4474 1389 4541 τοῖς
1427 4476 1571 4557 αὐτῷ
1599 4478 1690 4547 τῆς
1717 4474 1937 4533 καθόδου
1974 4474 2153 4543 αἰτίοις

593 4563 950 4646 γεγενημένοις
975 4561 1170 4641 ἔχαιρε.
1229 4563 1320 4641 (ιο)
1350 4562 1461 4623 Καὶ
1485 4563 1654 4642 ἀρχὴν
1677 4561 1770 4640 μὲν
1801 4563 2045 4641 οὐδεμίαν
2066 4554 2152 4643 ἧρ·

513 4683 564 4723 10
593 4654 674 4725 ξεν
708 4656 761 4712 ἐν
783 4656 848 4734 τῇ
883 4650 1193 4732 ὀλιγαρχίᾳ·
1218 4650 1395 4723 ἐπειδὴ
1435 4650 1490 4708 δὲ
1518 4652 1742 4730 τάχιστα
1771 4642 1929 4724 ἦλθον
1960 4652 2030 4718 εἰς
2056 4650 2150 4724 τὴν

591 4740 916 4818 Ἀκαδημίαν
947 4738 1354 4817 Λακεδαιμόνιοι
1375 4737 1466 4797 καὶ
1501 4738 1830 4814 Παυσανίας,
1858 4738 2035 4798 λαὸὼν
2064 4738 2151 4800 τὸν

591 4830 894 4911 Νικηράτου
929 4828 1019 4887 καὶ
1039 4833 1182 4906 ἡμᾶς
1211 4829 1403 4895 παῖδας
1436 4826 1616 4901 ὄντας,
1635 4830 1838 4887 ’ἐκεῖνον
1865 4827 1961 4906 μὲν
1989 4827 2149 4887 κατέ-

591 4926 745 4994 θηκεν
772 4918 858 4978 ἐπὶ
889 4920 990 4986 τοῖς
1021 4918 1206 4996 γόνασι
1233 4925 1340 4984 τοῖς
1371 4916 1704 4995 Παυσανίου,
1726 4922 1866 4996 ἡμᾶς
1893 4917 1947 4976 δὲ
1974 4938 2149 4999 παρα-

589 5007 915 5086 στησάμενος
960 5005 1104 5085 ἔλεγε
1145 5004 1276 5086 πρὸς
1317 5008 1508 5064 ἐκεῖνον
1539 5004 1630 5064 καὶ
1671 5004 1790 5073 τοὺς
1823 5005 2008 5073 ἄλλους
2034 5004 2151 5073 τοὺς

589 5096 852 5178 παρόντας
884 5093 982 5154 ὅσα
1020 5092 1202 5171 εἴημεν
1230 5092 1542 5161 πεπονθότες
1570 5092 1660 5152 καὶ
1688 5090 1819 5159 οἵαις
1846 5094 2027 5173 τύχαις
2054 5116 2148 5151 κε-

588 5183 870 5267 χρημένοι,
892 5182 984 5243 καὶ
1020 5181 1164 5255 ἠξίου
1194 5180 1500 5241 Παυσανίαν
1531 5186 1786 5262 βοηθῆσαι
1815 5182 1905 5241 καὶ
1936 5180 2021 5240 διὰ
2052 5181 2147 5255 τὴν

511 5297 563 5339 1³
589 5274 766 5356 φιλίαν
787 5274 880 5335 καὶ
905 5271 989 5333 διὰ
1011 5272 1107 5347 τὴν
1122 5271 1289 5341 ξενίαν
1308 5270 1403 5345 τὴν
1429 5272 1792 5354 ὑπάρχουσαν,
1809 5271 1898 5331 καὶ
1918 5271 2145 5353 τιμωρὸν

2254 722 2473 783 suscepta
2502 740 2515 771 ε
2544 723 2611 785 (a)
2632 728 2744 772 nam
2770 736 2909 773 suam
2932 732 3045 787 erga
3064 738 3155 775 vos
3174 724 3549 776 benevolentiam
3566 738 3767 789 etiamque

2252 816 2483 869 virtutem
2509 822 2559 870 et
2585 821 2635 870 in
2655 822 2828 872 vestris
2852 820 3075 872 secundis
3104 824 3248 875 rebus
3272 824 3571 888 hostiumque
3590 824 3769 873 adversis

2253 911 2369 961 satis
2386 912 2645 1019 declffavit
2671 934 2683 965 :
2750 915 2835 978 qui
2854 915 2991 967 vobis
3014 916 3252 980 imperans
3274 917 3455 967 multas
3477 917 3613 969 urbes
3639 919 3765 981 repit,

2254 1008 2409 1058 multa
2432 1011 2482 1060 et
2514 1009 2749 1077 praeclara
2780 1012 2949 1062 contra
2976 1012 3139 1063 hostes
3170 1014 3337 1064 statuit
3370 1015 3575 1077 tropaea;
3596 1026 3766 1077 quorum

2252 1103 2633 1167 unumquodque
2655 1104 2928 1168 singulatim
2952 1107 3595 1158 recensereessetinfinitum.
3614 1108 3767 1171 (4)Ε11·

2253 1200 2411 1249 crates
2430 1201 2593 1250 autem
2614 1201 2719 1263 ejus
2746 1200 2908 1263 frater,
2940 1202 3077 1265 pater
3094 1216 3258 1266 meus,
3284 1204 3393 1267 post
3410 1204 3629 1253 ultimum
3662 1205 3765 1253 istud

2254 1294 2425 1345 navale
2456 1296 2679 1359 proelinm
2693 1332 2707 1357 ,
2726 1296 2939 1347 studium
2962 1311 3105 1347 suum
3124 1298 3174 1347 in
3200 1299 3542 1363 rempublicam
3564 1299 3767 1363 insigniter

2252 1380 2617 1434 demonstravit.
2682 1386 2855 1435 Vestra
2882 1386 3010 1437 enim
3034 1386 3186 1437 classe
3203 1387 3478 1451 profligata,
3496 1388 3595 1438 dux
3611 1402 3637 1437 a
3662 1389 3767 1437 vob's

2255 1480 2470 1539 creatus,
2494 1483 2544 1531 et
2567 1482 2628 1530 ab
2660 1482 2717 1532 iis
2739 1482 2968 1533 inductus
2990 1483 3075 1547 qui
3111 1482 3388 1547 popularem
3414 1486 3589 1535 statum
3620 1484 3763 1533 labria-

2253 1576 2385 1623 ctare
2402 1574 2742 1639 moliebantur,
2762 1578 2820 1626 ut
2832 1576 3103 1640 oligarcbioe
3117 1578 3353 1641 particeps
3370 1578 3530 1642 fieret,
3554 1580 3618 1630 eis
3635 1592 3765 1641 parem

2251 1671 2433 1734 noluit,
2496 1674 2563 1735 (5)
2596 1672 2709 1724 licet
2725 1674 2777 1724 in
2804 1688 2861 1724 eo
2888 1690 3049 1725 rerum
3068 1676 3273 1727 articulo
3292 1676 3609 1740 deprehensus
3636 1678 3677 1727 in
3692 1692 3765 1739 quo

2252 1765 2445 1827 plurimi
2466 1767 2611 1817 rebus
2632 1769 2950 1831 prais-entibus
2970 1782 3024 1821 se
3054 1769 3427 1822 accommodant
3442 1773 3491 1821 et
3509 1772 3691 1821 fortuna:
3705 1784 3763 1819 ce·

2248 1857 2372 1908 dunt
2384 1896 2397 1920 ,
2418 1860 2595 1923 populo
2608 1861 2881 1914 infortuniis
2898 1877 3150 1927 opproeso,
3170 1864 3284 1915 licet
3306 1878 3407 1915 non
3428 1866 3641 1916 exclusus
3654 1866 3765 1915 rebus

2249 1952 2467 2016 gerendis
2480 1992 2496 2017 ‚
2517 1968 2605 2006 nec
2630 1956 2821 2019 privata
2840 1956 3004 2020 aliqua
3033 1938 3277 2007 simultate
3292 1957 3356 2007 ab
3376 1957 3435 2009 iis
3463 1954 3678 2009 alienatus
3701 1960 3763 2021 qui

2249 2051 2552 2103 dominatum
2582 2054 2871 2118 appetebant
2884 2072 2901 2118 3
2924 2058 2979 2106 at
3002 2068 3155 2119 quum
3182 2054 3283 2118 ipse
3301 2058 3465 2119 posset
3486 2056 3762 2119 trigintaviro-

2250 2159 2360 2196 rum
2382 2160 2509 2197 unus
2538 2147 2642 2198 fieri
2666 2150 2716 2199 et
2734 2150 2857 2199 nulli
2878 2150 3055 2201 borum
3076 2150 3289 2214 potentia
3318 2162 3427 2200 esse
3450 2151 3662 2211 inferior,
3682 2162 3761 2199 1111·

2248 2240 2341 2291 luit
2360 2244 2537 2294 vestrre
2567 2244 2711 2294 saluti
2743 2246 2999 2296 consulens
3027 2245 3247 2310 interire,
3277 2258 3431 2309 quam
3453 2246 3611 2297 videre
3636 2258 3763 2295 muros

2248 2338 2461 2403 dirutos,
2487 2342 2687 2392 classem
2716 2340 2933 2392 hostibus
2958 2341 3185 2392 traditam
3214 2344 3548 2408 populumque
3578 2345 3623 2393 iu
3644 2343 3761 2393 serri-

2248 2435 2405 2483 tutem
2431 2434 2700 2485 redactum.
2768 2436 2837 2499 (6)
2860 2440 2967 2487 Non
2992 2436 3149 2486 multo
3166 2438 3389 2500 tempore
3410 2442 3515 2502 post
3534 2440 3759 2497 Niceratus,

2246 2526 2395 2576 Niciae
2416 2526 2541 2577 filius
2553 2565 2569 2591 ,
2600 2528 2829 2591 patruelis
2850 2542 3015 2591 meus,
3034 2544 3187 2593 quum
3206 2532 3371 2595 populi
3394 2532 3625 2583 studiosus
3646 2534 3749 2591 esset,

2248 2632 2279 2669 a
2313 2620 2623 2684 trigintaviris
2662 2622 3033 2685 comprehensus
3057 2626 3109 2673 et
3138 2623 3419 2675 interfectus
3450 2628 3546 2688 est,
3584 2623 3759 2688 quami-is

2248 2726 2337 2763 nec
2356 2716 2547 2778 propter
2559 2728 2729 2778 genus,
2744 2729 2835 2767 nec
2850 2719 3046 2779 propter
3060 2730 3255 2767 censum
3269 2755 3285 2780 ,
3300 2731 3395 2769 nec
3412 2720 3599 2783 propter
3610 2720 3757 2766 aetatem

2248 2808 2469 2871 indignus
2490 2809 2731 2861 videretur
2764 2809 2849 2875 qui
2888 2809 2951 2860 ad
2992 2823 3069 2861 res
3096 2810 3500 2861 administrandas
3540 2807 3757 2860 accederet.

2248 2902 2565 2954 Existimabat
2576 2916 2748 2968 nempe
2764 2917 2871 2955 eam
2888 2904 2981 2955 sibi
3002 2905 3295 2957 intercedere
3315 2919 3433 2957 cum
3452 2906 3618 2970 populo
3631 2914 3757 2953 neces·

2248 2998 2506 3051 situdinem
2526 3003 2574 3051 et
2586 3014 2617 3051 a
2630 3000 2893 3063 majoribus
2913 3004 2963 3052 et
2980 3015 3010 3051 a
3026 3002 3193 3066 seipso
3210 3008 3377 3054 natam
3390 3041 3405 3067 ‚
3424 3007 3482 3054 ut
3492 3002 3675 3053 alienam
3690 2998 3757 3047 rei·

2248 3093 2453 3156 publicae
2488 3096 2689 3145 formam
2726 3108 2977 3159 nunquam
3018 3097 3398 3160 concupisceret.
3486 3096 3551 3158 (7)
3590 3092 3757 3145 Noverat

2248 3189 2375 3241 enim
2393 3204 2445 3241 se
2470 3193 2520 3241 et
2548 3204 2665 3242 avos
2690 3204 2803 3243 suos
2821 3205 2850 3241 a
2876 3192 3119 3255 republica
3146 3192 3291 3243 fuisse
3312 3192 3594 3252 honoratos,
3624 3186 3757 3250 szepius

2247 3298 2299 3335 se
2319 3298 2407 3349 pro
2424 3287 2586 3336 vestra
2606 3286 2763 3337 salute
2784 3285 3008 3349 periculis
3027 3284 3255 3348 objecisse
3269 3321 3286 3348 ,
3310 3287 3497 3337 tributa
3518 3294 3672 3347 magna
3682 3292 3755 3342 per·

2248 3380 2445 3433 solvisse
2458 3418 2474 3445 ,
2511 3381 2732 3432 civilibus
2766 3381 2937 3431 officiis
2957 3394 3071 3431 cum
3099 3380 3243 3431 laude
3281 3380 3535 3431 defunctos
3562 3378 3705 3433 fuisse,
3722 3374 3757 3419 ei

2246 3476 2365 3526 nibil
2384 3490 2599 3541 unquam
2626 3477 2915 3528 detrectasse
2942 3490 3110 3527 eorum
3134 3490 3246 3540 quae
3264 3476 3438 3527 civitas
3468 3475 3573 3539 ipsis
3588 3474 3753 3533 impeta-

2246 3572 2411 3635 verat,
2436 3572 2521 3623 sed
2560 3572 2729 3622 munia
2765 3572 2986 3623 alacriter
3002 3572 3191 3623 obiisse.
3252 3572 3324 3634 (8)
3358 3574 3577 3623 Attamen
3600 3566 3755 3630 quinam

2246 3666 2385 3717 nobis
2405 3668 2547 3717 erunt
2566 3667 2849 3718 infeliciores
2863 3704 2879 3731 ,
2899 3666 2941 3717 si
2961 3666 3253 3719 intereamus
3280 3666 3333 3716 in
3364 3666 3637 3731 oligarcliia,
3654 3657 3755 3723 quod

2246 3760 2627 3810 benevolentiam
2658 3761 2707 3809 iu
2734 3760 2967 3825 populum
3001 3760 3352 3813 declaravimus
3362 3778 3381 3825 3
3422 3763 3471 3811 in
3506 3754 3754 3810 democratia

2243 3868 2384 3917 vero,
2425 3858 2655 3919 tanquam
2692 3858 2871 3921 populo
2895 3857 3145 3919 malevoli,
3180 3857 3388 3908 fortunis
3418 3856 3587 3907 nostris
3618 3850 3753 3915 spolie·

2244 3951 2387 3998 mur?
2450 3950 2518 4013 (9)
2540 3952 2649 4000 Jam
2670 3964 2815 4013 vero,
2847 3950 3061 4014 judices,
3092 3950 3355 4013 Diognetus
3390 3944 3753 4001 criminationibus

2244 4045 2371 4096 falsis
2388 4044 2660 4107 impetituS,
2699 4058 2851 4109 quum
2872 4059 2899 4096 e
2922 4045 3121 4096 civitate
3138 4047 3320 4109 ejectus
3336 4049 3485 4109 esset,
3505 4056 3607 4095 eum
3622 4038 3752 4104 mucis

2244 4139 2469 4191 exulibus
2492 4153 2649 4203 neque
2685 4142 2853 4190 contra
2885 4140 3088 4203 patriam
3123 4140 3373 4201 militavit,
3394 4152 3545 4203 neque
3580 4128 3751 4191 coniugii

2240 4235 2303 4285 ad
2324 4237 2595 4299 Deceleam,
2614 4249 2769 4300 neque
2780 4236 2961 4299 populo
2975 4236 3119 4287 ultius
3132 4236 3420 4287 calamitatis
3436 4236 3593 4285 auctor
3606 4224 3750 4279 exstitit

2242 4331 2391 4380 autin
2410 4331 2556 4383 exilio
2574 4330 2725 4381 autin
2744 4331 2929 4394 reditu;
2950 4331 3035 4381 sed
3048 4345 3106 4382 eo
3125 4332 3317 4382 virtutis
3332 4330 3555 4395 processit
3572 4331 3618 4375 ut
3634 4320 3749 4381 ΦΨ

2240 4429 2543 4479 succenseret
2568 4427 2626 4476 iis
2655 4426 2741 4491 qui
2764 4426 2815 4477 in
2836 4438 2923 4477 vos
2945 4426 3276 4490 deliquerant,
3296 4424 3445 4491 quain
3466 4424 3645 4475 caritate
3664 4428 3743 4465 nm·

2239 4522 2527 4584 plecteretur
2549 4535 2659 4585 eoS,
2688 4522 2864 4586 quibus
2880 4521 3175 4573 beneficium
3198 4520 3381 4572 reditus
3400 4521 3451 4570 in
3477 4518 3657 4583 patriam
3680 4509 3743 4559 de·

2240 4616 2393 4669 beret.
2457 4616 2553 4681 (ιο)
2578 4622 2647 4667 Ae
2664 4617 2798 4667 nullo
2816 4618 3095 4681 magistratu
3122 4616 3317 4668 functus
3340 4617 3479 4667 estin
3510 4606 3743 4674 oligarehia3

2238 4712 2294 4762 ut
2315 4713 2525 4776 primum
2544 4714 2708 4763 autem
2730 4712 2780 4762 111
2799 4711 3105 4764 Academiam
3128 4714 3428 4763 accesserunt
3445 4698 3745 4761 Lacedaemonii

2238 4806 2288 4856 et
2320 4807 2604 4869 Pausanias,
2632 4820 2829 4857 sumens
2844 4806 2926 4857 ille
2956 4808 3163 4858 Nicer-ati
3188 4778 3341 4856 filium
3366 4807 3417 4856 et
3446 4816 3531 4855 nos
3562 4793 3747 4861 paenitus

2238 4902 2423 4965 adbuc,
2451 4903 2589 4952 illum
2610 4902 2837 4965 imposuit
2861 4902 3061 4966 genibus
3078 4902 3349 4965 Pausaniae,
3373 4902 3421 4951 et
3438 4897 3569 4951 nobis
3598 4896 3747 4944 circum

2237 5000 2392 5049 astare
2427 4998 2595 5061 iussis,
2636 4998 2883 5049 Pausanire
2916 4999 2968 5047 et
2994 4996 3194 5064 reliquis
3228 4996 3538 5062 prementibus
3570 4982 3747 5041 narravit

2236 5087 2396 5149 qualia
2420 5088 2625 5150 perpessi
2652 5088 2701 5137 et
2720 5085 2847 5151 quali
2873 5086 3065 5138 fortuna
3086 5088 3161 5139 usi
3180 5086 3433 5147 fuerimus,
3459 5086 3505 5133 et
3520 5070 3745 5129 obsecravit

2238 5182 2521 5233 Pausaniam
2532 5184 2585 5232 ut
2595 5181 2837 5246 suppetias
2845 5182 2991 5235 ferret
3004 5186 3197 5248 propter
3206 5181 3459 5245 hospitium
3468 5179 3513 5227 et
3526 5168 3743 5225 amicitiam

2235 5292 2347 5343 quoe
2364 5277 2451 5328 sibi
2470 5290 2583 5327 cum
2598 5276 2700 5341 ipso
2714 5280 2836 5344 erat,
2851 5281 2996 5345 atque
3011 5282 3065 5330 ut
3078 5292 3241 5343 poenas
3253 5276 3480 5341 repeteret
3493 5280 3643 5322 eorum
3660 5274 3741 5326 'list'
