3825 5842
817 397 1212 461 IsocRA'ns
1253 397 1624 461 Exci-:9110
1665 395 2076 459 ADVERSUS
2119 395 2707 458 CALLIMACHUM.

147 541 416 617 ἡγοῦμαι,
440 534 570 617 πρός
595 558 653 595 τε
675 534 795 603 τοὺς
819 534 1196 617 ιἰπειρημένους
1220 532 1403 611 λόγους
1432 532 1606 616 ῥᾴδιον
1630 534 1730 592 ἀν-

145 631 351 685 τειπεῖν
385 623 598 699 νομίζω.
685 624 781 704 (37)
805 623 946 705 Πρὸς
966 622 1060 702 μὲν
1091 614 1179 682 οῦν
1205 621 1322 689 τοὺς
1347 619 1626 702 ὀδυρμούς,
1651 620 1732 691 ὅτι

145 712 412 796 προςήκει
441 715 647 791 βοηθεῖν
675 715 812 790 ὑμᾶς
847 714 944 793 οὐχ
978 710 1159 778 οἵτινες
1187 709 1250 770 ἂν
1287 710 1732 791 δυστυχεστάτους

149 812 294 884 σφᾶς
323 800 506 869 αὐτοὺς
538 800 896 873 ἀποδείξωσιν,
935 802 1054 860 ἀλλ’
1083 798 1265 868 οἵτινες
1294 798 1356 859 ἂν
1383 800 1504 880 περὶ
1535 787 1608 859 ὧν
1639 804 1732 858 ἆν-

93 910 123 949 ε
148 889 464 967 τωμόσαντο
507 887 801 971 δικαιότερα
837 888 1073 966 λέγοντες
1113 888 1418 968 φαίνωνται.
1501 887 1638 969 Περὶ
1677 884 1732 945 δὲ

148 985 252 1052 τῆς
291 978 616 1051 ἕπωὸελίας,
657 982 702 1039 εἰ
740 976 836 1056 μὲν
877 978 981 1056 ἐγὼ
1021 974 1216 1037 τούτων
1259 981 1362 1037 τῶν
1403 975 1732 1059 πραγμάτων
1761 989 1798 1031 c

154 1068 326 1135 αἴτιος
347 1058 431 1140 ἦν,
461 1064 671 1133 εἰκότως
689 1064 754 1125 ἂν
779 1068 923 1147 αὐτῷ
948 1064 1193 1145 μέλλοντι
1219 1063 1576 1142 ζημιώσεσθαι
1605 1086 1732 1123 συν-

151 1155 402 1237 ήχθεσθε·
425 1160 514 1213 νῦν
543 1156 588 1213 δ’
614 1146 760 1223 οὗτός
794 1156 935 1214 ἐστιν
971 1158 998 1213 ὁ
1028 1157 1384 1235 συκοφαντῶν,
1428 1151 1556 1211 ὥστ’
1586 1149 1734 1211 οὐδὲν

153 1242 222 1303 ἂν
246 1242 460 1310 δικαίως
486 1246 648 1301 αῦτοῦ
669 1242 909 1322 λέγοντος
936 1240 1300 1321 ἀποδέχοισθε.
1386 1238 1475 1321 (38)
1502 1238 1734 1302 Ἔπειτα

75 1359 128 1400 ιο
155 1333 374 1392 κάκεῖνο
397 1330 503 1412 χρὴ
527 1334 761 1403 σκοπεῖν,
788 1328 868 1390 ὅτι
886 1330 1078 1398 πάντες
1103 1334 1150 1389 οἱ
1171 1329 1507 1397 κατελθόντες
1530 1332 1590 1389 ἐκ
1613 1332 1738 1389 Πει·

157 1422 351 1537 {adme
364 1420 533 1503 ἔχοιεν
553 1418 616 1479 ἂν
633 1418 752 1488 τοὺς
771 1417 957 1487 αὐτοὺς
971 1418 1155 1499 λόγους
1174 1421 1337 1479 εἰπεῖν
1355 1418 1550 1500 οὕσπερ
1570 1409 1736 1487 οὗτος,

155 1532 233 1567 ων
271 1506 438 1575 οὐδεὶς
473 1506 632 1575 ἀλλος
667 1506 963 1586 τετόλμηκε
996 1506 1244 1580 τοιαύτην
1286 1506 1435 1579 δίκην
1473 1509 1737 1567 εἰσελθεῖν.

153 1596 357 1659 Καίτοι
383 1596 491 1679 χρὴ
521 1600 692 1675 μισεῖν
715 1600 852 1676 ὑμᾶς
872 1596 992 1665 τοὺς
1017 1594 1278 1665 τοιούτους
1304 1600 1396 1655 καὶ
1419 1593 1611 1663 κακοὺς
1631 1618 1736 1655 πο·-

155 1686 310 1755 λίτας
341 1687 589 1765 νομίζειν,
617 1686 802 1755 οἵτινες
836 1690 951 1756 ταῖς
987 1684 1081 1765 μὲν
1112 1693 1404 1767 συμφοραῖς
1433 1683 1635 1764 ὁμοίαις
1662 1687 1737 1743 τῶ

82 1796 132 1836 ιε
158 1774 353 1849 πλήθει
374 1774 542 1857 κέχρη

155 1866 266 1924 λων
291 1862 490 1932 ἀξιοῦσι
504 1864 780 1925 ποιεῖσθαι.
867 1862 963 1945 (39)
983 1863 1125 1947 Πρὸς
1145 1862 1200 1922 δὲ
1219 1862 1418 1930 τούτοις
1437 1861 1513 1921 ἔτι
1533 1861 1623 1921 καὶ
1645 1866 1735 1919 νῦν

157 1951 358 2021 ἔξεστιν
385 1955 529 2035 αὐτῷ
545 1998 562 2026 ,
598 1952 720 2035 πρὶν
752 1954 1171 2034 ἀποπειραθῆναι
1198 1956 1294 2023 τῆς
1321 1949 1576 2032 ὑμετέρας
1601 1948 1738 2030 γνώ-

159 2064 300 2118 μης,
336 2040 516 2123 ἀφέντι
546 2041 641 2114 τὴν
670 2040 818 2115 δίκην
843 2041 1184 2122 ἀπηλλάχθαι
1223 2040 1435 2100 πάντων
1465 2044 1568 2099 τῶν
1601 2062 1744 2119 πρα-

158 2129 399 2211 γμάτων.
483 2130 671 2191 Καίτοι
707 2135 821 2198 πῶς
850 2132 946 2190 οὗκ
983 2129 1170 2209 ἄλογόν
1208 2132 1348 2189 ἐστιν
1381 2132 1434 2189 ἐν
1468 2127 1637 2211 τούτῳ
1663 2133 1740 2188 τῶ

76 2243 130 2282 2⁰
159 2218 386 2300 κινδύνῳ
414 2220 584 2291 ζητεῖν
621 2218 775 2279 αὐτὸν
798 2216 976 2286 ἐλέους
1009 2222 1135 2301 παρ’
1164 2221 1310 2296 ὑμῶν
1335 2215 1612 2297 τυγχάνειν
1632 2260 1650 2289 ,
1679 2186 1742 2275 οῗ

157 2306 340 2389 κύριός
375 2309 515 2367 ἐστιν
543 2303 724 2382 αὐτός,
751 2307 841 2366 καὶ
870 2310 941 2376 εἰς
966 2306 1022 2366 ὃν
1051 2306 1205 2374 αὐτὸς
1247 2306 1403 2366 αὑτὸν
1427 2304 1739 2376 καθίστησι,

162 2394 257 2454 καὶ
286 2394 344 2455 ὃν
371 2394 450 2455 ἔτι
477 2394 568 2454 καὶ
605 2400 698 2454 νῦν
738 2393 932 2463 ἔξεστιν
963 2396 1108 2473 αὐτῷ
1147 2391 1222 2472 μὴ
1262 2389 1601 2465 κινδυνεύειν,
1645 2390 1738 2472 (40)

161 2480 298 2543 Ἐὰν
324 2482 370 2540 δ’
399 2482 500 2565 ἄρα
526 2486 792 2561 μεμνῆται
812 2486 917 2542 τῶν
947 2482 1042 2542 ἐπὶ
1067 2487 1161 2555 τῆς
1187 2480 1496 2562 ὀλιγαρχίας
1522 2502 1742 2558 γεγενη-

161 2568 357 2647 μένων,
389 2567 590 2638 ἀξιοῦτε
619 2567 774 2628 αὐτὸν
811 2568 888 2647 μὴ
925 2568 1134 2630 ἐκείνων
1169 2572 1478 2649 κατηγορεῖν
1508 2562 1639 2646 ὑπὲρ
1671 2556 1742 2623 ὧν

83 2678 136 2717 25
161 2654 335 2723 οὐδεὶς
357 2654 776 2736 ἀπολογήσεται,
807 2658 926 2715 ἀλλ’
956 2661 1026 2725 ὡς
1053 2654 1158 2735 ἐγὼ
1177 2656 1243 2716 τὰ
1267 2656 1524 2737 χρήματα
1547 2652 1744 2732 εἴληφα

163 2742 451 2817 διδάσκειν,
491 2744 614 2823 περὶ
651 2736 812 2826 οἷπερ
847 2748 984 2823 ὖμᾶς
1029 2745 1109 2805 δεῖ
1142 2745 1488 2826 ψηφίζεσθαι,
1522 2742 1645 2819 μηδ’
1677 2743 1748 2809 ὡς

164 2830 326 2898 αὐτὸς
346 2829 488 2889 δεινᾶ
503 2830 758 2891 πέπονθεν
779 2831 1103 2913 ἀποφαίνειν,
1125 2833 1243 2891 ἀλλ’
1263 2836 1333 2899 ὥς
1353 2830 1458 2911 ἐγὼ
1472 2829 1740 2903 πεποίηκα

3266 403 3377 460 265

1820 543 1923 603 Ego
1938 553 2056 593 vero
2075 552 2165 590 nec
2188 552 2248 589 eo
2276 552 2365 589 vos
2386 538 2549 589 animo
2571 551 2679 589 esse
2698 540 2848 603 puto,
2867 542 2919 591 et
2940 538 3000 590 ad
3022 539 3293 593 istiusmodi
3318 556 3397 593 ra·

1823 644 1979 693 tiones
2012 642 2152 691 facile
2182 649 2325 705 posse
2357 638 2635 703 responderi
2674 654 2866 691 censeo.
2933 642 3031 705 (³7)
3067 646 3138 693 Ac
3167 643 3303 709 quod
3334 644 3395 696 ad

1822 741 2189 794 lamentationes
2211 738 2411 800 attinet,
2431 738 2571 790 vobis
2590 740 2829 803 juvandos
2848 754 2953 791 esse
2971 741 3082 791 dico
3100 756 3196 795 non
3216 756 3299 792 eos
3316 744 3400 807 qui

1823 858 1878 894 se
1911 841 2354 893 calamitosissimos
2376 853 2483 890 esse
2506 837 2817 902 declararint;
2851 840 2932 890 sed
2966 840 3049 905 qui
3081 854 3275 892 causam
3292 880 3309 906 ,
3340 844 3402 895 de

1831 956 1929 1008 qua
1946 940 2084 992 litem
2115 939 2369 991 contestati
2399 940 2539 1000 sunt,
2572 938 2833 1002 oequiorem
2863 952 2969 989 esse
3005 940 3271 1003 probarint.
3336 946 3409 995 Do

1824 1043 2006 1093 mulcta
2019 1055 2150 1102 vero,
2162 1041 2202 1091 si
2212 1040 2409 1103 quidem
2419 1042 2621 1089 istarum
2637 1052 2797 1091 rerum
2808 1052 2898 1102 ego
2912 1042 3079 1091 auctor
3096 1054 3269 1103 essem,
3282 1042 3409 1093 baud

1825 1144 2029 1207 injuria,
2054 1142 2097 1193 si
2118 1156 2263 1205 poena
2280 1141 2455 1191 luenda
2477 1144 2635 1202 esset,
2668 1141 2797 1191 illius
2815 1140 2973 1191 vicem
2992 1140 3249 1205 doleretis;
3278 1157 3406 1194 nunc

1823 1242 1931 1306 ipse
1952 1241 1997 1291 ls
2016 1244 2092 1292 est
2125 1240 2209 1303 qui
2234 1238 2578 1300 calumnietur;
2602 1251 2751 1303 quare
2774 1239 2947 1289 merito
2968 1240 3158 1289 nullum
3196 1242 3302 1303 ejus
3323 1242 3393 1291 di·

1825 1344 1960 1391 ctum
1990 1336 2271 1403 probabitis.
2337 1338 2442 1399 (38)
2472 1335 2657 1386 Deinde
2688 1334 2807 1385 illud
2838 1336 2982 1387 etiam
3005 1336 3404 1389 considerabitis:

1827 1454 1997 1493 omues
2023 1454 2111 1491 eos
2142 1439 2225 1503 qui
2250 1453 2277 1490 e
2294 1439 2475 1489 Piraeeo
2497 1437 2547 1487 in
2572 1438 2741 1487 urbem
2764 1442 3088 1501 reverterunt,
3108 1439 3273 1489 eadem
3298 1454 3408 1503 quae

1825 1544 1977 1594 istum
2001 1554 2143 1607 posse
2174 1540 2350 1597 dicere.
2371 1554 2578 1604 quorum
2594 1540 2718 1589 alius
2740 1552 2883 1589 nemo
2900 1552 3047 1589 ausus
3062 1544 3136 1590 est
3157 1539 3250 1590 tale
3288 1516 3410 1591 inire

1823 1640 2077 1718 judicium.
2095 1641 2241 1705 Atqui
2273 1638 2385 1689 odio
2409 1638 2725 1703 prosequendi
2748 1643 2865 1689 sunt
2894 1639 3112 1689 homines
3130 1641 3403 1692 istiusmodi

545 1800 693 1850 Πομ,
724 1774 818 1843 viz<
845 1774 900 1835 δὲ
928 1774 1182 1856 τιμωρίας
1215 1774 1487 1857 διαφόρους
1511 1776 1614 1833 τῶν
1638 1744 1732 1832 ἅλ’,
1765 1764 1808 1830 d
1829 1748 1881 1795 et
1907 1743 2021 1793 mali
2041 1742 2177 1793 cives
2192 1742 2423 1803 habendi,
2448 1742 2531 1805 qui
2550 1742 2599 1791 in
2618 1741 2788 1793 iisdem
2811 1742 2948 1793 malis
2968 1756 3079 1793 cum
3097 1744 3270 1794 ceteris
3307 1756 3407 1795 ver.

1829 1842 1921 1894 sati
1938 1842 2057 1893 alias
2072 1856 2219 1907 quam
2232 1843 2382 1893 ceteri
2396 1856 2563 1907 poenas
2578 1856 2773 1895 sumere
2788 1845 2975 1894 volunt.
3040 1844 3142 1907 (39)
3168 1848 3406 1898 Praeterca

1829 1958 1965 1995 nunc
1994 1944 2141 1995 etiam
2168 1944 2215 1994 ei
2236 1948 2311 1995 est
2342 1944 2581 2007 integrum
2596 1979 2613 2005 ,
2650 1946 2929 2009 priusquam
2964 1950 3139 1996 vestrae
3158 1949 3408 1999 senteutiae

1831 2043 2099 2108 periculum
2113 2046 2271 2107 saciat,
2288 2046 2477 2096 actione
2490 2047 2673 2095 omissa
2688 2050 2789 2096 toto
2805 2046 2995 2109 negotio
3016 2046 3226 2097 liberari.
3248 2049 3415 2096 Nonne

1829 2148 1991 2197 autem
2016 2147 2283 2198 absurdum
2306 2153 2382 2198 cst
2417 2148 2566 2198 istum
2604 2148 2656 2197 iu
2679 2161 2737 2197 eo
2768 2148 2981 2211 periculo
3012 2160 3043 2197 a
3076 2147 3211 2198 vobis
3248 2152 3414 2212 petere

1833 2250 2211 2299 miscricordiam
2230 2287 2246 2311 ‚
2281 2250 2412 2314 quod
2447 2263 2593 2313 penes
2625 2250 2785 2313 ipsum
2811 2252 2885 2301 est
2916 2251 2965 2300 et
3000 2250 3049 2299 in
3073 2250 3205 2315 quod
3237 2252 3415 2315 seipse

1832 2351 2037 2414 conjecit
2061 2356 2110 2401 et
2134 2364 2231 2415 quo
2249 2352 2392 2401 etiam
2417 2364 2547 2400 nunc
2568 2351 2757 2400 liberari
2780 2354 2977 2414 potest?
3002 2352 3103 2415 (40)
3130 2352 3180 2401 Si
3204 2363 3319 2401 vero
3337 2365 3415 2402 ea-

1835 2461 1945 2497 rum
1969 2462 2129 2500 rerum
2150 2461 2261 2514 quae
2284 2448 2335 2499 in
2355 2448 2611 2511 oligarchia
2628 2451 2777 2512 gestoe
2812 2453 2954 2510 sunt,
2979 2448 3200 2499 oblivisci
3220 2450 3412 2513 nequit,

1834 2546 1897 2596 al)
1918 2545 2089 2597 eodem
2110 2546 2346 2610 postulate
2358 2582 2373 2607 ,
2394 2560 2455 2597 ne
2474 2548 2669 2597 accuset
2687 2559 2743 2596 ea
2760 2547 2823 2597 de
2840 2546 3027 2609 quibus
3045 2560 3191 2599 nemo
3214 2560 3412 2611 respon-

1772 2501 1808 2543 Θ

1833 2662 1981 2699 surus
2006 2653 2107 2710 est,
2130 2648 2216 2699 sed
2238 2653 2294 2700 ut
2324 2648 2445 2700 illud
2468 2649 2658 2711 doceat,
2680 2662 2761 2699 me
2784 2649 3009 2712 pecunias
3040 2649 3322 2712 abstulisse,
3346 2650 3408 2701 de

1837 2760 1936 2810 quo
1960 2746 2097 2797 vobis
2120 2746 2536 2809 pronunciandum
2571 2752 2671 2807 est;
2696 2760 2851 2811 neque
2874 2747 3093 2798 ostendat
3124 2761 3178 2798 se
3206 2747 3414 2811 indignis

1833 2845 2089 2893 tractatum
2104 2856 2210 2892 esse
2226 2842 2384 2892 modis
2401 2878 2414 2903 ,
2439 2842 2525 2893 sed
2550 2856 2629 2893 me
2652 2843 2819 2893 secisse
2834 2844 3034 2907 probet,
3054 2857 3085 2893 a
3106 2857 3203 2907 quo
3224 2856 3281 2893 ea
3303 2856 3414 2907 quas

61 2916 478 2998 379ἔξελὲγκρῑν,
501 2923 630 3001 παρ’
652 2905 812 3002 ὥπερ
832 2920 970 2990 ἀξιοῖ
988 2918 1054 2980 τὰ
1079 2918 1394 2981 ἀπολωλότα
1418 2918 1737 2997 κομίζεσθαν
1769 2936 1806 2978 a
1834 2942 1997 2991 amisit
2016 2953 2295 3003 recuperare
2313 2940 2508 3003 studet;
2540 2940 2640 3004 (41)
2655 2954 2764 2990 nam
2785 2953 2837 2989 se
2855 2940 3051 3004 quidem
3071 2941 3412 2991 calamitosum

163 3008 256 3091 (si)
291 3008 410 3067 ἐπεὶ
436 3011 612 3077 κακῶς
637 3031 698 3088 γε
725 3009 881 3069 αὑτὸν
905 3008 1203 3090 πράττοντα
1228 3008 1479 3078 ἐπιδεῖξαι
1501 3006 1592 3067 καὶ
1616 3007 1747 3088 πρὸς

87 3109 142 3149 ³⁰
164 3096 330 3157 ἄλλον
347 3102 574 3158 ὁντινοῦν
598 3099 973 3178 ἀγωνιζόμενος
990 3102 1094 3159 τῶν
1111 3101 1344 3159 πολιτῶν
1361 3098 1596 3157 δύναται.
1617 3096 1746 3158 Καί-

165 3210 247 3245 τοι
275 3185 382 3265 χρὴ
419 3185 556 3265 με’γα
579 3189 706 3270 παρ’
735 3192 858 3265 ὑμῖν
888 3187 1138 3251 δύνασθαι
1161 3191 1264 3249 τῶν
1291 3190 1620 3267 κατηγοριῶν
1646 3188 1745 3266 οὔχ

167 3264 254 3341 αἷς
277 3273 444 3343 ἔξεστι
471 3279 702 3357 χρῆσθαι
724 3276 817 3335 καὶ
843 3275 972 3359 πρὸς
999 3275 1114 3345 τοὺς
1147 3274 1310 3355 μηδὲν
1340 3275 1743 3356 ἡμαρτηκότας,

167 3362 289 3421 ἀλλ’
317 3362 378 3430 ἃς
398 3364 499 3445 οὔχ
533 3356 688 3424 οἶόντ’
721 3368 884 3425 εἰπεῖν
911 3365 1028 3425 ἀλλ’
1047 3364 1083 3438 ἣ
1106 3364 1245 3425 κατὰ
1271 3368 1373 3424 τῶν
1397 3360 1744 3436 ἠδικηκότων.

167 3451 316 3532 Πρὸς
351 3450 448 3530 μὲν
473 3445 563 3511 οὖν
586 3450 795 3519 τούτους
825 3452 943 3522 τοὺς
976 3452 1159 3533 λόγους
1187 3453 1280 3514 καὶ
1310 3455 1459 3513 ταῦτ’
1484 3450 1610 3520 ἴσως
1643 3454 1744 3534 ἀρ·-

83 3554 138 3595 85
163 3538 311 3601 κίσει
340 3540 429 3599 καὶ
451 3539 595 3622 τάχα
627 3544 885 3602 ἀντειπεῖν
919 3540 1145 3612 ἐξέσται.

1835 3050 1945 3088 esse
1970 3037 2194 3100 quemvis
2223 3036 2403 3087 civium
2426 3036 2699 3087 accusando
2731 3037 2900 3100 poterit
2925 3037 3195 3088 ostendere.
3262 3041 3413 3089 Decet

1835 3140 1997 3185 autem
2018 3134 2145 3199 apud
2167 3148 2255 3185 vos
2277 3136 2434 3197 magni
2456 3148 2561 3185 esse
2592 3136 2824 3185 momenti
2856 3150 2952 3186 non
2976 3149 3059 3187 eas
3081 3137 3413 3187 accusationes

1833 3236 2014 3297 quibus
2032 3236 2175 3287 etiam
2199 3239 2369 3286 contra
2390 3236 2601 3286 insontes
2626 3236 2697 3285 uti
2728 3236 2896 3298 liceat,
2924 3237 3010 3287 sed
3034 3250 3147 3298 eas,
3178 3250 3289 3301 quae
3315 3249 3410 3289 non

1833 3340 1927 3389 nisi
1948 3340 1997 3388 in
2022 3343 2244 3389 auctores
2262 3339 2541 3403 injuriarum
2555 3338 2868 3389 conveniunt.
2903 3338 2975 3389 Ad
2995 3339 3087 3389 ista
3104 3338 3247 3401 igitur
3265 3338 3413 3389 verba

1833 3436 2084 3487 refutanda
2096 3440 2148 3489 et
2166 3438 2271 3489 haec
2284 3438 2482 3491 tortasse
2500 3438 2747 3490 suiiiciunt
2764 3442 2813 3490 et
2828 3439 2965 3501 plura
2981 3440 3091 3503 post
3108 3439 3200 3489 erit
3216 3452 3412 3504 respon·

1835 3533 1979 3587 dendi
1998 3537 2148 3589 locus.

247 3648 323 3689 42.
367 3629 706 3708 Ἐνθυμεῖσθε
742 3630 832 3704 δέ,
869 3633 914 3690 εἰ
954 3630 1046 3691 καί
1083 3656 1160 3713 τῳ
1204 3630 1334 3701 δόξω
1371 3630 1447 3699 δὶς
1475 3629 1598 3711 περὶ
1637 3632 1741 3689 τῶν
1764 3624 1811 3688 b
1895 3644 1975 3691 42.
2010 3640 2229 3703 Cogitate
2262 3653 2406 3704 porro
2443 3640 2665 3704 (etiamsi
2700 3652 2777 3690 me
2808 3639 2982 3703 aliquis
3006 3638 3177 3693 eadem
3210 3638 3285 3689 bis
3312 3652 3414 3703 per·

167 3720 346 3777 αὐτῶν
363 3716 559 3796 λέγειν,
585 3718 666 3779 ὅτι
687 3718 874 3780 πολλοὶ
891 3719 1210 3802 προσέχουσι
1231 3720 1398 3799 ταύτῃ
1421 3724 1488 3801 τῇ
1514 3719 1633 3799 δίκῃ
1657 3718 1743 3777 τὸν

167 3820 312 3890 νοῦν,
347 3818 408 3876 οὗ
433 3820 536 3875 τῶν
559 3816 828 3900 ἡμετέρων
855 3816 1183 3899 πραγμάτων
1213 3815 1588 3899 φροντίζοντες,
1625 3817 1742 3875 ἀλλ’

171 3903 456 3983 ἡγούμενοι
481 3906 603 3986 περὶ
627 3908 731 3965 τῶν
761 3910 1027 3979 συνθηκῶν
1064 3896 1197 3966 εἶναι
1233 3905 1330 3977 τὴν
1369 3904 1558 3986 κρίσιν.
1637 3902 1746 3971 Οὓς

6 4032 9 4039 -
89 4016 144 4056 ιο
168 3997 321 4072 ὑμεῖς
345 3992 414 4052 τὰ
437 3994 614 4054 δίκαια
636 3994 841 4073 γνόντες
869 3998 1033 4064 ἀδεῶς
1056 3998 1215 4054 οἰκεῖν
1238 3996 1290 4054 ἐν
1313 3998 1379 4074 τῇ
1406 3992 1558 4051 πόλει
1588 3992 1744 4065 ποιή-

169 4104 312 4141 σετε·
336 4084 384 4141 εἰ
421 4080 475 4141 δὲ
499 4082 576 4161 μή
603 4128 620 4156 ,
643 4088 754 4152 πῶς
775 4083 942 4143 οἴεσθε
979 4082 1332 4143 διακείσεσθαι
1367 4081 1484 4148 τοὺς
1512 4084 1565 4140 ἐν
1595 4080 1744 4140 ἄστει

171 4170 457 4249 μείναντας
474 4218 492 4251 ,
512 4174 556 4232 εἰ
571 4172 762 4251 ὁμοίιος
780 4172 974 4231 ἅπασιν
994 4170 1314 4254 ὀργιζόμενοι
1332 4169 1622 4253 φανήσεσθε
1639 4178 1746 4239 τοῖς

171 4264 504 4339 μετασχοῦσι
535 4258 631 4333 τῆς
664 4259 960 4334 πολιτείας,
1001 4262 1088 4338 (43)
1129 4259 1247 4319 τίνα
1279 4258 1334 4319 δὲ
1369 4258 1582 4338 γνώμην
1615 4258 1743 4327 ἕξειν

168 4344 292 4413 τοὺς
324 4346 416 4406 καὶ
457 4348 642 4431 μικρὸν
678 4346 972 4433 ἁμάρτημα
1005 4347 1181 4430 σφίσιν
1221 4350 1395 4414 αὐτοῖς
1422 4345 1745 4418 συνειδότας,

96 4457 150 4495 ss
169 4433 300 4494 ὅταν
339 4436 500 4516 ὁρῶσι
539 4438 676 4513 μηδὲ
715 4436 833 4505 τοὺς
868 4436 1099 4515 κοσμίως
1133 4437 1603 4512 πεπολιτευμένους
1639 4440 1744 4495 τῶν

171 4522 392 4583 δικαίων
415 4524 793 4605 τυγχάνοντας,
813 4524 984 4597 πόσην
1009 4524 1064 4584 δὲ
1085 4523 1191 4605 χρὴ
1216 4526 1513 4606 προσδοκᾶν
1537 4523 1746 4584 ἔσεσθαι

170 4612 440 4694 ταραχήν,
459 4612 602 4679 ,ὅταν
623 4617 670 4674 οἱ
701 4614 796 4693 μὲν
835 4616 1102 4696 ἑπαρθῶσι
1135 4618 1474 4695 συκοφαντεῖν
1499 4618 1568 4681 ὡς
1597 4616 1744 4691 ὑμῶν

175 4703 354 4769 αὐτοῖς
379 4701 483 4773 ἤδη
507 4700 653 4761 ταῦτ’
681 4702 1000 4781 ἐγνωκότων,
1025 4706 1072 4761 οἱ
1100 4700 1154 4762 δὲ
1185 4702 1389 4761 δεδίωσι
1416 4699 1511 4775 τὴν
1541 4707 1744 4783 παροῦ-

175 4811 275 4848 σαν
305 4787 578 4848 πολιτείαν
605 4794 674 4859 ὣς
696 4792 939 4867 οὐδεμιᾶς
962 4790 1135 4858 αὐτοῖς
1157 4789 1233 4849 ἔτι
1255 4793 1560 4871 καταφυγῆς
1586 4793 1748 4871 ὕπαρ·

11 4940 13 4943 ⁴
103 4905 152 4943 ω
175 4874 408 4956 χούσηςς
442 4876 532 4957 (44)
550 4867 666 4959 '‘Ap’
694 4879 790 4937 οὗκ
817 4877 957 4946 ἄξιον
986 4876 1257 4959 φοὸεῖσθαι
1281 4875 1356 4955 μὴ
1386 4875 1746 4958 συγχυθέντων

176 4968 280 5024 τῶν
295 4962 466 5046 ὅρκων
489 4964 648 5025 πάλιν
659 4968 731 5033 εἷς
752 4962 922 5024 ταῦτα
938 4970 1302 5043 καταστῶμεν,
1320 4964 1373 5033 ἐξ
1394 4956 1567 5046 ὅνπερ
1585 4968 1744 5043 ἠναγ·

178 5052 452 5131 κάσθημεν
477 5050 574 5122 τὰς
599 5053 856 5126 συνθήκας
875 5052 1221 5127 ποιήσασθαι;
1247 5053 1357 5114 Καὶ
1378 5053 1483 5131 μὴν
1505 5056 1564 5112 οὖ
1598 5055 1676 5113 δεῖ
1698 5058 1747 5132 γ’

108 5198 124 5211 ,
183 5144 317 5221 ὑμᾶς
351 5140 483 5224 παρ’
511 5140 704 5223 ἐτέρων
734 5146 936 5221 μαθεῖν,
975 5143 1096 5203 ὅσον
1125 5142 1264 5203 ἐστὶν
1301 5142 1516 5221 ὁμόνοια
1554 5142 1748 5220 ἀγαθὸν

183 5228 218 5301 ἢ
249 5228 437 5298 στάσις
463 5228 645 5289 κακόν·
681 5228 818 5291 οὕτω
843 5229 946 5313 γὰρ
987 5228 1294 5313 ἀμφοτέρων
1321 5230 1522 5313 σφόδρα
1556 5228 1747 5289 πεπεί*

1832 3750 1971 3788 orare
1995 3737 2153 3801 dicat)
2179 3738 2357 3788 multos
2378 3740 2657 3801 exspectare
2676 3736 2821 3799 hujus
2839 3737 3005 3799 iudicii
3033 3741 3259 3788 eventum
3276 3773 3291 3800 ,
3316 3750 3412 3789 non

1834 3835 1967 3898 quod
1986 3839 2149 3885 nostra
2166 3835 2355 3898 negotia
2374 3839 2571 3896 curent,
2590 3834 2675 3884 sed
2694 3834 2825 3898 quod
2843 3834 3121 3884 existimant
3142 3834 3205 3885 de
3222 3834 3405 3887 t'oedere

1829 3928 2061 3991 judicium
2082 3928 2199 3978 fieri.
2267 3931 2401 3987 Quos
2420 3928 2731 3991 pronunciato
2750 3941 2809 3978 eo
2832 3928 2962 3992 quod
2975 3928 3165 3991 justum
3196 3932 3270 3981 ost
3291 3943 3408 3993 vos,

1833 4024 1890 4069 ut
1907 4020 2039 4070 omni
2058 4022 2189 4071 metu
2212 4021 2396 4071 liberati
2418 4021 2465 4069 in
2483 4020 2602 4070 urbe
2617 4019 2849 4083 habitent,
2870 4019 3115 4082 efficietis5
3132 4019 3205 4069 sin
3228 4018 3408 4083 minus,

1773 4099 1803 4175 ⁸,
1833 4116 2011 4180 quibus
2032 4114 2201 4166 animis
2225 4115 2327 4166 iore
2349 4116 2552 4166 censetis
2582 4128 2665 4165 eos
2686 4115 2771 4179 qui
2804 4115 2853 4165 in
2886 4115 3007 4167 urbe
3042 4120 3410 4180 remanserunt,

1833 4210 1876 4260 si
1899 4209 2075 4273 pariter
2093 4208 2317 4259 omnibus
2350 4208 2492 4259 irasci
2512 4207 2820 4269 videbimini,
2853 4208 2939 4272 qni
2972 4207 3104 4258 illam
3142 4208 3366 4273 rempubl
3380 4209 3411 4259 i·

1833 4316 1943 4353 cani
1961 4302 2340 4366 participarunt?
2360 4302 2459 4365 (43)
2481 4304 2775 4366 quantopere
2803 4304 3040 4364 augentur
3057 4302 3143 4366 qui
3178 4302 3256 4353 vel
3273 4304 3408 4368 parvi

1771 4367 1808 4409 ⁰
1835 4392 1999 4445 delicti
2026 4394 2117 4447 sibi
2147 4395 2321 4445 conscii
2364 4395 2564 4455 tuerint,
2602 4395 2645 4446 si
2677 4408 2751 4465 *ne
2782 4394 3173 4446 modestissimos
3210 4395 3408 4460 quidem
3478 4438 3484 4443 .
3524 4406 3529 4412 ·

1828 4488 1912 4552 jus
1946 4502 2089 4539 suum
2112 4488 2304 4539 videant
2332 4481 2473 4552 posse
2498 4486 2729 4551 adipisci?
2756 4489 2929 4551 quanti
2953 4488 3193 4539 tumultus
3221 4489 3408 4540 excita-

1835 4577 2033 4644 buntur,
2070 4596 2219 4647 quum
2250 4580 2357 4630 aliis
2381 4580 2577 4631 additus
2616 4581 2809 4631 animus
2836 4581 2981 4633 suerit
3014 4582 3076 4633 ad
3111 4581 3407 4632 calumnian-

1833 4675 1979 4739 dum,
2003 4676 2140 4739 quasi
2171 4688 2314 4725 causa
2336 4675 2553 4739 ipsorum
2575 4675 2677 4738 jam
2707 4688 2736 4725 a
2772 4674 2910 4726 vohis
2944 4674 3293 4738 comprobata;
3322 4674 3405 4727 alii

1835 4770 1965 4819 hunc
1987 4768 2261 4832 reipublicae
2291 4770 2471 4818 statum
2496 4768 2837 4831 pertimescent
2864 4782 2956 4819 nec
2987 4768 3139 4817 ullum
3170 4766 3263 4818 sibi
3294 4780 3406 4817 con·

1834 4863 2019 4927 fugium
2049 4861 2271 4915 relictum
2296 4874 2407 4911 esse
2434 4859 2703 4911 videbunt?
2735 4861 2835 4923 (44)
2860 4865 2935 4911 An
2966 4873 3061 4909 non
3093 4859 3404 4909 metuendum

1772 4959 1815 5023 d
1836 4962 1912 5009 est
1952 4971 2011 5008 ne
2027 4955 2337 5020 iureiurando
2368 4955 2546 5007 violato
2568 4955 2729 5005 denuo
2756 4953 2922 5003 eadem
2952 4952 3075 5003 mala
3099 4951 3403 5015 incidamus,

1836 5058 1947 5109 quae
1964 5057 2055 5095 nos
2071 5043 2177 5094 lioec
2194 5043 2371 5094 i'oedera
2390 5042 2541 5093 sacer-e
2554 5041 2842 5102 coegerunt?
2860 5040 2958 5088 Nec
2974 5050 3095 5088 vero
3112 5050 3203 5087 vos
3220 5036 3283 5086 ab
3299 5036 3405 5085 aliis

1836 5136 2022 5190 discere
2059 5150 2253 5189 necesse
2282 5142 2383 5199 est,
2420 5138 2655 5200 quantum
2688 5131 2942 5184 concordia
2969 5131 3152 5181 bonum
3190 5130 3284 5193 sit,
3315 5131 3403 5180 aut

1837 5237 1956 5302 quid
1976 5236 2089 5287 maii
2120 5235 2381 5288 seditiones
2414 5234 2619 5285 habeant
2660 5248 2673 5283 ι
2711 5244 2823 5281 nam
2850 5230 2916 5281 ita
2946 5227 3193 5282 evidenter
3218 5226 3401 5289 experti
