3825 5842
529 419 639 472 168

1527 407 1809 468 ΛΥΣΙΟΥ
1848 407 1899 466 Ο
1943 405 2152 466 ΚΑΤΑ
2198 408 2664 470 ΑΔΚΙΒΙΑΔΟΥ
2718 413 2788 469 Α.

3451 411 3711 488 (πε-ωε)

524 541 735 621 ἔχοντα,
757 539 993 619 μηνυτὴς
1013 541 1181 599 αὐτῶν
1206 537 1635 618 Λακεδαιμονίοις
1654 537 1875 619 ἐγένετο·
1896 536 2076 609 ἐπειδὴ
2177 552 2364 600 vestras
2385 563 2461 600 res
2482 550 2734 601 debilioroe
2755 563 2858 601 esse
2889 550 3149 611 intellexit,
3182 563 3263 600 cas
3282 552 3563 603 enunciavit
3581 557 3717 604 12oe—

448 629 567 688 15-3'
608 629 714 690 ἔδει
748 627 903 689 αὐτὸν
940 636 1266 709 στρατηγεῖν,
1297 627 1439 687 οὐδὲν
1465 627 1625 687 κακὸν
1653 631 1817 687 ποιεῖν
1856 627 2080 693 ἐκείνους
2175 637 2453 701 daemoniis3
2492 651 2551 688 ac
2571 641 2826 702 postquam
2851 640 3010 689 vestro
3045 639 3276 688 exercitui
3297 640 3462 704 ipsum
3501 641 3722 705 imperare

524 717 765 792 ἐδύνατο,
784 719 903 778 ἀλλ’
928 716 1282 797 ὑποσχόμενος
1301 715 1365 775 δι’
1390 715 1573 775 ἑαυτὸν
1596 715 1836 797 παρέξειν
1860 714 2079 796 βασιλέα

508 806 777 888 ,χρήματα
796 851 813 881 ,
840 806 995 866 πλέον
1022 806 1059 878 ἢ
1082 804 1319 872 διακόσια
1337 806 1571 866 τάλαντα
1594 810 1684 878 τῆς
1710 804 1909 872 πόλεως
1937 803 2079 885 ὑφεί-

522 895 661 956 λετο.
749 895 838 974 (38)
860 893 967 954 Καὶ
990 893 1126 952 οὕτω
1148 891 1321 952 πολλὰ
1346 891 1575 970 ἐνόμιζεν
1595 897 1666 960 εἷς
1684 897 1816 970 ὑμᾶς
1830 897 2076 975 ἡμαρτη-

514 980 695 1060 κέναι,
716 980 849 1042 ὥστε
872 980 1039 1060 λέγειν
1060 979 1340 1058 δυνάμενος
1361 981 1452 1040 καὶ
1476 981 1637 1062 φίλων
1657 980 1816 1040 ὄντων
1838 981 1930 1040 καὶ
1951 977 2081 1061 χρή·

526 1095 667 1148 ματα
713 1068 1025 1147 κεκτημένος
1078 1065 1311 1129 οὐδέποτ’
1357 1068 1520 1129 ἐλθὼν
1550 1068 1780 1136 -εὗθύνας
1820 1069 2078 1146 ἐτόλμησε

523 1161 733 1231 δοῦναι,
772 1156 911 1217 ἀλλὰ
935 1154 1101 1239 φυγὴν
1134 1160 1293 1216 αὑτοῦ
1322 1155 1606 1235 καταγνοὺς
1627 1155 1717 1216 καὶ
1744 1155 1962 1239 Θρᾴκης
1989 1154 2080 1214 καὶ

522 1247 696 1318 πάσης
717 1245 915 1314 πόλεως
943 1244 1189 1305 ἐδούλετο
1207 1243 1424 1317 πολίτης
1446 1243 1688 1323 γενέσθαι
1709 1246 1908 1322 μᾶλλον
1929 1243 1964 1317 ἢ
1987 1248 2079 1316 τῆς

444 1355 496 1396 20
524 1334 769 1416 πατρίδος
788 1325 920 1394 εἶναι
937 1338 1030 1405 τῆς
1048 1337 1253 1396 ἑαυτοῦ.
1280 1334 1389 1394 Καὶ
1408 1333 1778 1393 τὸτελευταῖον
1793 1379 1809 1407 ,
1833 1323 1877 1393 ὦ
1903 1334 2081 1413 ἄνδρες

523 1422 796 1496 δικασταί,
820 1420 1119 1502 ὖπερὸολὴν
1147 1421 1496 1500 ποιησάμενος
1517 1427 1610 1494 τῆς
1639 1421 1892 1502 προτέρας
1919 1444 2080 1495 πονη-

526 1511 639 1592 ρίας
672 1509 929 1585 ἐτόλμησε
961 1508 1053 1576 τὰς
1091 1515 1214 1577 ναῦς
1256 1509 1546 1591 Λυσάνδρῳ
1576 1509 1709 1587 μετὰ
1746 1507 2080 1587 Ἀδειμάντου

521 1599 820 1679 προδοῦναι.
866 1599 957 1675 (39)
980 1595 1156 1656 “flore
1180 1595 1230 1656 εἴ
1248 1620 1326 1665 τις
1350 1601 1495 1675 ὑμῶν
1516 1597 1551 1670 ἢ
1581 1594 1697 1664 τοὺς
1722 1601 2005 1665 τεθνεῶτας
2028 1599 2081 1656 ἐν

521 1686 635 1765 [τῇ]
672 1685 943 1765 ναυμαχίᾳ
982 1685 1143 1757 ἐλεεῖ,
1179 1681 1213 1754 ἢ
1252 1682 1383 1765 ὑπὲρ
1418 1687 1523 1742 τῶν
1559 1681 1946 1744 δουλευσάντων
1979 1686 2085 1751 τοῖς

519 1771 786 1850 πολεμίοις
816 1772 1147 1852 αἰσχύνεται,
1165 1767 1201 1842 ἢ
1224 1775 1327 1830 τῶν
1346 1773 1536 1850 τειχῶν
1556 1769 1934 1850 καθῃρημένων
1955 1771 2083 1850 ἀγα-

522 1868 729 1933 νακτεῖ,
775 1857 811 1932 ἢ
864 1859 1309 1937 Λακεδαιμονίους
1352 1861 1526 1938 μισεῖ,
1568 1856 1603 1930 ἢ
1648 1864 1755 1926 τοῖς
1802 1857 2083 1938 τριάκοντα

441 1965 494 2005 25
522 1949 810 2029 ὀργίζεται,
852 1945 1049 2007 τούτων
1086 1945 1333 2005 ἁπάντων
1376 1947 1483 2028 χρὴ
1526 1947 1614 2005 τὸν
1654 1945 1838 2006 τούτου
1878 1945 2082 2027 πατέρα

522 2035 685 2097 αἴτιον
713 2041 950 2117 ἡγεῖσθαι
969 2080 989 2115 ,
1015 2035 1106 2094 καὶ
1131 2037 1481 2113 ἐνθυμηθῆναι
1510 2035 1590 2094 ὅτι
1619 2034 1954 2109 Ἀλκιὸιάδην
1988 2032 2082 2112 μὲν

520 2123 606 2184 τὸν
629 2123 947 2206 πρόπαππον
972 2123 1127 2181 αὗτοῦ
1148 2121 1239 2181 καὶ
1262 2121 1348 2180 τὸν
1372 2123 1567 2204 πατρὸς
1583 2120 1713 2204 πρὸς
1735 2121 1929 2203 μητρὸς
1946 2121 2083 2181 πάπ-

521 2236 617 2273 πον
662 2210 952 2291 Μεγακλέα
994 2213 1042 2270 οἳ
1086 2208 1326 2292 ὑμέτεροι
1367 2210 1611 2292 πρόγονοι
1650 2211 1723 2278 δὶς
1765 2209 2084 2291 ἀμφοτέρους

520 2300 923 2383 ἐξωστράκισαν,
944 2303 1036 2359 τοῦ
1100 2297 1155 2358 δὲ
1199 2299 1395 2380 πατρὸς
1454 2301 1609 2358 αὐτοῦ
1655 2302 1703 2359 οἱ
1744 2297 2084 2380 πρεσὸύτεροι

520 2392 665 2467 ὑμῶν
694 2388 912 2447 θάνατον
936 2385 1291 2464 κατέγνωσαν,
1324 2387 1415 2468 (ω)
1444 2385 1580 2446 ὥστε
1612 2393 1703 2446 νῦν
1730 2385 1835 2468 χρὴ
1876 2391 2081 2467 ἡγησα-

524 2477 709 2556 μένους
732 2475 982 2558 πατρικὸν
1012 2475 1195 2556 ἐχθρὸν
1219 2480 1397 2535 τοῦτον
1424 2467 1555 2534 εἶναι
1575 2480 1640 2554 τῇ
1664 2475 1813 2534 πόλει
1837 2478 2081 2556 καταψη-

520 2565 770 2646 φίσασθαι
788 2610 805 2639 ,
834 2565 925 2624 καὶ
949 2563 1082 2642 μήτε
1108 2563 1249 2623 ἔλεον
1270 2563 1403 2642 μήτε
1428 2562 1739 2641 συγγνώμην
1770 2562 1901 2640 μήτε
1925 2563 2080 2644 χάριν

438 2681 491 2722 ω
522 2651 783 2732 μηδεμίαν
824 2651 945 2732 περὶ
978 2652 1213 2718 πλείονος
1254 2650 1571 2722 ποιήσασθαι
1612 2655 1715 2710 τῶν
1761 2649 1934 2728 νόμων
1977 2653 2078 2709 τῶν

521 2741 770 2820 κειμένων
796 2739 885 2800 καὶ
910 2741 1013 2798 τῶν
1037 2737 1201 2820 ὅρκων
1227 2737 1311 2806 οὓς
1338 2738 1601 2817 ὠμόσατε.

554 2835 561 2842 “
601 2848 671 2890 41.
716 2827 1023 2910 Σκέψασθαι
1052 2825 1105 2886 δὲ
1128 2826 1266 2908 χρή,
1294 2816 1337 2887 ὦ
1384 2825 1563 2908 ἄνδρες
1608 2825 1885 2898 δικασταί,
1914 2824 2000 2884 διὰ
2030 2826 2080 2884 τί

527 2915 591 2975 ἄν
624 2941 700 2984 τις
725 2915 969 2976 τοιούτων
994 2915 1191 2994 ἀνδρῶν
1242 2912 1506 2996 φείσαιτο,
1565 2914 1794 2996 Πότερον
1840 2917 1911 2980 ὥς
1953 2911 2079 2993 πρὸς

526 3005 615 3085 μὲν
644 2998 737 3080 τὴν
764 3003 915 3063 πόλιν
953 3001 1395 3082 δεδυστυχήκασιν
1412 3048 1427 3076 ,
1472 3001 1644 3071 ἄλλως
1666 3001 1721 3062 δὲ
1747 3001 1956 3080 κόσμιοί
1980 3005 2079 3060 εἰσι

522 3092 613 3154 καὶ
650 3091 926 3174 σωφρόνως
960 3089 1311 3170 βεὸιώκασιν;
1338 3093 1462 3171 Οὐχ
1482 3093 1529 3149 οἱ
1558 3089 1652 3169 μὲν
1679 3089 1863 3151 πολλοὶ
1906 3091 2077 3148 αὐτῶν

522 3179 866 3260 ἡταιρήκασιν
886 3222 903 3254 ,
950 3180 999 3236 οἱ
1034 3177 1089 3236 δὲ
1118 3179 1365 3258 ἀδελφαῖς
1387 3179 1762 3258 συγγεγόνασι,
1805 3181 1909 3244 τοῖς
1939 3178 1983 3236 δ’
2019 3179 2078 3235 ἐκ

523 3267 815 3349 θυγατέρων
842 3268 1024 3332 παῖδες
1048 3265 1343 3345 γεγόνασιν,
1384 3265 1477 3346 (⁴2)
1504 3269 1551 3325 οἱ
1592 3266 1647 3324 δὲ
1687 3263 1951 3344 μυστήρια
1977 3287 2077 3322 πε-

441 3353 494 3417 εὖ
518 3355 771 3428 ποιήκασι
791 3355 881 3413 καὶ
909 3353 1026 3421 τοὺς
1050 3353 1252 3434 Ἑρμᾶς
1275 3353 1646 3436 περικεκόφασι
1679 3351 1771 3411 καὶ
1795 3350 1914 3433 περὶ
1941 3351 2078 3410 πάν-

521 3467 614 3511 τας
656 3443 772 3511 τοὺς
815 3441 958 3509 θεοὺς
992 3441 1290 3514 ἣσεὸήκασι
1333 3441 1424 3502 καὶ
1462 3445 1533 3508 εἷς
1559 3441 1772 3501 ἅπασαν
1797 3439 1890 3512 τὴν
1927 3439 2077 3498 πόλιν

523 3531 914 3612 ἡμαρτήκασιν,
954 3529 1143 3598 ἀδίκως
1179 3529 1270 3589 καὶ
1309 3528 1629 3610 παρανόμως
1673 3527 1764 3587 καὶ
1802 3525 1928 3610 πρὸς
1962 3525 2079 3595 τοὺς

518 3621 707 3694 -ρῖλλους
735 3616 1046 3696 διακείμενοι
1077 3617 1168 3676 καὶ
1198 3616 1327 3698 πρὸς
1360 3626 1492 3698 σφᾶς
1521 3615 1704 3684 αὐτοὺς
1734 3616 2078 3692 πολιτευόμε-

524 3731 636 3787 νοι,
668 3708 910 3786 οὐδεμιᾶς
953 3705 1152 3784 τόλμης
1186 3703 1540 3784 ἀπεχόμενοι,
1575 3705 1693 3763 οὐδὲ
1736 3702 1887 3785 ἔργου
1912 3705 2077 3762 δεινοῦ

525 3795 727 3879 ἄπειροι
752 3793 1115 3875 γεγενημένοις
1143 3791 1304 3854 Ἀλλὰ
1322 3791 1413 3850 καὶ
1426 3791 1713 3851 πεπόνθασι
1748 3791 1838 3850 καὶ
1858 3790 2080 3862 πεποιή·

523 3906 675 3945 κασιν
704 3883 931 3942 ἅπαντα.
958 3880 1119 3942 Οὕτω
1146 3878 1247 3960 γὰρ
1284 3878 1568 3938 διάκεινται
1598 3875 1723 3937 ὥστ’
1748 3878 1835 3936 ἐπὶ
1856 3875 1950 3956 μὲν
1973 3886 2078 3945 τοῖς

523 3973 695 4039 καλοῖς
726 3969 1063 4050 αἰσχύνεσθαι
1082 4013 1098 4040 ,
1146 3966 1233 4026 ἐπὶ
1261 3965 1315 4026 δὲ
1338 3975 1442 4033 τοῖς
1470 3967 1647 4033 κακοῖς
1673 3967 2075 4047 φιλοτιμεῖσθαι.

442 4080 497 4124 do
528 4059 615 4142 (⁴3)
644 4058 751 4120 Καὶ
774 4057 867 4137 μὲν
899 4055 1000 4130 δή,
1039 4045 1083 4115 ιῖι
1108 4054 1289 4137 ἄνδρες
1317 4053 1590 4132 δικασταί,
1619 4053 1721 4126 ἤδη
1762 4055 1915 4112 τινῶν
1945 4055 2076 4111 ἀπε-

496 4143 816 4230 )ψηφίσασθε
841 4148 1035 4206 ἀδικεῖν
1074 4141 1169 4220 μὲν
1217 4141 1551 4220 νομίσαντες,
1590 4141 1815 4218 οἰόμενοι
1851 4142 1897 4200 δ’
1925 4143 1996 4207 εἰς
2017 4137 2076 4198 τὸ

520 4236 701 4295 λοιπὸν
744 4233 1036 4316 χρησίμους
1073 4235 1193 4309 ὑμῖν
1236 4229 1462 4291 ἔσεσθαι.
1543 4230 1639 4297 Τίς
1679 4223 1765 4288 οὖν
1804 4228 1950 4296 ἐλπὶς
1977 4226 2078 4287 ὑπὸ

523 4323 706 4383 τούτου
735 4347 787 4382 τι
812 4322 1003 4402 ἀγαθὸν
1046 4320 1315 4379 πείσεσθαι
1360 4319 1455 4392 τὴν
1484 4319 1657 4392 πόλιν,
1698 4318 1754 4376 ὃν
1800 4322 1970 4396 ὑμεῖς,
1999 4315 2078 4376 ὅτι

526 4411 619 4490 μὲν
642 4410 840 4478 οὐδενὸς
876 4409 1013 4478 ἄξιός
1039 4411 1180 4468 ἐστιν
1196 4454 1213 4482 ,
1240 4406 1449 4467 ἐπειδὰν
1484 4409 1833 4484 ἀπολογῆται,
1858 4405 2076 4484 εἴσεσθε,

526 4501 604 4559 ὅτι
647 4498 702 4558 δὲ
746 4497 966 4577 πονηρός
1006 4499 1166 4574 ἐστιν,
1211 4499 1270 4555 ἐκ
1308 4499 1411 4555 τῶν
1440 4495 1612 4553 ἄλλων
1650 4492 2077 4570 ἐπιτηδευμάτων

526 4586 666 4660 ἴστε,
692 4589 780 4665 (44)
798 4584 956 4646 Ἀλλὰ
985 4583 1079 4662 μὲν
1108 4582 1173 4655 δὴ
1198 4583 1303 4644 οὐδ’
1324 4582 1386 4641 ἂν
1420 4580 1634 4650 ἐξελθὼν
1666 4584 1726 4640 ἐκ
1756 4585 1850 4652 τῆς
1878 4580 2079 4647 πόλεως

424 4676 672 4742 {nabot-iv
724 4673 933 4733 δύναιτο
994 4670 1156 4731 κακὸν
1200 4674 1335 4748 ὑμᾶς
1389 4668 1740 4752 ἐργάσασθαι,
1786 4668 1948 4735 δειλὸς
2005 4667 2078 4727 ὢν

522 4765 613 4828 καὶ
648 4763 805 4834 πένης
860 4761 953 4822 καὶ
1003 4757 1250 4841 πράττειν
1294 4753 1541 4825 ἀδύνατος
1592 4757 1683 4816 καὶ
1731 4765 1837 4825 τοῖς
1876 4756 2080 4825 οἰκείοις

525 4850 765 4934 διάφορος
798 4849 887 4909 καὶ
926 4848 1029 4908 ὑπὸ
1056 4851 1157 4906 τῶν
1182 4847 1355 4906 ἄλλων
1380 4845 1709 4925 μισούμενος.
1797 4845 1888 4926 (45)
1912 4843 2076 4905 ‘ssot’

525 4941 640 5000 οὐδὲ
686 4939 879 4999 τούτων
936 4937 1086 4996 ἕνεκα
1136 4935 1291 4994 αὐτὸν
1329 4933 1469 5003 ἄξιον
1514 4933 1893 5015 φυλάττεσθαι,
1941 4933 2077 4993 ἀλλὰ

525 5026 655 5088 πολὺ
695 5029 893 5106 μᾶλλον
916 5025 1251 5106 παράδειγμα
1283 5027 1501 5096 ποιῆσαι
1527 5022 1617 5082 καὶ
1640 5031 1754 5091 ’τοῖς
1781 5023 1955 5090 ἄλλοις
1984 5024 2075 5082 καὶ

524 5121 630 5184 τοῖς
674 5114 855 5175 τούτου
898 5113 1094 5196 φίλοις,
1136 5111 1187 5172 οἳ
1222 5111 1290 5172 τὰ
1316 5110 1409 5190 μὲν
1454 5111 1881 5193 προσταττόμενα
1912 5119 2075 5170 ποιεῖν

524 5209 617 5265 οὐκ
646 5205 893 5282 ἐθέλουσι,
920 5201 1165 5263 τοιούτων
1204 5199 1253 5261 δ’
1282 5199 1447 5283 ἔργων
1485 5205 1811 5280 ἐπιθυμοῦσι,
1835 5200 1926 5260 καὶ
1955 5200 2074 5280 περὶ

2175 727 2416 790 oportuit,
2453 727 2646 777 eosdem
2687 727 2824 776 nullo
2863 727 3151 778 denimento
3191 729 3352 791 potuit
3393 728 3612 792 afficere;
3645 732 3720 780 sed

2169 814 2412 878 pollicitus
2439 817 2688 865 Persarum
2726 829 2886 878 regem
2899 853 2914 878 ,
2937 819 3136 880 propter
3167 829 3302 866 suam
3325 816 3532 879 gratiam
3549 853 3564 874 ,
3583 831 3718 878 pecu-

2173 903 2304 952 niam
2323 903 2462 953 vobis
2477 903 2894 966 suppeditaturum
2906 940 2923 967 ,
2943 905 3052 967 plus
3065 917 3211 967 quam
3225 905 3438 954 ducenta
3455 905 3630 955 talenta
3643 907 3720 955 rei·

2173 991 2378 1054 publicae
2409 990 2664 1042 subtraxit.
2733 993 2832 1054 (38)
2857 994 2918 1042 Et
2939 992 3060 1042 adeo
3081 993 3236 1043 multa
3254 992 3346 1042 sibi
3375 992 3481 1056 ipse
3506 993 3720 1042 conscivit

2171 1092 2223 1130 se
2239 1080 2407 1130 contra
2422 1092 2510 1130 vos
2527 1079 2845 1139 commisisse,
2859 1083 2940 1141 ut,
2965 1081 3184 1144 quamvis
3195 1080 3404 1131 dicendo
3426 1081 3606 1132 valeret
3621 1082 3720 1145 pln-

2173 1167 2350 1217 rimum
2367 1203 2383 1230 ,
2411 1168 2578 1218 multis
2602 1168 2771 1218 amieis
2787 1169 2992 1232 polleret
3021 1171 3071 1219 et
3087 1169 3294 1232 divitiis,
3313 1172 3484 1219 tamen
3508 1169 3566 1218 ad
3585 1171 3718 1220 ratio-

2170 1268 2256 1306 noe
2291 1255 2555 1306 reddendas
2589 1269 2838 1320 nunquam
2875 1265 3022 1308 ausus
3046 1257 3110 1308 sit
3144 1257 3404 1321 accedere3
3438 1271 3604 1308 verum
3636 1257 3715 1308 da·

2173 1357 2342 1394 mnans
2358 1357 2410 1394 se
2425 1344 2584 1407 ipsum
2597 1344 2768 1408 exilio,
2788 1345 3008 1396 Thraciae
3022 1347 3070 1395 et
3087 1345 3299 1408 cuiusvis
3315 1347 3520 1396 omnino
3533 1347 3719 1396 civitatis

2170 1432 2344 1482 maluit
2363 1445 2511 1495 quam
2533 1445 2635 1483 sure
2667 1433 2836 1496 patriae
2863 1434 2981 1484 civis
3002 1433 3123 1484 fieri.
3188 1433 3266 1485 Ad
3299 1437 3623 1498 postremum,
3644 1437 3716 1500 ju-

2170 1520 2328 1585 dices,
2369 1521 2426 1570 ut
2459 1521 2754 1585 superiorem
2799 1534 2993 1572 omnem
3039 1523 3310 1572 cumularet
3343 1523 3715 1587 improbitatem,

2172 1621 2320 1659 naves
2336 1610 2522 1660 vestras
2535 1645 2551 1672 ,
2570 1623 2669 1659 una
2691 1623 2804 1660 eum
2830 1609 3088 1660 Adimanto
3100 1647 3114 1674 ,
3139 1611 3391 1674 Lysandro
3411 1611 3610 1675 prodere
3625 1625 3716 1661 sus·

2169 1696 2332 1747 tinuit.
2399 1697 2499 1762 (39)
2514 1698 2840 1757 Quamobrem
2857 1698 2897 1748 si
2915 1699 3024 1762 quis
3043 1699 3257 1749 vestrum
3284 1701 3376 1750 aut
3397 1700 3558 1750 navali
3574 1713 3712 1762 pugna

2173 1785 2484 1849 interemptos
2519 1785 2818 1849 misereatur,
2843 1789 2930 1836 aut
2962 1787 3141 1837 civium
3171 1786 3396 1838 hostibus
3419 1787 3712 1838 servientium

2173 1873 2356 1936 pudore
2393 1875 2635 1937 tenentur,
2671 1875 2756 1924 aut
2790 1876 2986 1937 propter
3011 1873 3174 1924 diruta
3206 1875 3392 1924 moenia
3431 1878 3712 1937 succenseat,

2171 1962 2259 2012 aut
2280 1960 2392 2012 odio
2410 1961 2587 2012 habeat
2603 1961 2996 2013 Laoedaemonios
3007 1998 3025 2026 ,
3049 1963 3136 2012 aut
3152 1962 3470 2024 trigintaviris
3486 1963 3713 2022 irascatur,

2171 2045 2348 2099 horum
2369 2050 2586 2100 omnium
2611 2051 2784 2100 auctor
2797 2049 3084 2112 iudicandus
3101 2051 3326 2101 estistius
3349 2053 3506 2114 pater,
3526 2053 3574 2102 et
3597 2050 3713 2100 vobis

2171 2137 2497 2194 revocandum
2528 2139 2580 2188 in
2618 2139 2900 2189 memoriam
2935 2137 3066 2202 quod
3092 2138 3396 2189 Alcibiadem
3419 2137 3562 2202 hujus
3589 2151 3712 2202 proa-

2169 2239 2315 2290 vum,
2336 2239 2584 2290 avumque
2618 2233 2895 2278 maternum
2926 2228 3219 2291 Megaclem,
3247 2225 3463 2290 majores
3479 2227 3619 2279 vestri
3651 2227 3712 2276 bis

2174 2317 2436 2378 utrumque
2452 2315 2648 2366 civitate
2665 2315 2912 2380 ejecerunt
2921 2350 2937 2377 ,
2955 2317 3239 2380 patremque
3256 2316 3462 2366 maximi
3479 2318 3591 2366 natu
3608 2315 3712 2364 inter
3763 2367 3765 2396 l

2170 2425 2258 2463 vos
2274 2413 2429 2477 capite
2449 2413 2819 2464 damnaverunt.
2885 2413 2986 2477 (4ο)
3023 2415 3187 2472 Quare
3219 2426 3357 2464 nunc
3385 2415 3576 2478 oportet
3591 2413 3708 2462 bere-

2169 2501 2396 2552 ditarium
2415 2501 2625 2552 civitatis
2641 2502 2891 2552 inimicum
2910 2503 3039 2552 hunc
3059 2504 3339 2565 reputantes
3355 2540 3371 2565 ,
3393 2501 3710 2562 condemnare,

2169 2597 2324 2648 neque
2340 2585 2714 2636 misericordiam
2731 2623 2746 2646 ,
2766 2599 2924 2648 neque
2947 2585 3136 2635 veniam
3149 2623 3165 2648 ,
3185 2597 3345 2648 neque
3361 2585 3516 2636 ullam
3533 2585 3708 2635 omnino

2170 2669 2376 2734 gratiam
2395 2668 2550 2719 sinere
2568 2668 2698 2732 apud
2718 2683 2806 2718 vos
2827 2670 2939 2733 plus
2957 2669 3122 2720 valere
3155 2683 3302 2732 quam
3321 2669 3455 2734 leges
3483 2682 3590 2732 quae
3615 2668 3708 2718 latae

2167 2753 2280 2802 sunt
2295 2789 2310 2815 ‚
2331 2752 2381 2802 et
2395 2751 2736 2814 iusiurandum
2757 2752 2888 2815 quod
2920 2753 3227 2815 praestitistis.

2229 2839 2308 2886 41.
2335 2838 2572 2901 Reputate
2598 2838 2790 2899 autem,
2818 2837 3031 2900 judices,
3061 2850 3271 2901 quanam
3307 2837 3374 2888 de
3400 2851 3543 2888 causa
3567 2837 3705 2886 istius·
3764 2829 3765 2850 ²

2167 2939 2298 2990 modi
2337 2940 2452 2990 viris
2487 2939 2660 3003 aliquis
2683 2940 2851 3002 parcat
2889 2955 2902 2990 :
2948 2940 3178 2989 utrumne
3217 2939 3353 3002 quod
3392 2941 3443 2990 in
3484 2939 3702 3002 republica

2166 3041 2416 3092 infeliciter
2445 3054 2497 3091 se
2517 3041 2770 3104 goeserint,
2790 3040 2908 3090 alias
2931 3053 3047 3090 vero
3080 3040 3279 3091 honeste
3313 3042 3592 3092 vixerintet
3613 3051 3701 3088 mo·

2164 3141 2363 3192 derate?
2397 3153 2558 3192 nonne
2587 3155 2756 3191 eorum
2791 3139 2928 3190 multi
2953 3140 3244 3203 turpissimis
3272 3154 3326 3192 se
3353 3141 3590 3192 soedarunt
3607 3137 3702 3188 libi·

2165 3241 2388 3292 dinibus?
2418 3253 2579 3290 nonne
2600 3240 2681 3290 alii
2717 3253 2832 3290 cum
2857 3239 3102 3290 sororibus
3133 3241 3516 3300 consueret-nnn
3547 3237 3620 3287 alii
3649 3248 3700 3284 ex

2166 3346 2355 3396 filiabus
2383 3345 2567 3408 prolem
2589 3345 2936 3408 susceperunt3
3001 3343 3116 3406 (42)
3149 3343 3230 3392 alii
3257 3345 3484 3406 mysteria
3515 3341 3698 3392 celebra·

2165 3451 2305 3508 runt,
2329 3447 2379 3496 et
2407 3448 2608 3496 Hermas
2629 3443 2941 3506 mutilarunt,
2967 3447 3019 3494 et
3043 3444 3095 3493 in
3123 3457 3292 3494 omnes
3315 3443 3440 3494 deos
3457 3442 3618 3504 impie,
3634 3440 3695 3487 at·

2163 3565 2258 3615 que
2276 3553 2324 3600 in
2335 3552 2609 3602 universam
2632 3549 2878 3600 civitatem
2899 3551 3077 3601 nefarie
3104 3520 3336 3614 egerunt,
3362 3551 3576 3601 viventes
3599 3557 3693 3596 cum

2164 3657 2297 3706 omni
2319 3658 2370 3705 et
2393 3667 2504 3718 erga
2536 3659 2721 3706 ceteros
2741 3657 2790 3706 et
2813 3669 3000 3718 erga-se
3028 3654 3156 3718 ipsos
3181 3655 3356 3718 injuria
3379 3658 3431 3706 et
3447 3650 3692 3709 insolentia,

2163 3777 2193 3813 ε
2215 3763 2350 3813 nulla
2366 3763 2634 3813 temeritate
2661 3762 2830 3826 alieni,
2860 3776 2890 3812 ε
2910 3761 3044 3812 nullo
3073 3761 3284 3812 facinore
3303 3761 3607 3830 abstinentes,
3623 3757 3691 3806 sed

2162 3869 2248 3932 qui
2273 3867 2435 3918 omnia
2451 3867 2648 3918 omnino
2665 3869 2716 3917 et
2743 3866 2868 3930 passi
2891 3867 3071 3917 suntet
3092 3867 3342 3916 recerunt?
3367 3867 3444 3917 lta
3463 3865 3580 3915 enim
3596 3861 3690 3912 sunt

2163 3970 2452 4036 comparati,
2480 3973 2538 4020 ut
2567 3983 2728 4020 rerum
2754 3970 3062 4020 honestarum
3084 3981 3168 4019 eos
3193 3969 3372 4032 pudeat
3397 3971 3447 4020 et
3463 3963 3688 4018 inhonestis

2161 4071 2441 4134 glorientur.
2461 4071 2504 4132 (⁴
2511 4071 2560 4132 3)
2576 4074 2646 4120 Ac
2659 4068 3028 4131 nonnullosJam
3041 4068 3324 4130 absolvistis,
3337 4081 3462 4132 quos
3475 4060 3687 4116 habebatis
3764 4045 3765 4056 ¹

2161 4175 2356 4240 quidem
2370 4188 2457 4238 pro
2471 4174 2703 4236 sontibus,
2715 4173 2957 4238 putabatis
2969 4173 3134 4223 autem
3147 4175 3370 4223 strenuos
3382 4173 3506 4222 cives
3516 4167 3682 4233 posthac

2161 4279 2364 4329 futuros.
2399 4279 2464 4328 At
2493 4289 2718 4340 quoenam
2741 4289 2849 4340 spes
2883 4278 2938 4326 ut
2965 4275 3054 4325 iste
3087 4274 3347 4338 aliquando
3383 4274 3444 4325 de
3473 4267 3681 4335 republica

2163 4377 2284 4428 bene
2313 4377 2574 4438 mereatur,
2609 4387 2757 4438 quem
2781 4387 2869 4424 vos
2882 4409 2899 4435 ,
2916 4372 3002 4423 ubi
3028 4385 3220 4424 causam
3251 4373 3455 4436 dixerit,
3475 4369 3678 4420 bominem

2162 4480 2340 4530 nullius
2357 4479 2497 4543 pretii
2519 4491 2620 4529 esse
2637 4477 2910 4542 reperietis,
2930 4476 3201 4540 improbum
3216 4488 3279 4526 ex
3299 4476 3470 4526 ceteris
3483 4474 3586 4524 vilre
3595 4471 3678 4519 stu-

2165 4587 2256 4637 diis
2279 4584 2593 4647 cognoscitis?
2656 4583 2776 4648 (44)
2817 4582 2909 4634 sed
2935 4593 3094 4645 neque
3118 4580 3273 4644 patria
3311 4581 3531 4644 expulsus
3563 4569 3676 4638 quid-

2164 4700 2312 4751 quam
2348 4687 2464 4736 mali
2484 4685 2660 4749 poterit
2687 4683 2825 4734 vobis
2855 4683 3056 4744 inferre,
3091 4681 3315 4744 timidus,
3341 4681 3503 4744 inops,
3534 4675 3587 4726 ad
3613 4684 3677 4734 ge·

2163 4789 2334 4840 tendas
2352 4803 2429 4839 res
2461 4788 2692 4850 imbellis,
2730 4801 2842 4837 cum
2870 4786 3149 4850 propinquis
3173 4785 3444 4836 inimicitias
3458 4787 3652 4834 exercens
3665 4811 3676 4832 ,

2161 4896 2332 4946 ceteris
2357 4905 2546 4942 exosus·
2613 4889 2734 4952 (45)
2754 4889 3054 4953 Quapropter
3071 4901 3229 4952 neque
3261 4887 3436 4938 idcirco
3453 4884 3603 4946 dignus
3621 4879 3677 4925 est

2161 5001 2256 5052 iste
2272 5013 2302 5049 ε
2325 5011 2426 5063 quo
2449 4998 2683 5061 caveatis,
2707 4997 2790 5048 sed
2813 4997 2968 5047 multo
2981 4996 3142 5060 potius
3158 4997 3210 5045 in
3227 4995 3496 5058 exemplum
3521 4982 3674 5053 produ·

2162 5102 2369 5164 condus»,
2389 5115 2541 5165 quum
2560 5100 2691 5164 aliis,
2707 5102 2815 5150 tum
2839 5099 2986 5162 ipsius
3010 5098 3204 5160 amicis,
3217 5097 3302 5160 qui
3319 5099 3370 5148 et
3386 5093 3595 5159 imperati!
3610 5098 3674 5135 Ν·

2160 5209 2330 5260 cusant
2355 5207 2579 5270 exsequi,
2601 5206 2652 5257 et
2679 5205 2850 5256 similia
2883 5194 3092 5255 facinora
3113 5203 3475 5267 concupiscunt,
3499 5195 3660 5262 quive,
