3825 5842
156 502 276 579 (000-
295 499 386 575 σοι)
1031 491 1272 555 LYSIAE
1313 493 1435 553 ΟΒ.
1484 492 1788 554 CONTRA
1827 491 2342 554 DIOGITONEM.
3154 507 3267 557 229

152 631 204 695 εἷς
237 627 316 699 τὴν
349 622 590 705 ὑμετέραν
617 621 828 703 τροφήν.
915 618 1022 683 Καὶ
1051 619 1144 689 ἕως
1175 619 1270 699 μὲν
1311 612 1470 699 εἶχον,
1499 620 1645 681 οὐδέν

150 738 218 791 μοι
241 712 432 793 διέφερε·
459 709 565 769 νυνὶ
595 708 648 767 δὲ
678 708 766 767 καὶ
790 708 942 775 αὐτὸς
967 706 1173 789 ἀπόρως
1200 707 1483 786 διάκειμαι.
1568 706 1644 768 Σὺ

149 793 234 874 οὖν,
255 797 415 870 ἐπειδὴ
451 796 786 873 δεδοκίμασαι
815 796 906 856 καὶ
940 796 1071 874 ἀνὴρ
1112 793 1418 873 γεγένησαι,
1461 794 1645 854 σκόπει

153 889 272 954 αὐτὸς
297 888 388 959 ἤδη
427 884 578 944 πόθεν
620 884 748 953 ἕξεις
775 882 844 943 τὰ
887 883 1245 954 ἐπιτήδεια.»
1341 884 1429 961 (1ο)
1477 886 1644 944 Ταῦτ’

113 1001 130 1036 5
151 975 386 1035 ακούσαντε
365 999 410 1041 ς
429 970 836 1048 ἐκπεπληγμένοι
861 971 950 1030 καὶ
978 970 1335 1052 δακρύοντες’
1298 994 1499 1052 ωχοντο
1517 970 1646 1051 πρὸς

151 1064 222 1133 τὴν
245 1060 451 1141 μητέρα,
479 1060 568 1118 καὶ
595 1058 986 1139 παραλαὸόντες
1014 1058 1211 1131 ἐκείνην
1235 1030 1362 1131 ἧκον
1383 1081 1508 1139 προς
1534 1058 1645 1136 ἐμέ,

151 1153 320 1231 οἰκτρῶς
343 1148 438 1207 ὑπὸ
463 1152 556 1207 τοῦ
583 1147 776 1213 πάθους
817 1144 1128 1225 διακείμενοι
1154 1146 1244 1205 καὶ
1281 1146 1467 1213 ἀθλίως
1493 1148 1643 1206 ἐκπε-

153 1237 382 1307 πτωκότες,
398 1236 658 1301 κλαίοντες
675 1234 766 1293 καὶ
783 1232 1205 1315 παρακαλοῦντές
1225 1257 1289 1311 με
1307 1232 1382 1313 μὴ
1399 1237 1644 1315 περιιδεῖν

153 1324 295 1391 αὐτοὺς
314 1320 744 1405 ἀποστερηθέντας
757 1325 856 1381 τῶν
876 1345 983 1381 πατ
1105 1346 1130 1378 ν
1156 1322 1279 1398 μηδ’
1299 1324 1368 1389 εἷς
1383 1322 1644 1402 πτωχείαν

99 1430 132 1467 ιο
149 1412 480 1483 καταστάντας,
506 1409 892 1489 ὖὸρισμένους
871 1411 998 1489 υφἰ
939 1345 1104 1467 ’w
1081 1408 1272 1480 ἥκιστα
1301 1412 1482 1489 ἐχρῆν,
1510 1408 1645 1468 ἀλλὰ

152 1502 358 1575 βοηθῆσαι
384 1522 468 1557 και
487 1522 582 1568 της
605 1498 828 1578 ἀδελφης
847 1494 1032 1555 οὔνεκα
1052 1496 1142 1553 καὶ
1169 1498 1312 1576 σιρῶν
1335 1498 1522 1556 αὐτῶν.
1557 1494 1642 1575 (11)

153 1586 295 1643 Πολλὰ
315 1586 372 1643 ἂν
399 1586 475 1657 εἴη
500 1582 694 1663 λέγειν,
717 1584 838 1642 ὅσον
860 1583 1038 1649 πένθος
1065 1585 1118 1641 ἐν
1136 1586 1200 1662 τῇ
1224 1585 1326 1662 ἐμῇ
1351 1580 1488 1662 οἰκία
1509 1573 1571 1654 ἧν
1592 1584 1646 1639 ἐν

149 1672 290 1753 ἐκείνῳ
313 1676 380 1753 τῷ
402 1672 594 1752 χρόνῳ.
673 1670 985 1729 Τελευτῶσα
1013 1668 1066 1727 δὲ
1100 1673 1134 1741 ἡ
1159 1692 1333 1750 μητηρ
1362 1640 1531 1728 αὐτῶν
1557 1672 1646 1740 ἠν-

149 1756 304 1816 τιὸόλει
337 1782 398 1833 με
422 1758 508 1817 καὶ
540 1756 740 1815 ἱκέτευε
781 1764 1089 1835 συναγαγεῖν
1131 1758 1290 1829 αὗτης
1329 1756 1416 1815 τὸν
1445 1754 1644 1837 πατέρα

91 1862 124 1901 15
149 1842 216 1901 καὶ
250 1844 350 1911 τοὺς
371 1844 574 1925 φίλους,
608 1848 824 1904 εἰποῦσα
855 1843 961 1918 ὅτι,
991 1846 1035 1902 εἶ
1063 1842 1152 1902 καὶ
1183 1842 1430 1927 πρότερον
1461 1842 1534 1921 μὴ
1573 1842 1645 1902 εἴ·

149 1936 284 1989 emm
301 1930 454 2010 λέγειν
483 1935 537 1990 ἐν
567 1929 814 2011 ἀνδράσι,
841 1930 900 1988 τὸ
926 1928 1175 2036 μέγεθος,
1169 1928 1331 2001 αὐτὴν
1361 1929 1646 2008 ἀναγκάσει

149 2021 226 2075 τῶν
240 2023 484 2101 συμφορῶν
497 2042 564 2078 πε
571 2018 624 2099 pi
639 2022 742 2077 τῶν
760 2016 1018 2098 σφετέρων
1033 2021 1208 2077 κακῶν
1222 2020 1454 2090 δηλῶσαι
1473 2017 1644 2077 πάντα

148 2106 246 2185 πρὸς
277 2110 418 2182 ἡμᾶς.
500 2105 596 2185 (ia)
624 2103 826 2166 Ἐλθὼν
851 2104 898 2164 δ’
916 2103 1020 2183 ἐγὼ
1046 2104 1368 2183 ἠγανάκτουν
1399 2102 1493 2182 μὲν
1521 2104 1646 2185 πρὸς

149 2192 372 2270 Ἡγήμονα
399 2196 484 2253 τὸν
512 2194 705 2274 ἔχοντα
733 2191 828 2265 τὴν
859 2191 1042 2251 τούτου
1070 2189 1354 2272 θυγατέρα,
1383 2193 1563 2270 λόγους
1597 2192 1643 2249 δ’

87 2299 164 2338 ευ
146 2283 376 2359 ἐποιούμην
395 2282 517 2363 πρὸς
539 2281 662 2350 τοὺς
681 2281 866 2348 ἄλλους
885 2280 1233 2351 ἐπιτηδείους,
1257 2278 1426 2351 ἠξίουν
1451 2280 1507 2338 δὲ
1525 2302 1646 2338 του-

145 2391 210 2425 τον
233 2372 290 2435 εἷς
315 2369 512 2450 ἔλεγχον
541 2370 678 2428 ἰέναι
706 2368 826 2447 περὶ
855 2371 959 2427 τῶν
986 2366 1335 2448 πραγμάτων.
1368 2366 1644 2445 Διογείτων

147 2452 186 2511 δὲ
203 2454 251 2513 τὸ
273 2456 355 2532 μὲν
375 2460 576 2537 πρῶτον
608 2458 702 2515 οὔκ
728 2454 907 2526 ἤθελε,
933 2456 1187 2512 τελευτῶν
1210 2452 1262 2511 δὲ
1293 2452 1392 2511 ὑπὸ
1419 2456 1523 2511 τῶν
1559 2453 1644 2534 φί-

145 2542 224 2597 λων
252 2544 550 2623 ἠναγκάσθη.
593 2540 814 2613 Ἐπειδὴ
845 2542 900 2599 δὲ
931 2540 1273 2619 συνήλθομεν,
1303 2541 1458 2621 ἤρετο
1491 2540 1643 2600 αὐτὸν

146 2631 318 2707 ἦγυνή,
345 2634 452 2693 τίνα
479 2632 610 2698 ποτὲ
633 2630 812 2714 ψυχὴν
838 2630 978 2709 ἔχων
1005 2628 1139 2698 ἀξιοῖ
1165 2629 1286 2709 περὶ
1313 2634 1418 2691 τῶν
1444 2629 1642 2688 παίδων

89 2735 128 2773 2⁵
147 2718 316 2799 τοιαύτῃ
337 2721 512 2799 γνώμῃ
538 2724 798 2800 χρῆσθαι,
823 2745 848 2769 ι
873 2718 1089 2797 ἀδελφὸς
1117 2716 1210 2795 μὲν
1233 2715 1305 2774 ὢν
1334 2722 1423 2775 τοῦ
1453 2716 1644 2797 πατρὸς

147 2807 293 2879 αὐτῶν,
315 2808 477 2888 πατὴρ
498 2808 542 2866 δ’
564 2806 716 2884 ἐμός,
735 2811 865 2873 θεῖος
893 2804 946 2864 δὲ
971 2808 1144 2871 αὐτοῖς
1170 2803 1258 2861 καὶ
1287 2802 1518 2870 πάππος.
1556 2802 1641 2882 (13)

149 2892 228 2951 Καὶ
261 2897 298 2951 εἰ
330 2895 518 2971 μηδένα
557 2892 847 2973 ἀνθρώπων
875 2890 1132 2972 ᾐσχύνου,
1174 2892 1288 2958 τοὺς
1315 2890 1455 2957 θεοὺς
1483 2894 1641 2971 ἐχρῆν

146 3000 212 3055 σι,
235 2980 366 3059 φησί,
387 2982 624 3040 δεδιέναι·
647 2979 700 3047 δς
728 2978 912 3047 ἔλαὸες
943 2977 1057 3055 μέν,
1081 2976 1160 3036 ὅτ’
1191 2980 1378 3043 ἐκεῖνος
1412 2976 1641 3051 ἐξέπλει,

144 3067 260 3126 πέντε
291 3072 506 3128 τάλαντα
535 3068 670 3148 παρ’
699 3068 858 3126 αὐτοῦ
881 3065 1356 3147 παρακαταθήκην.
1388 3065 1497 3125 Καὶ
1524 3065 1642 3145 περὶ

87 3164 124 3201 ³⁰
143 3154 293 3213 τούτων
315 3156 407 3234 ἐγὼ
428 3156 561 3215 θέλω
581 3154 703 3222 τοὺς
729 3158 920 3221 παῖδας
947 3152 1396 3234 παραστησαμένη
1421 3152 1509 3210 καὶ
1532 3152 1644 3211 τού-

141 3264 228 3308 τους
249 3244 325 3301 καὶ
345 3245 453 3311 τοὺς
482 3242 698 3317 ὕστερον
735 3244 938 3319 ἐμαυτῇ
971 3240 1273 3319 γενομένους
1296 3238 1484 3317 ὀμόσαι
1512 3239 1641 3300 ὅπου

145 3328 188 3383 ἂν
211 3332 336 3398 οὗτὸς
353 3330 522 3411 λέγῃς.
561 3329 757 3391 Καίτοι
782 3332 878 3409 οὔχ
897 3328 1056 3395 οὕτως
1079 3326 1182 3404 ἐγώ
1205 3329 1312 3402 εἰμι
1338 3326 1510 3399 ἀθλία,
1533 3326 1642 3385 οὔδ’

141 3414 244 3475 οὕτω
271 3419 376 3498 περὶ
413 3422 614 3478 πολλοῦ
645 3423 899 3495 ποιοῦμαι
934 3415 1215 3497 χρήματα,
1243 3414 1364 3473 ὥστ’
1395 3414 1638 3495 ἐπιορκή·

142 3524 248 3561 σασα
269 3507 390 3564 κατὰ
409 3510 510 3565 τῶν
537 3504 744 3564 παίδων
772 3508 877 3564 τῶν
905 3508 1134 3582 ἐμαυτῆς
1161 3503 1248 3561 τὸν
1279 3502 1390 3581 βίον
1417 3502 1636 3561 καταλι-

85 3606 122 3647 25
141 3590 245 3665 πεῖν,
281 3593 456 3661 ἀδίκως
483 3593 539 3651 δὲ
571 3587 856 3671 ἀφελέσθαι
883 3590 976 3663 τὴν
1021 3594 1112 3649 τοῦ
1141 3590 1336 3669 πατρὸς
1374 3588 1570 3647 οὐσίαν·
1613 3614 1638 3643 n

145 3676 206 3753 (11)
223 3676 330 3740 Ἔτι
354 3680 515 3739 τοίνυν
540 3679 819 3759 ἐξήλεγχεν
840 3677 992 3737 αὐτὸν
1017 3676 1152 3737 ἑπτὰ
1169 3676 1402 3737 τάλαντα
1431 3698 1640 3755 κεκομι·

142 3765 288 3840 σμένον
313 3768 522 3826 ναυτικὰ
549 3767 644 3827 καὶ
671 3765 1087 3846 τετρακισχιλίας
1113 3764 1381 3846 δραχμάς,
1409 3764 1499 3824 καὶ
1523 3764 1637 3824 τού-

139 3872 216 3907 των
236 3876 293 3910 τα
313 3855 594 3933 γράμματα
627 3853 907 3922 ἀπέδειξεν·
939 3856 992 3912 ἐν
1026 3850 1128 3931 γὰρ
1167 3856 1233 3931 τῇ
1275 3850 1530 3927 διοικίσει,
1561 3849 1636 3909 ὅτ’

141 3938 184 3993 ἔκ
205 3942 442 4001 Κολλυτου
469 3942 736 4023 διοικίζετο
769 3942 841 4007 εἰς
879 3940 973 4011 τὴν
1017 3938 1257 4019 Φαίδρου
1294 3936 1483 4013 οἰκίαν,
1520 3936 1639 4004 τους

89 4042 124 4079 10
139 4029 289 4095 παῖδας
311 4030 645 4110 ἐπιτυχόντας
675 4026 1048 4109 ἐκὸεὸλημένω
1085 4030 1162 4084 τῶ
1191 4022 1378 4104 βιὸλίω
1417 4026 1638 4102 ἐνεγκειν

138 4114 235 4190 προς
251 4118 443 4190 ταύτην.
527 4120 620 4195 (ιε)
651 4116 905 4197 Ἆπέφηνε
930 4116 978 4175 δ’
1006 4114 1160 4174 αυτὸν
1187 4111 1372 4173 ἑκατὸν
1396 4120 1528 4189 μνᾶς
1550 4135 1636 4171 κε-

137 4206 398 4280 κομισμένον
429 4207 657 4285 ἐγγείους
689 4204 774 4264 ἐπὶ
808 4202 947 4284 τόκῳ
974 4200 1391 4276 δεδανεισμένας,
1419 4199 1509 4258 καὶ
1532 4198 1637 4259 ἑτέ·

139 4310 206 4361 ρας
221 4292 455 4372 δισχιλίας
481 4292 723 4374 δραχμὰς
748 4291 838 4351 καὶ
863 4291 1055 4350 ἔπιπλα
1081 4291 1274 4348 πολλοῦ
1300 4287 1435 4355 ἄξια·
1457 4296 1633 4368 φοιτᾶν

138 4374 272 4515 δὲκαὶ
291 4390 422 4439 σῖτον
448 4382 625 4447 αὐτοῖς
651 4382 710 4439 ἐκ
740 4378 1066 4459 Χερρονήσου
1096 4378 1211 4435 καθ’
1238 4374 1500 4434 ἔκαστον’
1476 4397 1636 4433 ενιαυ-

254 4466 524 4529 «Ἔπειτα
554 4466 622 4527 συ
651 4465 968 4544 ἐτόλμησας,
1009 4464 1139 4546 ἔφη,
1175 4466 1355 4535 εἰπεῖν,
1391 4460 1523 4541 ἔχων
1550 4486 1634 4521 το-

139 4555 211 4607 σιῧ
213 4576 264 4610 τα
300 4553 570 4635 χρήματα,
605 4558 676 4622 ὡς
703 4553 957 4633 δισχιλίας
985 4549 1222 4633 δραχμὰς
1246 4555 1274 4609 ὁ
1301 4549 1493 4609 τούτων
1523 4544 1634 4607 πά-

140 4638 210 4713 τὴς,
228 4644 450 4701 κατέλιπε
479 4666 571 4701 και
596 4641 874 4722 τριάκοντα
904 4644 1194 4719 στατῆρας,
1225 4636 1358 4715 ἅπερ
1392 4636 1507 4713 ἐμοὶ
1537 4659 1636 4695 κα-

143 4728 418 4806 ταλειφθέντα
438 4730 638 4790 ἐκείνου
662 4728 1062 4801 τελευτήσαντος
1087 4725 1190 4804 ἐγώ
1209 4748 1289 4783 σοι
1313 4724 1482 4784 ἔδωκα
1496 4726 1631 4807 ,(16)

149 4813 225 4869 Καὶ
239 4816 452 4876 ἐκὸαλεῖν
471 4817 682 4884 τούτους
704 4815 927 4889 ἠξίωκας
946 4814 1276 4894 θυγατριδοῦς
1293 4810 1441 4877 ὄντας
1460 4812 1519 4871 ἐκ
1540 4816 1633 4883 τῆς

147 4898 266 4968 'fahs
287 4908 369 4977 τῆς
394 4910 564 4964 αὑτῶν
594 4909 649 4964 ἐν
674 4903 987 4985 τριὸωνίοις,
1012 4900 1384 4971 ἀνυποδήτους,
1411 4900 1470 4956 οὗ
1501 4898 1634 4976 μετὰ

151 4988 394 5071 ἀῖῑτιλοιίθου,
419 4998 476 5053 οὗ
507 4992 645 5071 μετὰ
672 4992 1013 5074 στρωμάτων,
1041 4994 1098 5049 οὗ
1138 4990 1271 5067 μετὰ
1298 4986 1544 5065 ἱματίων,
1575 4990 1631 5047 οὗ

152 5076 247 5146 μέτᾶ
277 5084 366 5139 τῶν
392 5082 628 5141 ἐπίπλων
657 5081 689 5139 ἃ
713 5086 740 5139 ὁ
773 5080 948 5161 πατὴρ
977 5080 1148 5146 αὐτοῖς
1183 5076 1479 5147 κατέλιπεν,
1517 5076 1630 5134 οὐδὲ

153 5165 249 5233 1)·ΰᾶ
273 5172 360 5228 τῶν
382 5173 834 5251 παρακαταθηκῶν
877 5170 935 5237 ἃς
971 5169 1159 5234 ἐκεῖνος
1186 5164 1330 5246 παρὰ
1359 5165 1440 5224 σοὶ
1469 5161 1631 5222 κατέ-

153 5252 251 5309 θετο.
321 5257 398 5337 (17)
427 5258 534 5320 Kal
557 5264 646 5317 νῦν
665 5256 778 5325 τοὺς
807 5257 900 5333 μὲν
927 5260 984 5315 ἐκ
1003 5260 1094 5327 τῆς
1119 5262 1370 5333 μητρυιᾶς
1395 5256 1485 5322 τῆς
1504 5253 1631 5329 ἐμῆς

1740 631 1790 680 ln
1827 632 2041 682 vestrum
2067 633 2351 683 alimentum
2371 632 2581 696 impendi
2593 649 2609 694 ;
2634 634 2685 682 et
2715 633 2947 695 quamdiu
2983 634 3177 697 quidem
3213 650 3288 687 res

1734 734 1867 784 lanta
1889 735 1984 785 ruit
1994 771 2009 795 ,
2031 734 2196 785 curavi
2218 734 2336 784 nihil
2362 754 2376 785 :
2393 734 2492 797 iam
2505 747 2621 785 vero
2637 735 2738 798 ipse
2750 748 2932 799 pauper
2945 748 3055 786 sum
3068 738 3116 786 et
3130 737 3284 801 inops.

1733 838 1806 886 Tu
1832 836 1977 899 igitur
1999 848 2153 899 quum
2173 836 2275 897 iam
2294 835 2355 885 ad
2378 835 2563 885 virilem
2582 835 2775 885 aetatcm
2800 838 3073 899 perveneris
3094 838 3145 888 et
3164 838 3289 888 inter

1733 936 1860 986 viros
1885 936 2121 999 ascriptus
2147 934 2238 997 sis,
2276 934 2493 999 prospice
2512 948 2610 997 qua
2630 934 2813 985 ratione
2834 935 2921 986 tibi
2950 936 3133 987 victum
3151 950 3286 987 com-

1733 1045 1884 1095 perce.
1909 1054 1935 1079 υ
1998 1034 2097 1097 (ιο)
2122 1033 2265 1083 Hisce
2294 1032 2493 1094 auditis,
2519 1032 2723 1095 perculsi
2740 1033 2789 1083 et
2809 1033 3112 1085 lacrimantes
3128 1034 3289 1086 ierunt

1733 1131 1794 1179 ad
1837 1133 2069 1190 matrem,
2096 1134 2147 1181 et
2173 1130 2317 1180 simul
2352 1142 2467 1180 cum
2484 1130 2568 1179 illa
2594 1132 2831 1181 venerunt
2860 1131 2922 1181 ad
2954 1145 3059 1196 me,
3098 1146 3187 1183 suo
3211 1134 3286 1184 in·

1734 1228 1987 1278 commodo
2016 1228 2293 1278 luctuosum
2312 1228 2361 1277 in
2388 1227 2585 1277 modum
2604 1226 2767 1278 amicti
2782 1264 2797 1290 ,
2816 1228 2955 1279 bonis
2978 1230 3076 1279 suis
3098 1230 3287 1293 indigne

1732 1328 1941 1392 expulsi,
1970 1328 2161 1389 tientes,
2185 1340 2359 1390 meque
2375 1326 2620 1376 hortantes
2636 1338 2699 1375 ne
2718 1340 2770 1376 se
2791 1328 3001 1390 paternis
3020 1328 3159 1378 bonis
3179 1329 3282 1379 t'ru-

1731 1430 1904 1479 stratos
1922 1440 2246 1493 pauperesque
2260 1427 2359 1489 iam
2377 1427 2556 1489 factos,
2576 1428 2626 1477 et
2643 1428 2776 1490 gravi
2793 1440 2823 1477 a
2839 1428 3015 1491 quibus
3032 1442 3129 1479 non
3147 1445 3285 1494 opor·

1732 1529 1826 1579 tuit
1859 1527 2032 1590 injuria
2051 1527 2277 1588 al'l'ectoS,
2311 1526 2605 1589 desererem,
2637 1527 2721 1577 sed
2740 1527 2918 1577 sororis
2932 1541 3115 1592 suaque
3141 1542 3285 1580 causa

1732 1628 2053 1679 defenderem.
2118 1627 2163 1689 (ι
2177 1627 2221 1689 ι)
2236 1625 2392 1676 Multa
2404 1639 2519 1675 sane
2534 1625 2629 1675 dici
2640 1626 2833 1689 possent
2848 1626 2909 1676 de
2919 1626 3053 1676 luctu
3069 1628 3153 1690 qui
3169 1629 3285 1678 tunc

1733 1734 1782 1782 in
1799 1731 1947 1781 domo
1964 1744 2071 1781 mea
2096 1730 2289 1780 habitus
2323 1730 2484 1780 suerit.
2550 1730 2702 1778 Mater
2732 1729 2928 1779 tandem
2950 1729 3107 1779 oravit
3124 1732 3173 1780 et
3196 1731 3285 1780 ob·

1733 1836 1904 1885 testata
1920 1836 1993 1884 est
2010 1836 2066 1883 ut
2082 1847 2225 1883 sunm
2241 1834 2426 1897 patrem
2444 1834 2721 1895 ceterosque
2744 1832 2925 1882 amicos
2940 1845 3255 1885 convocarem
3268 1870 3284 1895 ,

1732 1934 1894 1985 dicens
1932 1948 2012 1998 se,
2039 1934 2129 1985 etsi
2158 1934 2283 1984 inter
2302 1933 2429 1987 viros
2454 1933 2587 1997 prius
2608 1933 2741 1997 loqui
2772 1946 2869 1983 non
2900 1934 3159 1984 assueverit
3169 1910 3285 1997 ,Ἱε-

1734 2049 1843 2085 men
1864 2036 2081 2085 coactam
2104 2035 2433 2085 calamitatum
2458 2033 2786 2096 magnitudine
2817 2034 2879 2084 de
2906 2034 3005 2084 suis
3031 2034 3159 2098 apud
3180 2036 3287 2086 illos

1731 2137 2003 2188 infortuniis
2031 2136 2418 2199 conquesturam.
2486 2134 2583 2197 (12)
2608 2138 2705 2201 Ego
2722 2147 2839 2183 vero
2866 2133 3031 2185 adiens
3052 2138 3286 2198 Hegemo-

1733 2251 1840 2286 nem
1853 2274 1869 2299 ,
1897 2236 1983 2299 qui
2021 2234 2285 2298 Diogitonis
2313 2232 2461 2283 tiliam
2486 2232 2538 2282 in
2574 2232 2883 2283 matrimonio
2900 2234 3131 2298 habebat,
3160 2236 3287 2299 apud

1732 2340 1870 2391 illum
1899 2340 1964 2390 ob
1983 2352 2085 2389 rem
2106 2336 2403 2401 indignabar,
2425 2338 2475 2385 et
2491 2335 2621 2398 apud
2636 2336 2755 2385 alios
2774 2336 3065 2401 propinquos
3088 2340 3140 2388 et
3163 2339 3287 2388 ami.

1732 2459 1814 2495 eos
1843 2444 1991 2495 verba
2030 2442 2259 2493 faciebam
2272 2478 2291 2503 ,
2330 2438 2727 2503 postulatumque
2750 2440 2805 2488 ut
2848 2440 3069 2503 Diogiton
3098 2440 3160 2491 ad
3190 2442 3286 2492 αξ-

1733 2546 1860 2595 mina
1883 2542 2113 2593 diluenda
2130 2541 2393 2591 accederet.
2458 2540 2603 2598 Quod
2635 2541 2830 2603 quidem
2854 2541 2943 2592 iste
2968 2541 3105 2593 initio
3128 2543 3285 2595 detre-

1731 2651 1906 2712 ctavit,
1961 2649 2043 2699 scd
2082 2646 2279 2698 tandem
2312 2661 2371 2697 eo
2414 2647 2477 2696 ab
2510 2646 2679 2696 amicis
2711 2647 2911 2697 adactus
2962 2650 3052 2698 est.
3118 2653 3283 2707 Quum

1730 2753 1871 2815 igitur
1911 2750 2325 2829 convenissemus,
2382 2748 2708 2813 interrogabat
2770 2750 2926 2813 ipsum
2966 2752 3141 2801 mulier
3187 2767 3285 2815 quo

1729 2855 1922 2906 tandem
1948 2854 2109 2905 animo
2144 2866 2253 2915 erga
2276 2864 2449 2915 pueros
2483 2852 2629 2901 talem
2661 2864 2711 2901 se
2734 2850 3019 2913 praebuerim
3057 2870 3081 2893 «ι
3103 2865 3251 2913 quum
3266 2889 3282 2916 ,

1732 2962 1916 3026 inquit,
1938 2960 2083 3009 frater
2105 2960 2171 3009 sis
2194 2958 2341 3021 patris
2357 2970 2526 3007 eorum
2540 2992 2555 3019 ,
2586 2957 2723 3019 pater
2740 2969 2905 3018 meus,
2926 2957 3286 3019 eorundemque

1730 3060 1928 3122 patruus
1950 3057 1999 3106 et
2015 3068 2165 3114 avus;
2190 3053 2287 3115 (1³)
2304 3056 2380 3114 et,
2400 3053 2441 3103 si
2455 3054 2730 3102 mortalium
2752 3052 2993 3102 neminem
3018 3028 3255 3103 verebaris
3268 3090 3283 3115 ,

1729 3153 1843 3203 deos
1863 3154 2027 3201 tamen
2060 3152 2109 3201 te
2130 3149 2302 3199 timere
2336 3148 2602 3210 oportebat.
2670 3147 2767 3205 Qui
2801 3146 2996 3209 quidem
3032 3148 3282 3211 accepisti,

1729 3248 1810 3298 illo
1833 3246 2133 3308 discedente,
2166 3244 2379 3309 quinque
2412 3244 2623 3306 talenta,
2664 3242 2933 3305 depositum
2968 3260 2981 3292 ι
3014 3242 3076 3292 de
3106 3242 3286 3305 quibus

1729 3358 1815 3409 ego
1837 3346 1886 3394 et
1906 3343 1997 3394 hos
2020 3344 2070 3393 et
2092 3342 2210 3392 alios
2226 3342 2309 3405 qui
2332 3341 2495 3403 postea
2526 3339 2645 3389 mihi
2668 3339 2769 3389 nati
2799 3340 2913 3389 sunt
2930 3338 3282 3400 exhibens,1u-

1731 3455 1836 3491 rare
1877 3441 2043 3503 parata
2078 3452 2187 3489 sum
2198 3474 2213 3501 ,
2246 3450 2556 3501 quocumque
2589 3437 2697 3486 loco
2731 3436 2941 3499 iusseris.
3008 3435 3153 3498 Atqui
3187 3449 3284 3485 non

1727 3539 1846 3589 adeo
1863 3538 2036 3588 misera
2058 3549 2165 3587 sum
2180 3572 2195 3598 ,
2214 3548 2305 3585 nec
2322 3534 2441 3583 tanti
2456 3532 2707 3597 pecuniam
2730 3532 2857 3583 facio
2868 3568 2883 3595 ,
2916 3532 2973 3581 ut
2999 3532 3144 3582 velim
3162 3532 3283 3582 mori

1731 3640 1982 3701 postquam
2008 3648 2149 3697 super
2173 3632 2292 3683 meis
2312 3630 2741 3694 liberis-peierarim
2754 3666 2769 3691 ,
2791 3630 2878 3677 aut
2902 3640 2986 3691 per
3010 3628 3143 3679 nefas
3160 3628 3284 3691 patri

1728 3733 1979 3783 facultates
1993 3731 2221 3780 auferam.
2250 3748 2274 3773 υ
2310 3727 2407 3791 (14)
2426 3727 2577 3777 Istum
2596 3726 2739 3776 etiam
2756 3723 2964 3774 convicit
2984 3724 3114 3787 quod
3133 3737 3287 3787 μου-.

1727 3827 1830 3877 nias
1842 3826 2077 3885 nauticas,
2091 3824 2271 3886 septem
2286 3821 2481 3881 talenta,
2502 3818 2855 3881 recuperaverit
2866 3818 2915 3867 et
2926 3817 3157 3879 quattuor
3173 3817 3281 3867 dra·

1727 3923 1979 3971 cumarum
2008 3918 2187 3979 millia;
2210 3918 2357 3978 atque
2390 3914 2562 3963 horum
2580 3911 2777 3962 tabellas
2801 3909 3017 3972 protulit.
3082 3912 3203 3959 Nam
3230 3908 3281 3958 in

1727 4016 2033 4079 migratione,
2076 4011 2266 4076 quando
2320 4006 2619 4059 commeabat
2666 4018 2695 4055 e
2742 4004 2933 4066 Collyto
2981 4002 3031 4052 in
3080 4003 3279 4053 Phaedri

1725 4112 1852 4163 aedes
1865 4148 1880 4173 ,
1898 4109 2022 4159 filios
2040 4106 2195 4157 aiebat
2214 4105 2265 4154 in
2290 4102 2505 4153 libellum
2523 4100 2731 4161 eiectum
2754 4096 3015 4145 incidentes
3036 4095 3100 4145 ad
3120 4108 3173 4146 se
3188 4095 3277 4146 de-

1725 4206 1903 4256 tulisse.
1970 4201 2069 4263 (15)
2098 4196 2321 4249 Ostendit
2340 4206 2535 4257 quoque
2557 4192 2701 4242 istum
2723 4189 2889 4253 viginti
2917 4188 3071 4239 minas
3098 4190 3279 4240 toenore
3354 4256 3359 4261 ⁸

1725 4298 1864 4349 solito
1883 4292 2210 4345 commodatae
2223 4324 2239 4349 ,
2260 4289 2309 4337 et
2330 4287 2422 4335 alia
2444 4285 2541 4334 duo
2558 4284 2897 4333 drachmarum
2912 4282 3089 4345 millia,
3108 4284 3159 4332 et
3178 4295 3278 4333 ma·

1723 4395 1800 4457 gni
1823 4389 1964 4455 pretii
1992 4383 2333 4449 supellectilem
2364 4379 2594 4441 recepisse
2637 4391 2649 4420 t
2684 4376 2801 4439 quin
2828 4376 2877 4425 et
2910 4375 3109 4438 singulis
3138 4376 3277 4426 annis

1723 4484 2017 4539 frumentum
2058 4479 2221 4529 venire
2256 4490 2283 4526 e
2312 4474 2606 4524 Chersoneso
2632 4471 2683 4520 in
2716 4472 2927 4534 ipsorum
2974 4470 3271 4521 alimoniam.

1725 4581 1956 4633 «Deinde
1970 4616 1986 4641 ,
2010 4576 2168 4627 aiebat
2182 4611 2198 4636 ,
2217 4585 2369 4636 quum
2386 4569 2574 4620 tantum
2596 4580 2743 4631 penes
2762 4567 2810 4616 te
2830 4565 3031 4615 haberes
3054 4565 3274 4628 pecunia·

1723 4692 1831 4728 rum
1846 4714 1860 4738 ,
1889 4676 2049 4725 dicere
2065 4683 2211 4722 ausus
2231 4682 2283 4719 es
2301 4667 2473 4717 horum
2498 4665 2683 4729 patrem
2708 4661 2781 4710 bis
2805 4660 2937 4710 mille
2957 4659 3210 4709 drachmas
3226 4664 3276 4710 et

1721 4771 1913 4835 triginta
1930 4769 2131 4817 stateres
2146 4761 2385 4813 duntaxat
2410 4758 2669 4821 reliquisse.
2733 4756 2829 4817 (16)
2849 4756 3004 4803 Hosee
3022 4765 3144 4814 quos
3158 4752 3281 4802 mihi

1721 4868 1912 4931 reliquit
1938 4866 2017 4915 ille
2052 4862 2284 4921 moriens,
2315 4870 2379 4909 ex
2398 4859 2485 4906 tua
2507 4854 2605 4905 filia
2626 4856 2767 4903 natos
2802 4850 2983 4912 eiecisti
3011 4862 3040 4898 e
3066 4850 3273 4912 propriis

1720 4976 1885 5014 eorum
1922 4959 2131 5019 oedibus,
2158 4953 2333 5005 attritis
2362 4951 2554 5001 indutos
2588 4945 2910 5006 vestimentis,
2934 4941 3243 4992 discalceatos
3256 4977 3271 5003 ,

1719 5063 1824 5111 sine
1843 5056 2023 5109 lamule
2039 5091 2055 5116 ,
2080 5053 2185 5104 sine
2199 5048 2411 5100 vestibus
2421 5082 2437 5109 ,
2456 5044 2561 5096 sine
2574 5038 2868 5105 supellectile
2891 5050 3038 5101 quam
3054 5036 3123 5085 eis
3136 5036 3273 5098 pater

1721 5151 2001 5214 reliquerat,
2028 5148 2129 5197 sine
2150 5142 2353 5208 pecunia
2383 5151 2531 5205 quam
2554 5135 2685 5199 apud
2719 5136 2769 5184 te
2806 5128 3104 5193 deposuerat.
3171 5126 3271 5189 (17)

1721 5254 1861 5305 Filios
1887 5266 1945 5301 ex
1978 5260 2185 5299 noverca
2212 5256 2317 5294 mea
2340 5240 2429 5293 tibi
2460 5240 2599 5290 natos
2616 5238 2665 5286 in
2686 5232 2845 5294 ampla
2871 5240 3031 5278 rerum
3054 5226 3269 5273 omnium
