<?xml version="1.0" encoding="UTF-8"?>
<!DOCTYPE html PUBLIC "-//W3C//DTD XHTML 1.0 Transitional//EN"
    "http://www.w3.org/TR/xhtml1/DTD/xhtml1-transitional.dtd">
<html xmlns="http://www.w3.org/1999/xhtml" xml:lang="en" lang="en">
 <head>
  <title>
</title>
<meta http-equiv="Content-Type" content="text/html;charset=utf-8" />
  <meta name='ocr-system' content='tesseract 3.04.00' />
  <meta name='ocr-capabilities' content='ocr_page ocr_carea ocr_par ocr_line ocrx_word'/>
</head>
<body>
  <div class='ocr_page' id='page_1' title='image "./oratoresatticia03unkngoog/oratoresatticia03unkngoog_0030.png"; bbox 0 0 3825 5842; ppageno 0'>
   <div class='ocr_carea' id='block_1_1' title="bbox 487 365 2611 453">
    <p class='ocr_par' dir='ltr' id='par_1_1' title="bbox 487 365 2611 453">
     <span class='ocr_line' id='line_1_1' title="bbox 487 365 2611 453; baseline 0.003 -27"><span class='ocrx_word' id='word_1_1' title='bbox 487 369 554 427; x_wconf 76' lang='grc' dir='ltr'>ιε</span> <span class='ocrx_word' id='word_1_2' title='bbox 1509 365 2048 433; x_wconf 69' lang='grc' dir='ltr'>ἈΝΤιΦαΝΤοΣ</span> <span class='ocrx_word' id='word_1_3' title='bbox 2088 373 2407 434; x_wconf 76' lang='lat' dir='ltr'><strong>TETPAA.</strong></span> <span class='ocrx_word' id='word_1_4' title='bbox 2452 376 2517 449; x_wconf 80' lang='lat' dir='ltr'><strong>s,</strong></span> <span class='ocrx_word' id='word_1_5' title='bbox 2557 399 2611 453; x_wconf 69' lang='grc' dir='ltr'>γ.</span> 
     </span>
    </p>
   </div>
   <div class='ocr_carea' id='block_1_2' title="bbox 395 505 2041 5230">
    <p class='ocr_par' dir='ltr' id='par_1_2' title="bbox 395 505 2041 5230">
     <span class='ocr_line' id='line_1_2' title="bbox 473 505 2031 594; baseline 0.005 -28"><span class='ocrx_word' id='word_1_6' title='bbox 473 507 683 567; x_wconf 84' lang='grc' dir='ltr'>πάντων</span> <span class='ocrx_word' id='word_1_7' title='bbox 705 505 762 568; x_wconf 75' lang='grc' dir='ltr'>δὲ</span> <span class='ocrx_word' id='word_1_8' title='bbox 785 508 1066 586; x_wconf 76' lang='grc' dir='ltr'>σωμάτων,</span> <span class='ocrx_word' id='word_1_9' title='bbox 1090 508 1176 568; x_wconf 76' lang='grc' dir='ltr'>διὰ</span> <span class='ocrx_word' id='word_1_10' title='bbox 1196 511 1299 569; x_wconf 89' lang='grc' dir='ltr'>τῶν</span> <span class='ocrx_word' id='word_1_11' title='bbox 1322 513 1506 571; x_wconf 75' lang='grc' dir='ltr'>ἑαυτοῦ</span> <span class='ocrx_word' id='word_1_12' title='bbox 1525 513 1762 594; x_wconf 84' lang='grc' dir='ltr'>πλευρῶν</span> <span class='ocrx_word' id='word_1_13' title='bbox 1782 513 2031 586; x_wconf 79' lang='grc' dir='ltr'>διαπῆξαι</span> 
     </span>
     <span class='ocr_line' id='line_1_3' title="bbox 475 595 2030 682; baseline 0.006 -29"><span class='ocrx_word' id='word_1_14' title='bbox 475 595 616 674; x_wconf 74' lang='grc' dir='ltr'>λέγει</span> <span class='ocrx_word' id='word_1_15' title='bbox 643 595 704 654; x_wconf 82' lang='grc' dir='ltr'>τὸ</span> <span class='ocrx_word' id='word_1_16' title='bbox 732 595 987 660; x_wconf 75' lang='grc' dir='ltr'><strong>ἀκόντων.</strong></span> <span class='ocrx_word' id='word_1_17' title='bbox 1057 595 1202 677; x_wconf 79' lang='grc' dir='ltr'>Ἐγὼ</span> <span class='ocrx_word' id='word_1_18' title='bbox 1224 596 1279 656; x_wconf 75' lang='grc' dir='ltr'>δὲ</span> <span class='ocrx_word' id='word_1_19' title='bbox 1303 598 1545 667; x_wconf 75' lang='grc' dir='ltr'><strong>ἑκουσίως</strong></span> <span class='ocrx_word' id='word_1_20' title='bbox 1569 604 1873 682; x_wconf 87' lang='grc' dir='ltr'>κατηγορῶν</span> <span class='ocrx_word' id='word_1_21' title='bbox 1897 604 2030 662; x_wconf 89' lang='grc' dir='ltr'>ἀπο-</span> 
     </span>
     <span class='ocr_line' id='line_1_4' title="bbox 407 678 2031 766; baseline 0.005 -26"><span class='ocrx_word' id='word_1_22' title='bbox 407 700 435 740; x_wconf 76' lang='grc' dir='ltr'>ο</span> <span class='ocrx_word' id='word_1_23' title='bbox 473 683 674 742; x_wconf 84' lang='grc' dir='ltr'>κτεῖναι</span> <span class='ocrx_word' id='word_1_24' title='bbox 697 683 852 742; x_wconf 78' lang='grc' dir='ltr'>αὖτδν</span> <span class='ocrx_word' id='word_1_25' title='bbox 880 684 1180 766; x_wconf 75' lang='grc' dir='ltr'>πιστότερος</span> <span class='ocrx_word' id='word_1_26' title='bbox 1203 686 1266 745; x_wconf 82' lang='grc' dir='ltr'>ἀν</span> <span class='ocrx_word' id='word_1_27' title='bbox 1291 709 1378 764; x_wconf 87' lang='grc' dir='ltr'>μοι</span> <span class='ocrx_word' id='word_1_28' title='bbox 1407 689 1544 746; x_wconf 89' lang='grc' dir='ltr'>δοκῶ</span> <span class='ocrx_word' id='word_1_29' title='bbox 1567 678 1698 747; x_wconf 72' lang='grc' dir='ltr'>εἶναι</span> <span class='ocrx_word' id='word_1_30' title='bbox 1725 679 1954 764; x_wconf 70' lang='grc' dir='ltr'>ἣοῦτος,</span> <span class='ocrx_word' id='word_1_31' title='bbox 1978 690 2031 759; x_wconf 81' lang='grc' dir='ltr'>ὃς</span> 
     </span>
     <span class='ocr_line' id='line_1_5' title="bbox 475 769 2027 858; baseline 0.006 -28"><span class='ocrx_word' id='word_1_32' title='bbox 475 769 610 848; x_wconf 79' lang='grc' dir='ltr'>μήτε</span> <span class='ocrx_word' id='word_1_33' title='bbox 636 773 816 852; x_wconf 85' lang='grc' dir='ltr'>βαλεῖν</span> <span class='ocrx_word' id='word_1_34' title='bbox 839 772 972 850; x_wconf 76' lang='grc' dir='ltr'>μήτε</span> <span class='ocrx_word' id='word_1_35' title='bbox 996 773 1299 833; x_wconf 86' lang='grc' dir='ltr'>ἀποκτεῖναί</span> <span class='ocrx_word' id='word_1_36' title='bbox 1321 797 1449 855; x_wconf 81' lang='grc' dir='ltr'>φησι</span> <span class='ocrx_word' id='word_1_37' title='bbox 1470 774 1530 833; x_wconf 88' lang='grc' dir='ltr'>τὸ</span> <span class='ocrx_word' id='word_1_38' title='bbox 1558 775 1844 857; x_wconf 88' lang='grc' dir='ltr'>μειράκιον.</span> <span class='ocrx_word' id='word_1_39' title='bbox 1865 778 1934 858; x_wconf 81' lang='grc' dir='ltr'>(ο)</span> <span class='ocrx_word' id='word_1_40' title='bbox 1957 777 2027 840; x_wconf 85' lang='grc' dir='ltr'><strong>Ὁ</strong></span> 
     </span>
     <span class='ocr_line' id='line_1_6' title="bbox 473 855 2031 942; baseline 0.005 -26"><span class='ocrx_word' id='word_1_41' title='bbox 473 855 570 936; x_wconf 69' lang='grc' dir='ltr'>μὲν</span> <span class='ocrx_word' id='word_1_42' title='bbox 597 857 700 941; x_wconf 70' lang='grc' dir='ltr'>γὰρ</span> <span class='ocrx_word' id='word_1_43' title='bbox 719 861 773 918; x_wconf 76' lang='grc' dir='ltr'>ἒν</span> <span class='ocrx_word' id='word_1_44' title='bbox 791 859 961 942; x_wconf 79' lang='grc' dir='ltr'>τούτῳ</span> <span class='ocrx_word' id='word_1_45' title='bbox 986 863 1062 941; x_wconf 81' lang='grc' dir='ltr'>τῷ</span> <span class='ocrx_word' id='word_1_46' title='bbox 1083 865 1250 942; x_wconf 76' lang='grc' dir='ltr'>καιρῷ</span> <span class='ocrx_word' id='word_1_47' title='bbox 1271 861 1587 939; x_wconf 81' lang='grc' dir='ltr'>καλούμενος</span> <span class='ocrx_word' id='word_1_48' title='bbox 1612 864 1712 922; x_wconf 72' lang='grc' dir='ltr'>ὑπὸ</span> <span class='ocrx_word' id='word_1_49' title='bbox 1730 869 1821 924; x_wconf 87' lang='grc' dir='ltr'>τοῦ</span> <span class='ocrx_word' id='word_1_50' title='bbox 1842 867 2031 924; x_wconf 78' lang='grc' dir='ltr'>παιδο-</span> 
     </span>
     <span class='ocr_line' id='line_1_7' title="bbox 471 945 2028 1028; baseline 0.004 -23"><span class='ocrx_word' id='word_1_51' title='bbox 471 945 674 1028; x_wconf 80' lang='grc' dir='ltr'>τρίὸου,</span> <span class='ocrx_word' id='word_1_52' title='bbox 702 945 758 1014; x_wconf 77' lang='grc' dir='ltr'>ὃς</span> <span class='ocrx_word' id='word_1_53' title='bbox 781 947 1060 1028; x_wconf 69' lang='grc' dir='ltr'>ὑπεδέχετο</span> <span class='ocrx_word' id='word_1_54' title='bbox 1079 957 1187 1016; x_wconf 84' lang='grc' dir='ltr'>τοῖς</span> <span class='ocrx_word' id='word_1_55' title='bbox 1213 950 1536 1018; x_wconf 70' lang='grc' dir='ltr'>ἀκοντίζουσι</span> <span class='ocrx_word' id='word_1_56' title='bbox 1553 950 1620 1010; x_wconf 77' lang='grc' dir='ltr'>τὰ</span> <span class='ocrx_word' id='word_1_57' title='bbox 1639 950 1852 1010; x_wconf 86' lang='grc' dir='ltr'>ἀκόντια</span> <span class='ocrx_word' id='word_1_58' title='bbox 1880 957 2028 1011; x_wconf 84' lang='grc' dir='ltr'>ἀναι-</span> 
     </span>
     <span class='ocr_line' id='line_1_8' title="bbox 475 1033 2028 1122; baseline 0.005 -30"><span class='ocrx_word' id='word_1_59' title='bbox 475 1039 704 1114; x_wconf 86' lang='grc' dir='ltr'>ρεῖσθαι,</span> <span class='ocrx_word' id='word_1_60' title='bbox 732 1033 818 1095; x_wconf 75' lang='grc' dir='ltr'>διὰ</span> <span class='ocrx_word' id='word_1_61' title='bbox 846 1033 943 1110; x_wconf 71' lang='grc' dir='ltr'>τὴν</span> <span class='ocrx_word' id='word_1_62' title='bbox 977 1041 1068 1096; x_wconf 89' lang='grc' dir='ltr'>τοῦ</span> <span class='ocrx_word' id='word_1_63' title='bbox 1099 1035 1344 1116; x_wconf 82' lang='grc' dir='ltr'>βαλόντος</span> <span class='ocrx_word' id='word_1_64' title='bbox 1371 1037 1664 1097; x_wconf 74' lang='grc' dir='ltr'>ἀκολασίαν</span> <span class='ocrx_word' id='word_1_65' title='bbox 1686 1039 1925 1122; x_wconf 79' lang='grc' dir='ltr'>πολεμίῳ</span> <span class='ocrx_word' id='word_1_66' title='bbox 1952 1043 2028 1121; x_wconf 79' lang='grc' dir='ltr'>τῷ</span> 
     </span>
     <span class='ocr_line' id='line_1_9' title="bbox 473 1120 2025 1210; baseline 0.004 -29"><span class='ocrx_word' id='word_1_67' title='bbox 473 1120 657 1182; x_wconf 85' lang='grc' dir='ltr'>τούτου</span> <span class='ocrx_word' id='word_1_68' title='bbox 705 1122 846 1204; x_wconf 81' lang='grc' dir='ltr'>βέλει</span> <span class='ocrx_word' id='word_1_69' title='bbox 893 1124 1206 1204; x_wconf 82' lang='grc' dir='ltr'>περιπεσών,</span> <span class='ocrx_word' id='word_1_70' title='bbox 1253 1124 1400 1184; x_wconf 78' lang='grc' dir='ltr'>οὗδὲν</span> <span class='ocrx_word' id='word_1_71' title='bbox 1443 1129 1514 1194; x_wconf 83' lang='grc' dir='ltr'>εἰς</span> <span class='ocrx_word' id='word_1_72' title='bbox 1546 1125 1710 1185; x_wconf 77' lang='grc' dir='ltr'>οὐδέν’</span> <span class='ocrx_word' id='word_1_73' title='bbox 1751 1126 2025 1210; x_wconf 82' lang='grc' dir='ltr'>ἁμαρτών,</span> 
     </span>
     <span class='ocr_line' id='line_1_10' title="bbox 477 1208 2027 1296; baseline 0.002 -27"><span class='ocrx_word' id='word_1_74' title='bbox 477 1208 667 1277; x_wconf 88' lang='grc' dir='ltr'>ἀθλίως</span> <span class='ocrx_word' id='word_1_75' title='bbox 694 1210 978 1271; x_wconf 83' lang='grc' dir='ltr'>ἀπέθανεν·</span> <span class='ocrx_word' id='word_1_76' title='bbox 1007 1215 1036 1270; x_wconf 94' lang='lat'><strong>6</strong></span> <span class='ocrx_word' id='word_1_77' title='bbox 1059 1211 1114 1271; x_wconf 77' lang='grc' dir='ltr'>δὲ</span> <span class='ocrx_word' id='word_1_78' title='bbox 1140 1211 1262 1294; x_wconf 75' lang='grc' dir='ltr'>περὶ</span> <span class='ocrx_word' id='word_1_79' title='bbox 1286 1212 1374 1272; x_wconf 79' lang='grc' dir='ltr'>τὸν</span> <span class='ocrx_word' id='word_1_80' title='bbox 1398 1217 1491 1285; x_wconf 78' lang='grc' dir='ltr'>τῆς</span> <span class='ocrx_word' id='word_1_81' title='bbox 1513 1213 1824 1296; x_wconf 78' lang='grc' dir='ltr'>ἀναιρέσεως</span> <span class='ocrx_word' id='word_1_82' title='bbox 1848 1215 2027 1296; x_wconf 81' lang='grc' dir='ltr'>καιρὸν</span> 
     </span>
     <span class='ocr_line' id='line_1_11' title="bbox 473 1297 2030 1381; baseline 0.004 -26"><span class='ocrx_word' id='word_1_83' title='bbox 473 1297 867 1376; x_wconf 76' lang='grc' dir='ltr'>πλημμελήσας</span> <span class='ocrx_word' id='word_1_84' title='bbox 901 1301 960 1358; x_wconf 80' lang='grc' dir='ltr'>οὗ</span> <span class='ocrx_word' id='word_1_85' title='bbox 997 1304 1090 1358; x_wconf 87' lang='grc' dir='ltr'>τοῦ</span> <span class='ocrx_word' id='word_1_86' title='bbox 1139 1304 1336 1359; x_wconf 83' lang='grc' dir='ltr'>σκοποῦ</span> <span class='ocrx_word' id='word_1_87' title='bbox 1375 1304 1552 1381; x_wconf 79' lang='grc' dir='ltr'>τυχεῖν</span> <span class='ocrx_word' id='word_1_88' title='bbox 1591 1302 1825 1374; x_wconf 74' lang='grc' dir='ltr'>ἐκωλύθη</span> <span class='ocrx_word' id='word_1_89' title='bbox 1843 1346 1860 1375; x_wconf 90' lang='grc'>,</span> <span class='ocrx_word' id='word_1_90' title='bbox 1911 1301 2030 1361; x_wconf 84' lang='grc' dir='ltr'>ἀλλ’</span> 
     </span>
     <span class='ocr_line' id='line_1_12' title="bbox 395 1382 2031 1467; baseline 0.003 -23"><span class='ocrx_word' id='word_1_91' title='bbox 395 1400 450 1444; x_wconf 65' lang='grc' dir='ltr'>Ι</span> <span class='ocrx_word' id='word_1_92' title='bbox 475 1382 648 1444; x_wconf 81' lang='grc' dir='ltr'>ἄθλων</span> <span class='ocrx_word' id='word_1_93' title='bbox 671 1385 763 1444; x_wconf 83' lang='grc' dir='ltr'>καὶ</span> <span class='ocrx_word' id='word_1_94' title='bbox 789 1385 976 1466; x_wconf 79' lang='grc' dir='ltr'>πικρὸν</span> <span class='ocrx_word' id='word_1_95' title='bbox 1005 1385 1200 1446; x_wconf 78' lang='grc' dir='ltr'>σκοπὸν</span> <span class='ocrx_word' id='word_1_96' title='bbox 1228 1387 1346 1465; x_wconf 69' lang='grc' dir='ltr'>ἒμοὶ</span> <span class='ocrx_word' id='word_1_97' title='bbox 1369 1389 1642 1456; x_wconf 79' lang='grc' dir='ltr'>ἀκοντίσας</span> <span class='ocrx_word' id='word_1_98' title='bbox 1661 1390 1792 1449; x_wconf 81' lang='grc' dir='ltr'>ἑκὼν</span> <span class='ocrx_word' id='word_1_99' title='bbox 1817 1388 1912 1467; x_wconf 82' lang='grc' dir='ltr'>μὲν</span> <span class='ocrx_word' id='word_1_100' title='bbox 1936 1392 2031 1450; x_wconf 82' lang='grc' dir='ltr'>οὐκ</span> 
     </span>
     <span class='ocr_line' id='line_1_13' title="bbox 471 1469 2032 1550; baseline 0.003 -20"><span class='ocrx_word' id='word_1_101' title='bbox 471 1469 795 1550; x_wconf 67' lang='grc' dir='ltr'>ἀπέκτεινεν,</span> <span class='ocrx_word' id='word_1_102' title='bbox 827 1474 1026 1550; x_wconf 68' lang='grc' dir='ltr'>μᾶλλον</span> <span class='ocrx_word' id='word_1_103' title='bbox 1055 1472 1110 1531; x_wconf 76' lang='grc' dir='ltr'>δὲ</span> <span class='ocrx_word' id='word_1_104' title='bbox 1134 1474 1265 1532; x_wconf 76' lang='grc' dir='ltr'>ἑκὼν</span> <span class='ocrx_word' id='word_1_105' title='bbox 1293 1473 1402 1534; x_wconf 79' lang='grc' dir='ltr'>οὔτ’</span> <span class='ocrx_word' id='word_1_106' title='bbox 1420 1474 1605 1534; x_wconf 76' lang='grc' dir='ltr'>ἔὸαλεν</span> <span class='ocrx_word' id='word_1_107' title='bbox 1638 1475 1744 1536; x_wconf 78' lang='grc' dir='ltr'>οὔτ’</span> <span class='ocrx_word' id='word_1_108' title='bbox 1781 1475 2032 1536; x_wconf 80' lang='grc' dir='ltr'>ἀπέκτει-</span> 
     </span>
     <span class='ocr_line' id='line_1_14' title="bbox 472 1553 2031 1642; baseline 0.004 -25"><span class='ocrx_word' id='word_1_109' title='bbox 472 1580 578 1632; x_wconf 84' lang='grc' dir='ltr'>νεν,</span> <span class='ocrx_word' id='word_1_110' title='bbox 601 1557 856 1627; x_wconf 77' lang='grc' dir='ltr'>ἀκουσίως</span> <span class='ocrx_word' id='word_1_111' title='bbox 877 1559 946 1618; x_wconf 65' lang='grc' dir='ltr'>’δὲ</span> <span class='ocrx_word' id='word_1_112' title='bbox 973 1561 1074 1640; x_wconf 83' lang='grc' dir='ltr'>οὐχ</span> <span class='ocrx_word' id='word_1_113' title='bbox 1097 1553 1260 1632; x_wconf 71' lang='grc' dir='ltr'>ἧσσον</span> <span class='ocrx_word' id='word_1_114' title='bbox 1289 1560 1324 1633; x_wconf 81' lang='grc' dir='ltr'><strong>ἣ</strong></span> <span class='ocrx_word' id='word_1_115' title='bbox 1353 1563 1599 1632; x_wconf 69' lang='grc' dir='ltr'>ἑκουσίως</span> <span class='ocrx_word' id='word_1_116' title='bbox 1624 1563 1896 1623; x_wconf 74' lang='grc' dir='ltr'>ἀπέκτεινέ</span> <span class='ocrx_word' id='word_1_117' title='bbox 1928 1587 2031 1642; x_wconf 91' lang='grc' dir='ltr'>μου</span> 
     </span>
     <span class='ocr_line' id='line_1_15' title="bbox 473 1645 2033 1732; baseline 0.003 -26"><span class='ocrx_word' id='word_1_118' title='bbox 473 1645 563 1706; x_wconf 71' lang='grc' dir='ltr'>τὸν</span> <span class='ocrx_word' id='word_1_119' title='bbox 611 1648 802 1708; x_wconf 90' lang='grc' dir='ltr'>παῖδα.</span> <span class='ocrx_word' id='word_1_120' title='bbox 894 1648 960 1726; x_wconf 82' lang='grc'>(7)</span> <span class='ocrx_word' id='word_1_121' title='bbox 993 1647 1074 1708; x_wconf 86' lang='grc' dir='ltr'>Τὸ</span> <span class='ocrx_word' id='word_1_122' title='bbox 1101 1647 1354 1729; x_wconf 85' lang='grc' dir='ltr'>παράπαν</span> <span class='ocrx_word' id='word_1_123' title='bbox 1379 1650 1426 1710; x_wconf 87' lang='grc' dir='ltr'>δ’</span> <span class='ocrx_word' id='word_1_124' title='bbox 1455 1651 1766 1732; x_wconf 79' lang='grc' dir='ltr'>ἀρνούμενος</span> <span class='ocrx_word' id='word_1_125' title='bbox 1802 1652 1878 1730; x_wconf 83' lang='grc' dir='ltr'>μὴ</span> <span class='ocrx_word' id='word_1_126' title='bbox 1907 1655 2033 1711; x_wconf 88' lang='grc' dir='ltr'>ἀπο-</span> 
     </span>
     <span class='ocr_line' id='line_1_16' title="bbox 474 1733 2031 1821; baseline 0.001 -26"><span class='ocrx_word' id='word_1_127' title='bbox 474 1738 674 1796; x_wconf 87' lang='grc' dir='ltr'>κτεῖναι</span> <span class='ocrx_word' id='word_1_128' title='bbox 700 1733 854 1794; x_wconf 80' lang='grc' dir='ltr'>αὐτὸν</span> <span class='ocrx_word' id='word_1_129' title='bbox 874 1735 981 1794; x_wconf 83' lang='grc' dir='ltr'>οὐδ’</span> <span class='ocrx_word' id='word_1_130' title='bbox 1004 1734 1106 1795; x_wconf 77' lang='grc' dir='ltr'>ὑπὸ</span> <span class='ocrx_word' id='word_1_131' title='bbox 1123 1741 1214 1795; x_wconf 89' lang='grc' dir='ltr'>τοῦ</span> <span class='ocrx_word' id='word_1_132' title='bbox 1227 1735 1386 1813; x_wconf 88' lang='grc' dir='ltr'>νόμου</span> <span class='ocrx_word' id='word_1_133' title='bbox 1410 1737 1912 1816; x_wconf 78' lang='grc' dir='ltr'>καταλαμὸάνεσθαί</span> <span class='ocrx_word' id='word_1_134' title='bbox 1930 1763 2031 1821; x_wconf 81' lang='grc' dir='ltr'>φη-</span> 
     </span>
     <span class='ocr_line' id='line_1_17' title="bbox 475 1821 2031 1903; baseline 0.001 -20"><span class='ocrx_word' id='word_1_135' title='bbox 475 1845 578 1898; x_wconf 89' lang='grc' dir='ltr'>σιν,</span> <span class='ocrx_word' id='word_1_136' title='bbox 606 1822 661 1890; x_wconf 80' lang='grc' dir='ltr'>ὃς</span> <span class='ocrx_word' id='word_1_137' title='bbox 683 1821 996 1902; x_wconf 80' lang='grc' dir='ltr'>ἀπαγορεύει</span> <span class='ocrx_word' id='word_1_138' title='bbox 1023 1823 1154 1901; x_wconf 76' lang='grc' dir='ltr'>μήτε</span> <span class='ocrx_word' id='word_1_139' title='bbox 1177 1823 1388 1893; x_wconf 86' lang='grc' dir='ltr'>δικαίως</span> <span class='ocrx_word' id='word_1_140' title='bbox 1411 1825 1546 1903; x_wconf 81' lang='grc' dir='ltr'>μήτε</span> <span class='ocrx_word' id='word_1_141' title='bbox 1569 1826 1759 1894; x_wconf 89' lang='grc' dir='ltr'>ἀδίκως</span> <span class='ocrx_word' id='word_1_142' title='bbox 1779 1827 2031 1887; x_wconf 83' lang='grc' dir='ltr'>ἀποκτεί-</span> 
     </span>
     <span class='ocr_line' id='line_1_18' title="bbox 475 1905 2033 1996; baseline 0.003 -26"><span class='ocrx_word' id='word_1_143' title='bbox 475 1934 596 1971; x_wconf 86' lang='grc' dir='ltr'>νειν.</span> <span class='ocrx_word' id='word_1_144' title='bbox 677 1910 837 1972; x_wconf 80' lang='grc' dir='ltr'>Ἀλλὰ</span> <span class='ocrx_word' id='word_1_145' title='bbox 863 1909 939 1979; x_wconf 90' lang='grc' dir='ltr'>τίς</span> <span class='ocrx_word' id='word_1_146' title='bbox 961 1915 990 1970; x_wconf 92' lang='lat'><strong>6</strong></span> <span class='ocrx_word' id='word_1_147' title='bbox 1014 1909 1190 1991; x_wconf 81' lang='grc' dir='ltr'>βαλών</span> <span class='ocrx_word' id='word_1_148' title='bbox 1217 1915 1389 1986; x_wconf 68' lang='grc' dir='ltr'>ἐστιν,</span> <span class='ocrx_word' id='word_1_149' title='bbox 1419 1918 1448 1972; x_wconf 86' lang='lat'><strong>6</strong></span> <span class='ocrx_word' id='word_1_150' title='bbox 1468 1912 1616 1996; x_wconf 73' lang='grc' dir='ltr'>φόνος</span> <span class='ocrx_word' id='word_1_151' title='bbox 1639 1905 1728 1974; x_wconf 69' lang='grc' dir='ltr'>οὗν</span> <span class='ocrx_word' id='word_1_152' title='bbox 1753 1913 1934 1987; x_wconf 77' lang='grc' dir='ltr'>ἀνήκει</span> <span class='ocrx_word' id='word_1_153' title='bbox 1962 1918 2033 1984; x_wconf 83' lang='grc' dir='ltr'>εἷς</span> 
     </span>
     <span class='ocr_line' id='line_1_19' title="bbox 473 1994 2033 2080; baseline 0.001 -20"><span class='ocrx_word' id='word_1_154' title='bbox 473 1998 592 2068; x_wconf 72' lang='grc' dir='ltr'>τοὺς</span> <span class='ocrx_word' id='word_1_155' title='bbox 632 1997 917 2076; x_wconf 77' lang='grc' dir='ltr'>θεωμένους</span> <span class='ocrx_word' id='word_1_156' title='bbox 959 1998 994 2072; x_wconf 86' lang='grc' dir='ltr'>ἢ</span> <span class='ocrx_word' id='word_1_157' title='bbox 1044 2001 1116 2066; x_wconf 78' lang='grc' dir='ltr'>εἰς</span> <span class='ocrx_word' id='word_1_158' title='bbox 1156 1999 1272 2067; x_wconf 78' lang='grc' dir='ltr'>τοὺς</span> <span class='ocrx_word' id='word_1_159' title='bbox 1311 2000 1708 2080; x_wconf 69' lang='grc' dir='ltr'>παιδαγωγούςς</span> <span class='ocrx_word' id='word_1_160' title='bbox 1751 1994 1824 2061; x_wconf 72' lang='grc' dir='ltr'>ὧν</span> <span class='ocrx_word' id='word_1_161' title='bbox 1870 2003 2033 2070; x_wconf 60' lang='lat' dir='ltr'><strong>odaei&lt;</strong></span> 
     </span>
     <span class='ocr_line' id='line_1_20' title="bbox 401 2086 2034 2173; baseline 0.001 -25"><span class='ocrx_word' id='word_1_162' title='bbox 401 2111 453 2157; x_wconf 66' lang='grc' dir='ltr'>ιι</span> <span class='ocrx_word' id='word_1_163' title='bbox 477 2087 622 2148; x_wconf 77' lang='grc' dir='ltr'>οὐδὲν</span> <span class='ocrx_word' id='word_1_164' title='bbox 645 2091 951 2170; x_wconf 88' lang='grc' dir='ltr'>κατηγορεῖ·</span> <span class='ocrx_word' id='word_1_165' title='bbox 973 2089 1032 2146; x_wconf 85' lang='grc' dir='ltr'>οὔ</span> <span class='ocrx_word' id='word_1_166' title='bbox 1053 2086 1154 2168; x_wconf 77' lang='grc' dir='ltr'>γὰρ</span> <span class='ocrx_word' id='word_1_167' title='bbox 1175 2088 1389 2168; x_wconf 72' lang='grc' dir='ltr'>ἀφανής,</span> <span class='ocrx_word' id='word_1_168' title='bbox 1409 2089 1548 2148; x_wconf 80' lang='grc' dir='ltr'>ἀλλὰ</span> <span class='ocrx_word' id='word_1_169' title='bbox 1565 2090 1655 2148; x_wconf 79' lang='grc' dir='ltr'>καὶ</span> <span class='ocrx_word' id='word_1_170' title='bbox 1677 2091 1796 2150; x_wconf 84' lang='grc' dir='ltr'>λίαν</span> <span class='ocrx_word' id='word_1_171' title='bbox 1819 2091 2034 2173; x_wconf 79' lang='grc' dir='ltr'>φανερὸς</span> 
     </span>
     <span class='ocr_line' id='line_1_21' title="bbox 477 2175 2035 2257; baseline -0.001 -20"><span class='ocrx_word' id='word_1_172' title='bbox 477 2176 654 2256; x_wconf 71' lang='grc' dir='ltr'>ἔμοιγε</span> <span class='ocrx_word' id='word_1_173' title='bbox 677 2177 836 2234; x_wconf 80' lang='grc' dir='ltr'>αὐτοῦ</span> <span class='ocrx_word' id='word_1_174' title='bbox 860 2178 889 2233; x_wconf 93' lang='lat'><strong>6</strong></span> <span class='ocrx_word' id='word_1_175' title='bbox 911 2175 1130 2242; x_wconf 86' lang='grc' dir='ltr'>θάνατός</span> <span class='ocrx_word' id='word_1_176' title='bbox 1155 2177 1315 2236; x_wconf 81' lang='grc' dir='ltr'>ἐστιν.</span> <span class='ocrx_word' id='word_1_177' title='bbox 1343 2177 1484 2256; x_wconf 86' lang='grc' dir='ltr'>Ἐγὼ</span> <span class='ocrx_word' id='word_1_178' title='bbox 1504 2177 1558 2236; x_wconf 84' lang='grc' dir='ltr'>δὲ</span> <span class='ocrx_word' id='word_1_179' title='bbox 1584 2175 1672 2236; x_wconf 78' lang='grc' dir='ltr'>τὸν</span> <span class='ocrx_word' id='word_1_180' title='bbox 1694 2177 1850 2254; x_wconf 89' lang='grc' dir='ltr'>νόμον</span> <span class='ocrx_word' id='word_1_181' title='bbox 1874 2180 2035 2257; x_wconf 81' lang='grc' dir='ltr'>ὀρθῶς</span> 
     </span>
     <span class='ocr_line' id='line_1_22' title="bbox 478 2261 2034 2344; baseline 0.003 -24"><span class='ocrx_word' id='word_1_182' title='bbox 478 2263 740 2344; x_wconf 82' lang='grc' dir='ltr'>ἀγορεύειν</span> <span class='ocrx_word' id='word_1_183' title='bbox 783 2261 919 2344; x_wconf 77' lang='grc' dir='ltr'>φημὶ</span> <span class='ocrx_word' id='word_1_184' title='bbox 954 2261 1071 2330; x_wconf 75' lang='grc' dir='ltr'>τοὺς</span> <span class='ocrx_word' id='word_1_185' title='bbox 1105 2265 1512 2332; x_wconf 85' lang='grc' dir='ltr'>ἀποκτείναντας</span> <span class='ocrx_word' id='word_1_186' title='bbox 1547 2267 1881 2335; x_wconf 86' lang='grc' dir='ltr'>κολάζεσθαι·</span> <span class='ocrx_word' id='word_1_187' title='bbox 1913 2265 1947 2324; x_wconf 77' lang='grc' dir='ltr'>ὅ</span> <span class='ocrx_word' id='word_1_188' title='bbox 1978 2289 2034 2325; x_wconf 89' lang='grc' dir='ltr'>τε</span> 
     </span>
     <span class='ocr_line' id='line_1_23' title="bbox 475 2349 2033 2433; baseline 0.002 -26"><span class='ocrx_word' id='word_1_189' title='bbox 475 2351 578 2431; x_wconf 79' lang='grc' dir='ltr'>γὰρ</span> <span class='ocrx_word' id='word_1_190' title='bbox 603 2349 744 2409; x_wconf 79' lang='grc' dir='ltr'>ἄκων</span> <span class='ocrx_word' id='word_1_191' title='bbox 780 2349 1088 2417; x_wconf 84' lang='grc' dir='ltr'>ἀποκτείνας</span> <span class='ocrx_word' id='word_1_192' title='bbox 1130 2351 1388 2420; x_wconf 85' lang='grc' dir='ltr'>ἀκουσίοις</span> <span class='ocrx_word' id='word_1_193' title='bbox 1425 2355 1602 2420; x_wconf 83' lang='grc' dir='ltr'>κακοῖς</span> <span class='ocrx_word' id='word_1_194' title='bbox 1628 2361 1927 2433; x_wconf 86' lang='grc' dir='ltr'>περιπεσεῖν</span> <span class='ocrx_word' id='word_1_195' title='bbox 1956 2351 2033 2410; x_wconf 81' lang='grc' dir='ltr'>δί·</span> 
     </span>
     <span class='ocr_line' id='line_1_24' title="bbox 477 2433 2033 2518; baseline 0.001 -22"><span class='ocrx_word' id='word_1_196' title='bbox 477 2435 623 2504; x_wconf 87' lang='grc' dir='ltr'>καιός</span> <span class='ocrx_word' id='word_1_197' title='bbox 667 2439 829 2512; x_wconf 82' lang='grc' dir='ltr'>ἐστιν,</span> <span class='ocrx_word' id='word_1_198' title='bbox 867 2437 899 2494; x_wconf 85' lang='grc'><strong><em>8</em></strong></span> <span class='ocrx_word' id='word_1_199' title='bbox 933 2460 991 2496; x_wconf 86' lang='grc' dir='ltr'>τε</span> <span class='ocrx_word' id='word_1_200' title='bbox 1020 2438 1319 2518; x_wconf 68' lang='grc' dir='ltr'>διαφθαρεὶς</span> <span class='ocrx_word' id='word_1_201' title='bbox 1345 2439 1490 2498; x_wconf 79' lang='grc' dir='ltr'>οὐδὲν</span> <span class='ocrx_word' id='word_1_202' title='bbox 1528 2433 1688 2510; x_wconf 75' lang='grc' dir='ltr'>ἧσσον</span> <span class='ocrx_word' id='word_1_203' title='bbox 1718 2437 2033 2512; x_wconf 75' lang='grc' dir='ltr'>ἀκουσίωςῆ</span> 
     </span>
     <span class='ocr_line' id='line_1_25' title="bbox 477 2523 2033 2609; baseline 0.003 -25"><span class='ocrx_word' id='word_1_204' title='bbox 477 2523 720 2591; x_wconf 71' lang='grc' dir='ltr'>ἱκουσίως</span> <span class='ocrx_word' id='word_1_205' title='bbox 754 2525 996 2605; x_wconf 75' lang='grc' dir='ltr'>βλαφθεὶς</span> <span class='ocrx_word' id='word_1_206' title='bbox 1035 2527 1254 2584; x_wconf 78' lang='grc' dir='ltr'>ἀδικοῖτ’</span> <span class='ocrx_word' id='word_1_207' title='bbox 1285 2525 1347 2584; x_wconf 78' lang='grc' dir='ltr'>ἂν</span> <span class='ocrx_word' id='word_1_208' title='bbox 1382 2526 1708 2609; x_wconf 82' lang='grc' dir='ltr'>ἀτιμώρητος</span> <span class='ocrx_word' id='word_1_209' title='bbox 1743 2528 2033 2606; x_wconf 88' lang='grc' dir='ltr'>γενόμενος.</span> 
     </span>
     <span class='ocr_line' id='line_1_26' title="bbox 482 2610 2036 2696; baseline 0.001 -24"><span class='ocrx_word' id='word_1_210' title='bbox 482 2614 544 2690; x_wconf 78' lang='lat' dir='ltr'><strong>(s)</strong></span> <span class='ocrx_word' id='word_1_211' title='bbox 572 2613 658 2673; x_wconf 82' lang='grc' dir='ltr'>Οὗ</span> <span class='ocrx_word' id='word_1_212' title='bbox 696 2611 890 2678; x_wconf 86' lang='grc' dir='ltr'>δίκαιος</span> <span class='ocrx_word' id='word_1_213' title='bbox 913 2610 968 2672; x_wconf 79' lang='grc' dir='ltr'>δὲ</span> <span class='ocrx_word' id='word_1_214' title='bbox 996 2614 1277 2696; x_wconf 79' lang='grc' dir='ltr'>ἀποφυγεῖν</span> <span class='ocrx_word' id='word_1_215' title='bbox 1307 2614 1418 2673; x_wconf 76' lang='grc' dir='ltr'>ἐστὶ</span> <span class='ocrx_word' id='word_1_216' title='bbox 1447 2614 1532 2673; x_wconf 80' lang='grc' dir='ltr'>διὰ</span> <span class='ocrx_word' id='word_1_217' title='bbox 1566 2615 1660 2687; x_wconf 70' lang='grc' dir='ltr'>τὴν</span> <span class='ocrx_word' id='word_1_218' title='bbox 1699 2615 1919 2694; x_wconf 85' lang='grc' dir='ltr'>ἀτυχίαν</span> <span class='ocrx_word' id='word_1_219' title='bbox 1942 2619 2036 2686; x_wconf 73' lang='grc' dir='ltr'>τῆς</span> 
     </span>
     <span class='ocr_line' id='line_1_27' title="bbox 398 2697 2033 2780; baseline 0.002 -22"><span class='ocrx_word' id='word_1_220' title='bbox 398 2725 454 2766; x_wconf 73' lang='lat'>2⁰</span> <span class='ocrx_word' id='word_1_221' title='bbox 478 2697 756 2780; x_wconf 73' lang='grc' dir='ltr'>ἁμαρτίας.</span> <span class='ocrx_word' id='word_1_222' title='bbox 839 2701 909 2760; x_wconf 79' lang='grc' dir='ltr'>Εἰ</span> <span class='ocrx_word' id='word_1_223' title='bbox 938 2698 1032 2777; x_wconf 83' lang='grc' dir='ltr'>μὲν</span> <span class='ocrx_word' id='word_1_224' title='bbox 1067 2699 1168 2780; x_wconf 78' lang='grc' dir='ltr'>γὰρ</span> <span class='ocrx_word' id='word_1_225' title='bbox 1195 2700 1296 2759; x_wconf 75' lang='grc' dir='ltr'>ὕπὸ</span> <span class='ocrx_word' id='word_1_226' title='bbox 1322 2703 1580 2780; x_wconf 78' lang='grc' dir='ltr'>μηδεμιᾶς</span> <span class='ocrx_word' id='word_1_227' title='bbox 1605 2703 1904 2780; x_wconf 84' lang='grc' dir='ltr'>ἐπιμελείας</span> <span class='ocrx_word' id='word_1_228' title='bbox 1942 2708 2033 2762; x_wconf 89' lang='grc' dir='ltr'>τοῦ</span> 
     </span>
     <span class='ocr_line' id='line_1_28' title="bbox 477 2782 2035 2870; baseline 0.001 -23"><span class='ocrx_word' id='word_1_229' title='bbox 477 2792 594 2848; x_wconf 87' lang='grc' dir='ltr'>θεοῦ</span> <span class='ocrx_word' id='word_1_230' title='bbox 624 2792 658 2860; x_wconf 77' lang='grc' dir='ltr'>ἡ</span> <span class='ocrx_word' id='word_1_231' title='bbox 679 2785 873 2866; x_wconf 89' lang='grc' dir='ltr'>ἀτυχία</span> <span class='ocrx_word' id='word_1_232' title='bbox 910 2787 1135 2864; x_wconf 87' lang='grc' dir='ltr'>γίνεται,</span> <span class='ocrx_word' id='word_1_233' title='bbox 1167 2789 1460 2868; x_wconf 81' lang='grc' dir='ltr'>ἁμάρτημα</span> <span class='ocrx_word' id='word_1_234' title='bbox 1486 2782 1614 2848; x_wconf 63' lang='lat' dir='ltr'><strong>oiim</strong></span> <span class='ocrx_word' id='word_1_235' title='bbox 1643 2796 1718 2870; x_wconf 82' lang='grc' dir='ltr'>τῷ</span> <span class='ocrx_word' id='word_1_236' title='bbox 1749 2789 2035 2870; x_wconf 73' lang='grc' dir='ltr'>ἁμαρτόντι</span> 
     </span>
     <span class='ocr_line' id='line_1_29' title="bbox 479 2872 2035 2960; baseline 0.001 -25"><span class='ocrx_word' id='word_1_237' title='bbox 479 2872 722 2957; x_wconf 73' lang='grc' dir='ltr'>συμφορὰ</span> <span class='ocrx_word' id='word_1_238' title='bbox 751 2873 927 2934; x_wconf 84' lang='grc' dir='ltr'>δικαία</span> <span class='ocrx_word' id='word_1_239' title='bbox 969 2874 1208 2954; x_wconf 79' lang='grc' dir='ltr'>γενέσθαι</span> <span class='ocrx_word' id='word_1_240' title='bbox 1240 2877 1410 2935; x_wconf 77' lang='grc' dir='ltr'>ἐστίν·</span> <span class='ocrx_word' id='word_1_241' title='bbox 1444 2881 1490 2936; x_wconf 83' lang='grc' dir='ltr'>εἰ</span> <span class='ocrx_word' id='word_1_242' title='bbox 1519 2876 1574 2936; x_wconf 80' lang='grc' dir='ltr'>δὲ</span> <span class='ocrx_word' id='word_1_243' title='bbox 1615 2877 1726 2936; x_wconf 89' lang='grc' dir='ltr'>θεία</span> <span class='ocrx_word' id='word_1_244' title='bbox 1771 2877 1920 2951; x_wconf 78' lang='grc' dir='ltr'>κηλὶς</span> <span class='ocrx_word' id='word_1_245' title='bbox 1960 2883 2035 2960; x_wconf 80' lang='grc' dir='ltr'>τῷ</span> 
     </span>
     <span class='ocr_line' id='line_1_30' title="bbox 477 2961 2035 3045; baseline 0.001 -23"><span class='ocrx_word' id='word_1_246' title='bbox 477 2961 730 3045; x_wconf 79' lang='grc' dir='ltr'>δράσαντι</span> <span class='ocrx_word' id='word_1_247' title='bbox 773 2962 1092 3042; x_wconf 87' lang='grc' dir='ltr'>προσπίπτει</span> <span class='ocrx_word' id='word_1_248' title='bbox 1137 2961 1444 3037; x_wconf 79' lang='grc' dir='ltr'>ἀσεὸοῦντι,</span> <span class='ocrx_word' id='word_1_249' title='bbox 1469 2966 1527 3022; x_wconf 84' lang='grc' dir='ltr'>οὖ</span> <span class='ocrx_word' id='word_1_250' title='bbox 1567 2963 1762 3023; x_wconf 83' lang='grc' dir='ltr'>δίκαιον</span> <span class='ocrx_word' id='word_1_251' title='bbox 1785 2965 1878 3032; x_wconf 83' lang='grc' dir='ltr'>τὰς</span> <span class='ocrx_word' id='word_1_252' title='bbox 1897 2965 2035 3032; x_wconf 86' lang='grc' dir='ltr'>θείας</span> 
     </span>
     <span class='ocr_line' id='line_1_31' title="bbox 478 3047 2034 3130; baseline 0.003 -23"><span class='ocrx_word' id='word_1_253' title='bbox 478 3047 776 3130; x_wconf 77' lang='grc' dir='ltr'>προσὸολὰς</span> <span class='ocrx_word' id='word_1_254' title='bbox 799 3048 1106 3108; x_wconf 90' lang='grc' dir='ltr'>διακωλύειν</span> <span class='ocrx_word' id='word_1_255' title='bbox 1149 3049 1398 3129; x_wconf 86' lang='grc' dir='ltr'>γίνεσθαι.</span> <span class='ocrx_word' id='word_1_256' title='bbox 1487 3052 1549 3129; x_wconf 84' lang='lat'>(9)</span> <span class='ocrx_word' id='word_1_257' title='bbox 1582 3049 1810 3121; x_wconf 81' lang='grc' dir='ltr'>Ἔλεξαν</span> <span class='ocrx_word' id='word_1_258' title='bbox 1849 3051 1905 3111; x_wconf 84' lang='grc' dir='ltr'>δὲ</span> <span class='ocrx_word' id='word_1_259' title='bbox 1944 3054 2034 3112; x_wconf 75' lang='grc' dir='ltr'>καὶ</span> 
     </span>
     <span class='ocr_line' id='line_1_32' title="bbox 478 3135 2031 3217; baseline 0.001 -23"><span class='ocrx_word' id='word_1_260' title='bbox 478 3137 549 3203; x_wconf 80' lang='grc' dir='ltr'>ὣς</span> <span class='ocrx_word' id='word_1_261' title='bbox 594 3137 654 3195; x_wconf 85' lang='grc' dir='ltr'>οὔ</span> <span class='ocrx_word' id='word_1_262' title='bbox 693 3136 884 3217; x_wconf 76' lang='grc' dir='ltr'>πρίπει</span> <span class='ocrx_word' id='word_1_263' title='bbox 926 3135 1138 3217; x_wconf 78' lang='grc' dir='ltr'>χρηστὰ</span> <span class='ocrx_word' id='word_1_264' title='bbox 1181 3137 1579 3210; x_wconf 82' lang='grc' dir='ltr'>ἐπιτηδεύοντας</span> <span class='ocrx_word' id='word_1_265' title='bbox 1625 3139 1811 3207; x_wconf 79' lang='grc' dir='ltr'>αὐτοὺς</span> <span class='ocrx_word' id='word_1_266' title='bbox 1856 3145 2031 3199; x_wconf 82' lang='grc' dir='ltr'>κακῶν</span> 
     </span>
     <span class='ocr_line' id='line_1_33' title="bbox 481 3219 2034 3306; baseline 0.004 -26"><span class='ocrx_word' id='word_1_267' title='bbox 481 3219 774 3290; x_wconf 77' lang='grc' dir='ltr'>ἀξιοῦσθαι·</span> <span class='ocrx_word' id='word_1_268' title='bbox 816 3226 968 3299; x_wconf 80' lang='grc' dir='ltr'>ἡμεῖς</span> <span class='ocrx_word' id='word_1_269' title='bbox 995 3223 1052 3282; x_wconf 79' lang='grc' dir='ltr'>δὲ</span> <span class='ocrx_word' id='word_1_270' title='bbox 1083 3226 1194 3288; x_wconf 84' lang='grc' dir='ltr'>πῶς</span> <span class='ocrx_word' id='word_1_271' title='bbox 1237 3222 1301 3284; x_wconf 77' lang='grc' dir='ltr'>ἂν</span> <span class='ocrx_word' id='word_1_272' title='bbox 1338 3224 1602 3305; x_wconf 75' lang='grc' dir='ltr'>πρέποντα</span> <span class='ocrx_word' id='word_1_273' title='bbox 1634 3227 1949 3306; x_wconf 83' lang='grc' dir='ltr'>πάσχοιμεν,</span> <span class='ocrx_word' id='word_1_274' title='bbox 1991 3229 2034 3286; x_wconf 82' lang='grc' dir='ltr'>εἰ</span> 
     </span>
     <span class='ocr_line' id='line_1_34' title="bbox 483 3307 2035 3393; baseline 0.003 -25"><span class='ocrx_word' id='word_1_275' title='bbox 483 3307 645 3388; x_wconf 74' lang='grc' dir='ltr'>μηδὲν</span> <span class='ocrx_word' id='word_1_276' title='bbox 673 3309 1015 3390; x_wconf 69' lang='grc' dir='ltr'>ὑποδεέστερα</span> <span class='ocrx_word' id='word_1_277' title='bbox 1034 3311 1226 3370; x_wconf 89' lang='grc' dir='ltr'>τούτων</span> <span class='ocrx_word' id='word_1_278' title='bbox 1248 3313 1566 3388; x_wconf 84' lang='grc' dir='ltr'>μελετῶντες</span> <span class='ocrx_word' id='word_1_279' title='bbox 1589 3313 1797 3393; x_wconf 77' lang='grc' dir='ltr'>θανάτῳ</span> <span class='ocrx_word' id='word_1_280' title='bbox 1822 3313 2035 3390; x_wconf 86' lang='grc' dir='ltr'>ζημιού·</span> 
     </span>
     <span class='ocr_line' id='line_1_35' title="bbox 399 3389 2036 3479; baseline -0.001 -19"><span class='ocrx_word' id='word_1_281' title='bbox 399 3418 459 3461; x_wconf 69' lang='lat'>2⁸</span> <span class='ocrx_word' id='word_1_282' title='bbox 482 3402 654 3476; x_wconf 69' lang='grc' dir='ltr'>μεθας</span> <span class='ocrx_word' id='word_1_283' title='bbox 694 3397 929 3457; x_wconf 82' lang='grc' dir='ltr'>Φάσκων</span> <span class='ocrx_word' id='word_1_284' title='bbox 972 3396 1026 3456; x_wconf 86' lang='grc' dir='ltr'>δὲ</span> <span class='ocrx_word' id='word_1_285' title='bbox 1056 3397 1416 3479; x_wconf 77' lang='grc' dir='ltr'>ἀναμάρτητος</span> <span class='ocrx_word' id='word_1_286' title='bbox 1445 3389 1607 3472; x_wconf 71' lang='grc' dir='ltr'>εἶναι,</span> <span class='ocrx_word' id='word_1_287' title='bbox 1637 3399 1728 3459; x_wconf 77' lang='grc' dir='ltr'>καὶ</span> <span class='ocrx_word' id='word_1_288' title='bbox 1756 3399 1915 3468; x_wconf 85' lang='grc' dir='ltr'>ἀξιῶν</span> <span class='ocrx_word' id='word_1_289' title='bbox 1944 3401 2036 3468; x_wconf 82' lang='grc' dir='ltr'>τὰς</span> 
     </span>
     <span class='ocr_line' id='line_1_36' title="bbox 484 3476 2035 3567; baseline 0.001 -23"><span class='ocrx_word' id='word_1_290' title='bbox 484 3482 757 3567; x_wconf 78' lang='grc' dir='ltr'>συμφορὰς</span> <span class='ocrx_word' id='word_1_291' title='bbox 784 3487 888 3543; x_wconf 86' lang='grc' dir='ltr'>τῶν</span> <span class='ocrx_word' id='word_1_292' title='bbox 916 3483 1255 3567; x_wconf 80' lang='grc' dir='ltr'>ἁμαρτόντων</span> <span class='ocrx_word' id='word_1_293' title='bbox 1285 3476 1416 3544; x_wconf 75' lang='grc' dir='ltr'>εἶναι</span> <span class='ocrx_word' id='word_1_294' title='bbox 1451 3485 1541 3545; x_wconf 77' lang='grc' dir='ltr'>καὶ</span> <span class='ocrx_word' id='word_1_295' title='bbox 1565 3485 1638 3562; x_wconf 84' lang='grc' dir='ltr'>μὴ</span> <span class='ocrx_word' id='word_1_296' title='bbox 1667 3490 1736 3553; x_wconf 81' lang='grc' dir='ltr'>εἰς</span> <span class='ocrx_word' id='word_1_297' title='bbox 1765 3487 1882 3554; x_wconf 81' lang='grc' dir='ltr'>τοὺς</span> <span class='ocrx_word' id='word_1_298' title='bbox 1905 3490 2035 3546; x_wconf 86' lang='grc' dir='ltr'>ἀνα-</span> 
     </span>
     <span class='ocr_line' id='line_1_37' title="bbox 483 3569 2036 3653; baseline 0.003 -25"><span class='ocrx_word' id='word_1_299' title='bbox 483 3570 779 3652; x_wconf 83' lang='grc' dir='ltr'>μαρτήτους</span> <span class='ocrx_word' id='word_1_300' title='bbox 806 3571 1173 3652; x_wconf 74' lang='grc' dir='ltr'>ἐκτρέπεσθαι,</span> <span class='ocrx_word' id='word_1_301' title='bbox 1193 3571 1323 3651; x_wconf 78' lang='grc' dir='ltr'>ὑπὲρ</span> <span class='ocrx_word' id='word_1_302' title='bbox 1343 3574 1492 3650; x_wconf 83' lang='grc' dir='ltr'>ἡμῶν</span> <span class='ocrx_word' id='word_1_303' title='bbox 1521 3571 1678 3650; x_wconf 80' lang='grc' dir='ltr'>λέγει.</span> <span class='ocrx_word' id='word_1_304' title='bbox 1759 3569 1838 3634; x_wconf 69' lang='lat' dir='ltr'>‘O</span> <span class='ocrx_word' id='word_1_305' title='bbox 1861 3597 1918 3632; x_wconf 88' lang='grc' dir='ltr'>τε</span> <span class='ocrx_word' id='word_1_306' title='bbox 1937 3572 2036 3653; x_wconf 77' lang='grc' dir='ltr'>γὰρ</span> 
     </span>
     <span class='ocr_line' id='line_1_38' title="bbox 483 3658 2037 3740; baseline 0 -20"><span class='ocrx_word' id='word_1_307' title='bbox 483 3666 607 3727; x_wconf 85' lang='grc' dir='ltr'>παῖς</span> <span class='ocrx_word' id='word_1_308' title='bbox 652 3682 752 3737; x_wconf 89' lang='grc' dir='ltr'>μου</span> <span class='ocrx_word' id='word_1_309' title='bbox 781 3661 852 3727; x_wconf 80' lang='grc' dir='ltr'>εἰς</span> <span class='ocrx_word' id='word_1_310' title='bbox 891 3658 1070 3719; x_wconf 78' lang='grc' dir='ltr'>ούδίνα</span> <span class='ocrx_word' id='word_1_311' title='bbox 1104 3659 1246 3720; x_wconf 63' lang='grc' dir='ltr'>οὐδὲν</span> <span class='ocrx_word' id='word_1_312' title='bbox 1279 3658 1550 3740; x_wconf 82' lang='grc' dir='ltr'>ἁμαρτών,</span> <span class='ocrx_word' id='word_1_313' title='bbox 1584 3661 1684 3719; x_wconf 78' lang='grc' dir='ltr'>ὑπὸ</span> <span class='ocrx_word' id='word_1_314' title='bbox 1723 3660 1905 3720; x_wconf 86' lang='grc' dir='ltr'>τούτου</span> <span class='ocrx_word' id='word_1_315' title='bbox 1946 3667 2037 3720; x_wconf 90' lang='grc' dir='ltr'>τοῦ</span> 
     </span>
     <span class='ocr_line' id='line_1_39' title="bbox 485 3745 2037 3828; baseline 0 -22"><span class='ocrx_word' id='word_1_316' title='bbox 485 3746 756 3828; x_wconf 87' lang='grc' dir='ltr'>μειρακίου</span> <span class='ocrx_word' id='word_1_317' title='bbox 789 3746 1082 3821; x_wconf 82' lang='grc' dir='ltr'>ἀποθανών,</span> <span class='ocrx_word' id='word_1_318' title='bbox 1111 3749 1328 3808; x_wconf 84' lang='grc' dir='ltr'>ἀδικοῖτ’</span> <span class='ocrx_word' id='word_1_319' title='bbox 1372 3746 1435 3807; x_wconf 72' lang='grc' dir='ltr'>ἂν</span> <span class='ocrx_word' id='word_1_320' title='bbox 1468 3745 1796 3827; x_wconf 86' lang='grc' dir='ltr'>ἀτιμώρητος</span> <span class='ocrx_word' id='word_1_321' title='bbox 1827 3749 2037 3827; x_wconf 88' lang='grc' dir='ltr'>γενόμε-</span> 
     </span>
     <span class='ocr_line' id='line_1_40' title="bbox 484 3833 2038 3916; baseline 0 -22"><span class='ocrx_word' id='word_1_322' title='bbox 484 3851 598 3902; x_wconf 82' lang='grc' dir='ltr'>νος·</span> <span class='ocrx_word' id='word_1_323' title='bbox 629 3833 733 3914; x_wconf 65' lang='grc' dir='ltr'>ἐγώ</span> <span class='ocrx_word' id='word_1_324' title='bbox 763 3857 820 3894; x_wconf 78' lang='grc' dir='ltr'>τε</span> <span class='ocrx_word' id='word_1_325' title='bbox 844 3837 991 3894; x_wconf 87' lang='grc' dir='ltr'>τοῦδε</span> <span class='ocrx_word' id='word_1_326' title='bbox 1022 3837 1223 3913; x_wconf 78' lang='grc' dir='ltr'>μᾶλλον</span> <span class='ocrx_word' id='word_1_327' title='bbox 1251 3835 1613 3916; x_wconf 79' lang='grc' dir='ltr'>ἀναμάρτητος</span> <span class='ocrx_word' id='word_1_328' title='bbox 1646 3836 1716 3895; x_wconf 83' lang='grc' dir='ltr'>ὢν</span> <span class='ocrx_word' id='word_1_329' title='bbox 1747 3836 1889 3896; x_wconf 79' lang='grc' dir='ltr'>δεινὰ</span> <span class='ocrx_word' id='word_1_330' title='bbox 1916 3837 2038 3895; x_wconf 89' lang='grc' dir='ltr'>πεί-</span> 
     </span>
     <span class='ocr_line' id='line_1_41' title="bbox 483 3924 2034 4006; baseline -0.001 -21"><span class='ocrx_word' id='word_1_331' title='bbox 483 3947 664 4004; x_wconf 85' lang='grc' dir='ltr'>σομαι,</span> <span class='ocrx_word' id='word_1_332' title='bbox 693 3924 728 3984; x_wconf 74' lang='grc' dir='ltr'>ἃ</span> <span class='ocrx_word' id='word_1_333' title='bbox 745 3928 772 3984; x_wconf 97' lang='lat'><strong>6</strong></span> <span class='ocrx_word' id='word_1_334' title='bbox 799 3924 955 4004; x_wconf 86' lang='grc' dir='ltr'>νόμος</span> <span class='ocrx_word' id='word_1_335' title='bbox 977 3924 1154 3984; x_wconf 88' lang='grc' dir='ltr'>δίδωσί</span> <span class='ocrx_word' id='word_1_336' title='bbox 1178 3949 1266 4003; x_wconf 90' lang='grc' dir='ltr'>μοι</span> <span class='ocrx_word' id='word_1_337' title='bbox 1294 3925 1368 4003; x_wconf 78' lang='grc' dir='ltr'>μὴ</span> <span class='ocrx_word' id='word_1_338' title='bbox 1397 3925 1567 4005; x_wconf 88' lang='grc' dir='ltr'>τυχὼν</span> <span class='ocrx_word' id='word_1_339' title='bbox 1591 3929 1719 4006; x_wconf 86' lang='grc' dir='ltr'>παρ’</span> <span class='ocrx_word' id='word_1_340' title='bbox 1748 3929 1912 4002; x_wconf 84' lang='grc' dir='ltr'>ὑμῶν.</span> <span class='ocrx_word' id='word_1_341' title='bbox 1946 3927 2034 4004; x_wconf 83' lang='grc' dir='ltr'>(ιυ)</span> 
     </span>
     <span class='ocr_line' id='line_1_42' title="bbox 484 4009 2039 4094; baseline -0.002 -21"><span class='ocrx_word' id='word_1_342' title='bbox 484 4009 583 4082; x_wconf 79' lang='grc' dir='ltr'>Ὧς</span> <span class='ocrx_word' id='word_1_343' title='bbox 605 4011 660 4072; x_wconf 65' lang='grc' dir='ltr'>δὲ</span> <span class='ocrx_word' id='word_1_344' title='bbox 682 4011 798 4072; x_wconf 69' lang='grc' dir='ltr'>οὐδὲ</span> <span class='ocrx_word' id='word_1_345' title='bbox 833 4017 926 4085; x_wconf 78' lang='grc' dir='ltr'>τῆς</span> <span class='ocrx_word' id='word_1_346' title='bbox 961 4012 1220 4094; x_wconf 77' lang='grc' dir='ltr'>ἁμαρτίας</span> <span class='ocrx_word' id='word_1_347' title='bbox 1249 4011 1362 4073; x_wconf 81' lang='grc' dir='ltr'>οὐδὲ</span> <span class='ocrx_word' id='word_1_348' title='bbox 1389 4017 1479 4072; x_wconf 87' lang='grc' dir='ltr'>τοῦ</span> <span class='ocrx_word' id='word_1_349' title='bbox 1513 4013 1765 4080; x_wconf 84' lang='grc' dir='ltr'>ἀκουσίως</span> <span class='ocrx_word' id='word_1_350' title='bbox 1794 4014 2039 4071; x_wconf 79' lang='grc' dir='ltr'>ἀποκτεῖ-</span> 
     </span>
     <span class='ocr_line' id='line_1_43' title="bbox 401 4091 2036 4180; baseline -0.004 -17"><span class='ocrx_word' id='word_1_351' title='bbox 401 4122 456 4163; x_wconf 76' lang='lat'>³0</span> <span class='ocrx_word' id='word_1_352' title='bbox 483 4123 596 4175; x_wconf 87' lang='grc' dir='ltr'>ναι,</span> <span class='ocrx_word' id='word_1_353' title='bbox 617 4099 672 4170; x_wconf 67' lang='grc' dir='ltr'>ἒξ</span> <span class='ocrx_word' id='word_1_354' title='bbox 699 4091 770 4160; x_wconf 69' lang='grc' dir='ltr'>ὧν</span> <span class='ocrx_word' id='word_1_355' title='bbox 795 4099 943 4160; x_wconf 78' lang='grc' dir='ltr'>αὗτοὶ</span> <span class='ocrx_word' id='word_1_356' title='bbox 961 4099 1218 4180; x_wconf 80' lang='grc' dir='ltr'>λέγουσιν,</span> <span class='ocrx_word' id='word_1_357' title='bbox 1246 4099 1564 4174; x_wconf 82' lang='grc' dir='ltr'>ἀπολύεται,</span> <span class='ocrx_word' id='word_1_358' title='bbox 1587 4099 1722 4158; x_wconf 82' lang='grc' dir='ltr'>ἀλλὰ</span> <span class='ocrx_word' id='word_1_359' title='bbox 1750 4099 1897 4158; x_wconf 79' lang='grc' dir='ltr'>κοινὰ</span> <span class='ocrx_word' id='word_1_360' title='bbox 1930 4101 2036 4176; x_wconf 86' lang='grc' dir='ltr'>ἀμ·-</span> 
     </span>
     <span class='ocr_line' id='line_1_44' title="bbox 485 4187 2038 4270; baseline -0.003 -22"><span class='ocrx_word' id='word_1_361' title='bbox 485 4187 678 4268; x_wconf 80' lang='grc' dir='ltr'>φότερα</span> <span class='ocrx_word' id='word_1_362' title='bbox 704 4193 870 4248; x_wconf 87' lang='grc' dir='ltr'>ταῦτα</span> <span class='ocrx_word' id='word_1_363' title='bbox 903 4191 1095 4270; x_wconf 78' lang='grc' dir='ltr'>ἀμφοῖν</span> <span class='ocrx_word' id='word_1_364' title='bbox 1125 4191 1299 4247; x_wconf 81' lang='grc' dir='ltr'>αὐτοῖν</span> <span class='ocrx_word' id='word_1_365' title='bbox 1331 4187 1466 4260; x_wconf 78' lang='grc' dir='ltr'>ἐστί,</span> <span class='ocrx_word' id='word_1_366' title='bbox 1496 4187 1734 4259; x_wconf 84' lang='grc' dir='ltr'>δηλώσω.</span> <span class='ocrx_word' id='word_1_367' title='bbox 1819 4187 1985 4268; x_wconf 85' lang='grc' dir='ltr'>Εἴπερ</span> <span class='ocrx_word' id='word_1_368' title='bbox 2010 4190 2038 4245; x_wconf 87' lang='lat'><strong>6</strong></span> 
     </span>
     <span class='ocr_line' id='line_1_45' title="bbox 484 4273 2036 4356; baseline 0 -24"><span class='ocrx_word' id='word_1_369' title='bbox 484 4279 610 4342; x_wconf 80' lang='grc' dir='ltr'>παῖς</span> <span class='ocrx_word' id='word_1_370' title='bbox 637 4274 723 4334; x_wconf 81' lang='grc' dir='ltr'>διὰ</span> <span class='ocrx_word' id='word_1_371' title='bbox 754 4273 812 4334; x_wconf 76' lang='grc' dir='ltr'>τὸ</span> <span class='ocrx_word' id='word_1_372' title='bbox 841 4275 942 4332; x_wconf 74' lang='grc' dir='ltr'>ὑπὸ</span> <span class='ocrx_word' id='word_1_373' title='bbox 967 4274 1063 4346; x_wconf 76' lang='grc' dir='ltr'>τὴν</span> <span class='ocrx_word' id='word_1_374' title='bbox 1091 4274 1250 4356; x_wconf 78' lang='grc' dir='ltr'>φορὰν</span> <span class='ocrx_word' id='word_1_375' title='bbox 1280 4280 1369 4333; x_wconf 89' lang='grc' dir='ltr'>τοῦ</span> <span class='ocrx_word' id='word_1_376' title='bbox 1396 4276 1630 4334; x_wconf 86' lang='grc' dir='ltr'>ἀκοντίου</span> <span class='ocrx_word' id='word_1_377' title='bbox 1656 4277 1816 4334; x_wconf 80' lang='grc' dir='ltr'>ἐλθεῖν</span> <span class='ocrx_word' id='word_1_378' title='bbox 1849 4273 1939 4334; x_wconf 76' lang='grc' dir='ltr'>καὶ</span> <span class='ocrx_word' id='word_1_379' title='bbox 1964 4273 2036 4350; x_wconf 80' lang='grc' dir='ltr'>μὴ</span> 
     </span>
     <span class='ocr_line' id='line_1_46' title="bbox 491 4353 2035 4441; baseline -0.001 -21"><span class='ocrx_word' id='word_1_380' title='bbox 491 4360 722 4440; x_wconf 65' lang='grc' dir='ltr'>ἀτρέμας</span> <span class='ocrx_word' id='word_1_381' title='bbox 764 4361 978 4420; x_wconf 68' lang='grc' dir='ltr'>ἑστάναι</span> <span class='ocrx_word' id='word_1_382' title='bbox 1031 4359 1210 4441; x_wconf 77' lang='grc' dir='ltr'>φονεὺς</span> <span class='ocrx_word' id='word_1_383' title='bbox 1255 4359 1406 4427; x_wconf 79' lang='grc' dir='ltr'>αὐτὸς</span> <span class='ocrx_word' id='word_1_384' title='bbox 1451 4363 1611 4419; x_wconf 75' lang='grc' dir='ltr'>αὑτοῦ</span> <span class='ocrx_word' id='word_1_385' title='bbox 1661 4361 1855 4428; x_wconf 86' lang='grc' dir='ltr'>δίκαιος</span> <span class='ocrx_word' id='word_1_386' title='bbox 1903 4353 2035 4419; x_wconf 74' lang='grc' dir='ltr'>εἶναί</span> 
     </span>
     <span class='ocr_line' id='line_1_47' title="bbox 489 4446 2035 4528; baseline -0.002 -18"><span class='ocrx_word' id='word_1_387' title='bbox 489 4453 646 4522; x_wconf 69' lang='grc' dir='ltr'>ἔστιν,</span> <span class='ocrx_word' id='word_1_388' title='bbox 682 4448 796 4508; x_wconf 77' lang='grc' dir='ltr'>οὐδὲ</span> <span class='ocrx_word' id='word_1_389' title='bbox 851 4448 912 4508; x_wconf 84' lang='grc' dir='ltr'>τὸ</span> <span class='ocrx_word' id='word_1_390' title='bbox 957 4447 1223 4528; x_wconf 89' lang='grc' dir='ltr'>μειράκιον</span> <span class='ocrx_word' id='word_1_391' title='bbox 1264 4446 1490 4527; x_wconf 81' lang='grc' dir='ltr'>καθαρὸν</span> <span class='ocrx_word' id='word_1_392' title='bbox 1539 4451 1630 4518; x_wconf 76' lang='grc' dir='ltr'>τῆς</span> <span class='ocrx_word' id='word_1_393' title='bbox 1674 4448 1841 4514; x_wconf 85' lang='grc' dir='ltr'>αἰτίας</span> <span class='ocrx_word' id='word_1_394' title='bbox 1873 4448 2035 4524; x_wconf 80' lang='grc' dir='ltr'>ἐστίν,</span> 
     </span>
     <span class='ocr_line' id='line_1_48' title="bbox 489 4533 2039 4614; baseline -0.003 -16"><span class='ocrx_word' id='word_1_395' title='bbox 489 4538 605 4598; x_wconf 88' lang='grc' dir='ltr'>ἀλλ’</span> <span class='ocrx_word' id='word_1_396' title='bbox 619 4534 763 4614; x_wconf 86' lang='grc' dir='ltr'>ε’ίπερ</span> <span class='ocrx_word' id='word_1_397' title='bbox 778 4533 961 4595; x_wconf 90' lang='grc' dir='ltr'>τούτου</span> <span class='ocrx_word' id='word_1_398' title='bbox 981 4535 1054 4614; x_wconf 82' lang='grc' dir='ltr'>μὴ</span> <span class='ocrx_word' id='word_1_399' title='bbox 1074 4533 1439 4607; x_wconf 88' lang='grc' dir='ltr'>ἀκοντίζοντος,</span> <span class='ocrx_word' id='word_1_400' title='bbox 1465 4533 1578 4592; x_wconf 80' lang='grc' dir='ltr'>ἀλλ’</span> <span class='ocrx_word' id='word_1_401' title='bbox 1597 4535 1800 4614; x_wconf 84' lang='grc' dir='ltr'>ἀτρέμα</span> <span class='ocrx_word' id='word_1_402' title='bbox 1821 4537 2039 4602; x_wconf 81' lang='grc' dir='ltr'>ἑστῶτος</span> 
     </span>
     <span class='ocr_line' id='line_1_49' title="bbox 489 4619 2035 4703; baseline -0.002 -20"><span class='ocrx_word' id='word_1_403' title='bbox 489 4622 742 4683; x_wconf 76' lang='grc' dir='ltr'>ἀπέθανεν</span> <span class='ocrx_word' id='word_1_404' title='bbox 765 4626 798 4682; x_wconf 89' lang='lat'><strong>6</strong></span> <span class='ocrx_word' id='word_1_405' title='bbox 823 4630 964 4690; x_wconf 86' lang='grc' dir='ltr'>παῖς.</span> <span class='ocrx_word' id='word_1_406' title='bbox 1017 4621 1108 4691; x_wconf 83' lang='grc' dir='ltr'>Ἐξ</span> <span class='ocrx_word' id='word_1_407' title='bbox 1134 4625 1324 4699; x_wconf 77' lang='grc' dir='ltr'>ἀμφοῖν</span> <span class='ocrx_word' id='word_1_408' title='bbox 1355 4621 1410 4679; x_wconf 81' lang='grc' dir='ltr'>δὲ</span> <span class='ocrx_word' id='word_1_409' title='bbox 1435 4629 1525 4680; x_wconf 86' lang='grc' dir='ltr'>τοῦ</span> <span class='ocrx_word' id='word_1_410' title='bbox 1546 4619 1700 4703; x_wconf 80' lang='grc' dir='ltr'>φόνου</span> <span class='ocrx_word' id='word_1_411' title='bbox 1731 4621 2035 4700; x_wconf 82' lang='grc' dir='ltr'>γενομένου,</span> 
     </span>
     <span class='ocr_line' id='line_1_50' title="bbox 489 4707 2037 4790; baseline -0.004 -18"><span class='ocrx_word' id='word_1_412' title='bbox 489 4715 517 4772; x_wconf 87' lang='lat'><strong>6</strong></span> <span class='ocrx_word' id='word_1_413' title='bbox 555 4710 650 4790; x_wconf 83' lang='grc' dir='ltr'>μὲν</span> <span class='ocrx_word' id='word_1_414' title='bbox 682 4712 804 4778; x_wconf 89' lang='grc' dir='ltr'>παῖς</span> <span class='ocrx_word' id='word_1_415' title='bbox 846 4712 915 4778; x_wconf 82' lang='grc' dir='ltr'>εἰς</span> <span class='ocrx_word' id='word_1_416' title='bbox 957 4709 1110 4770; x_wconf 74' lang='grc' dir='ltr'>αὑτὸν</span> <span class='ocrx_word' id='word_1_417' title='bbox 1157 4707 1406 4787; x_wconf 68' lang='grc' dir='ltr'>ἁμαρτὼν</span> <span class='ocrx_word' id='word_1_418' title='bbox 1455 4711 1652 4786; x_wconf 82' lang='grc' dir='ltr'>μᾶλλον</span> <span class='ocrx_word' id='word_1_419' title='bbox 1690 4707 1725 4780; x_wconf 80' lang='grc' dir='ltr'>ἢ</span> <span class='ocrx_word' id='word_1_420' title='bbox 1767 4707 1903 4768; x_wconf 79' lang='grc' dir='ltr'>κατὰ</span> <span class='ocrx_word' id='word_1_421' title='bbox 1945 4707 2037 4779; x_wconf 76' lang='grc' dir='ltr'>τὴν</span> 
     </span>
     <span class='ocr_line' id='line_1_51' title="bbox 411 4795 2031 4880; baseline -0.004 -20"><span class='ocrx_word' id='word_1_422' title='bbox 411 4827 463 4868; x_wconf 74' lang='lat'>35</span> <span class='ocrx_word' id='word_1_423' title='bbox 492 4797 753 4880; x_wconf 76' lang='grc' dir='ltr'>ἁμαρτίαν</span> <span class='ocrx_word' id='word_1_424' title='bbox 789 4797 970 4858; x_wconf 79' lang='grc' dir='ltr'>ἑαυτὸν</span> <span class='ocrx_word' id='word_1_425' title='bbox 1019 4798 1370 4875; x_wconf 82' lang='grc' dir='ltr'>τετιμώρηται</span> <span class='ocrx_word' id='word_1_426' title='bbox 1415 4796 1652 4873; x_wconf 86' lang='grc' dir='ltr'>(τέθνηκε</span> <span class='ocrx_word' id='word_1_427' title='bbox 1694 4795 1870 4877; x_wconf 87' lang='grc' dir='ltr'>γάρ),</span> <span class='ocrx_word' id='word_1_428' title='bbox 1911 4800 1940 4855; x_wconf 87' lang='lat'><strong>6</strong></span> <span class='ocrx_word' id='word_1_429' title='bbox 1978 4796 2031 4854; x_wconf 84' lang='grc' dir='ltr'>δὲ</span> 
     </span>
     <span class='ocr_line' id='line_1_52' title="bbox 492 4885 2039 4967; baseline -0.005 -17"><span class='ocrx_word' id='word_1_430' title='bbox 492 4888 808 4967; x_wconf 78' lang='grc' dir='ltr'>συλλήπτωρ</span> <span class='ocrx_word' id='word_1_431' title='bbox 837 4887 928 4946; x_wconf 74' lang='grc' dir='ltr'>καὶ</span> <span class='ocrx_word' id='word_1_432' title='bbox 955 4885 1194 4954; x_wconf 78' lang='grc' dir='ltr'>κοινωνὸς</span> <span class='ocrx_word' id='word_1_433' title='bbox 1235 4887 1304 4953; x_wconf 84' lang='grc' dir='ltr'>εἷς</span> <span class='ocrx_word' id='word_1_434' title='bbox 1332 4885 1448 4954; x_wconf 77' lang='grc' dir='ltr'>τοὺς</span> <span class='ocrx_word' id='word_1_435' title='bbox 1476 4887 1533 4945; x_wconf 87' lang='grc' dir='ltr'>οὗ</span> <span class='ocrx_word' id='word_1_436' title='bbox 1564 4885 1922 4965; x_wconf 84' lang='grc' dir='ltr'>προσήκοντας</span> <span class='ocrx_word' id='word_1_437' title='bbox 1949 4890 2039 4957; x_wconf 77' lang='grc' dir='ltr'>τῆς</span> 
     </span>
     <span class='ocr_line' id='line_1_53' title="bbox 493 4973 2038 5057; baseline -0.004 -19"><span class='ocrx_word' id='word_1_438' title='bbox 493 4974 754 5057; x_wconf 77' lang='grc' dir='ltr'>ἁμαρτίας</span> <span class='ocrx_word' id='word_1_439' title='bbox 795 4973 1068 5054; x_wconf 85' lang='grc' dir='ltr'>γενόμενος</span> <span class='ocrx_word' id='word_1_440' title='bbox 1108 4978 1220 5042; x_wconf 87' lang='grc' dir='ltr'>πῶς</span> <span class='ocrx_word' id='word_1_441' title='bbox 1262 4974 1456 5042; x_wconf 87' lang='grc' dir='ltr'>δίκαιος</span> <span class='ocrx_word' id='word_1_442' title='bbox 1499 4974 1716 5051; x_wconf 77' lang='grc' dir='ltr'>ἀζήμιος</span> <span class='ocrx_word' id='word_1_443' title='bbox 1755 4976 2038 5055; x_wconf 81' lang='grc' dir='ltr'>ἀποφυγεῖν</span> 
     </span>
     <span class='ocr_line' id='line_1_54' title="bbox 493 5064 658 5138; baseline -0.018 -13"><span class='ocrx_word' id='word_1_444' title='bbox 493 5064 658 5138; x_wconf 73' lang='grc' dir='ltr'>ἐστίν5</span> 
     </span>
     <span class='ocr_line' id='line_1_55' title="bbox 573 5148 2041 5230; baseline -0.004 -16"><span class='ocrx_word' id='word_1_445' title='bbox 573 5173 636 5214; x_wconf 79' lang='grc' dir='ltr'>ιι.</span> <span class='ocrx_word' id='word_1_446' title='bbox 681 5153 780 5213; x_wconf 85' lang='grc' dir='ltr'>Ἐκ</span> <span class='ocrx_word' id='word_1_447' title='bbox 804 5151 858 5212; x_wconf 65' lang='grc' dir='ltr'>δὲ</span> <span class='ocrx_word' id='word_1_448' title='bbox 880 5155 971 5220; x_wconf 65' lang='grc' dir='ltr'>ἐἰς</span> <span class='ocrx_word' id='word_1_449' title='bbox 993 5153 1160 5211; x_wconf 79' lang='grc' dir='ltr'>αὐτῶν</span> <span class='ocrx_word' id='word_1_450' title='bbox 1187 5154 1291 5212; x_wconf 85' lang='grc' dir='ltr'>τῶν</span> <span class='ocrx_word' id='word_1_451' title='bbox 1311 5149 1736 5230; x_wconf 84' lang='grc' dir='ltr'>ἀπολογουμένων</span> <span class='ocrx_word' id='word_1_452' title='bbox 1757 5148 2041 5230; x_wconf 86' lang='grc' dir='ltr'>ἀπολογίας</span> 
     </span>
    </p>
   </div>
   <div class='ocr_carea' id='block_1_3' title="bbox 3410 385 3745 478">
    <p class='ocr_par' dir='ltr' id='par_1_3' title="bbox 3410 385 3745 478">
     <span class='ocr_line' id='line_1_56' title="bbox 3410 385 3745 478; baseline 0.006 -43"><span class='ocrx_word' id='word_1_453' title='bbox 3410 385 3681 455; x_wconf 50' lang='grc' dir='ltr'>χοι-στι)</span> <span class='ocrx_word' id='word_1_454' title='bbox 3738 467 3745 478; x_wconf 36' lang='lat'>.</span> 
     </span>
    </p>
   </div>
   <div class='ocr_carea' id='block_1_4' title="bbox 2118 522 3802 5128">
    <p class='ocr_par' dir='ltr' id='par_1_4' title="bbox 2118 522 3802 4270">
     <span class='ocr_line' id='line_1_57' title="bbox 2120 522 3684 591; baseline 0.003 -18"><span class='ocrx_word' id='word_1_455' title='bbox 2120 522 2213 574; x_wconf 85' lang='lat' dir='ltr'><strong>luit</strong></span> <span class='ocrx_word' id='word_1_456' title='bbox 2228 522 2465 588; x_wconf 76' lang='lat' dir='ltr'><strong>jaculari,</strong></span> <span class='ocrx_word' id='word_1_457' title='bbox 2500 524 2705 588; x_wconf 84' lang='lat' dir='ltr'><strong>ideoque</strong></span> <span class='ocrx_word' id='word_1_458' title='bbox 2730 537 2890 588; x_wconf 89' lang='lat' dir='ltr'><strong>neque</strong></span> <span class='ocrx_word' id='word_1_459' title='bbox 2924 537 3101 588; x_wconf 87' lang='lat' dir='ltr'><strong>corpus</strong></span> <span class='ocrx_word' id='word_1_460' title='bbox 3130 525 3289 576; x_wconf 87' lang='lat' dir='ltr'><strong>ullum</strong></span> <span class='ocrx_word' id='word_1_461' title='bbox 3320 525 3467 576; x_wconf 77' lang='lat' dir='ltr'><strong>ferire</strong></span> <span class='ocrx_word' id='word_1_462' title='bbox 3498 528 3684 591; x_wconf 82' lang='lat' dir='ltr'><strong>potuit,</strong></span> 
     </span>
     <span class='ocr_line' id='line_1_58' title="bbox 2120 605 3688 674; baseline 0.005 -18"><span class='ocrx_word' id='word_1_463' title='bbox 2120 605 2285 657; x_wconf 75' lang='lat' dir='ltr'><strong>tamen</strong></span> <span class='ocrx_word' id='word_1_464' title='bbox 2320 608 2417 658; x_wconf 75' lang='lat' dir='ltr'><strong>siat</strong></span> <span class='ocrx_word' id='word_1_465' title='bbox 2450 608 2611 672; x_wconf 81' lang='lat' dir='ltr'><strong>ipsum</strong></span> <span class='ocrx_word' id='word_1_466' title='bbox 2640 608 2741 659; x_wconf 84' lang='lat' dir='ltr'><strong>suis</strong></span> <span class='ocrx_word' id='word_1_467' title='bbox 2768 609 2991 660; x_wconf 81' lang='lat' dir='ltr'><strong>manibus</strong></span> <span class='ocrx_word' id='word_1_468' title='bbox 3022 610 3151 660; x_wconf 83' lang='lat' dir='ltr'><strong>illud</strong></span> <span class='ocrx_word' id='word_1_469' title='bbox 3178 610 3402 673; x_wconf 80' lang='lat' dir='ltr'><strong>iaculum</strong></span> <span class='ocrx_word' id='word_1_470' title='bbox 3448 624 3536 674; x_wconf 81' lang='lat' dir='ltr'>per</span> <span class='ocrx_word' id='word_1_471' title='bbox 3565 613 3688 664; x_wconf 73' lang='lat' dir='ltr'><strong>latus</strong></span> 
     </span>
     <span class='ocr_line' id='line_1_59' title="bbox 2130 693 3686 760; baseline 0.004 -21"><span class='ocrx_word' id='word_1_472' title='bbox 2130 703 2275 741; x_wconf 79' lang='lat' dir='ltr'><strong>sunm</strong></span> <span class='ocrx_word' id='word_1_473' title='bbox 2300 693 2660 758; x_wconf 62' lang='lat' dir='ltr'><strong>madegime.</strong></span> <span class='ocrx_word' id='word_1_474' title='bbox 2723 697 2828 758; x_wconf 76' lang='lat' dir='ltr'>Ego</span> <span class='ocrx_word' id='word_1_475' title='bbox 2849 709 2995 758; x_wconf 76' lang='lat' dir='ltr'><strong>vero,</strong></span> <span class='ocrx_word' id='word_1_476' title='bbox 3018 695 3352 760; x_wconf 78' lang='lat' dir='ltr'><strong>sidataopera</strong></span> <span class='ocrx_word' id='word_1_477' title='bbox 3374 696 3514 746; x_wconf 88' lang='lat' dir='ltr'><strong>illum</strong></span> <span class='ocrx_word' id='word_1_478' title='bbox 3538 697 3686 746; x_wconf 84' lang='lat' dir='ltr'><strong>inter-</strong></span> 
     </span>
     <span class='ocr_line' id='line_1_60' title="bbox 2122 773 3697 842; baseline 0.006 -21"><span class='ocrx_word' id='word_1_479' title='bbox 2122 773 2289 824; x_wconf 81' lang='lat' dir='ltr'><strong>fecisse</strong></span> <span class='ocrx_word' id='word_1_480' title='bbox 2322 777 2693 839; x_wconf 87' lang='lat' dir='ltr'><strong>contenderem,</strong></span> <span class='ocrx_word' id='word_1_481' title='bbox 2726 777 2946 841; x_wconf 79' lang='lat' dir='ltr'><strong>facilins,</strong></span> <span class='ocrx_word' id='word_1_482' title='bbox 2981 783 3130 841; x_wconf 85' lang='lat' dir='ltr'><strong>puto,</strong></span> <span class='ocrx_word' id='word_1_483' title='bbox 3166 779 3509 842; x_wconf 77' lang='lat' dir='ltr'><strong>persuaderem</strong></span> <span class='ocrx_word' id='word_1_484' title='bbox 3540 793 3697 842; x_wconf 81' lang='lat' dir='ltr'>quam</span> 
     </span>
     <span class='ocr_line' id='line_1_61' title="bbox 2122 853 3695 925; baseline 0.005 -21"><span class='ocrx_word' id='word_1_485' title='bbox 2122 853 2405 922; x_wconf 84' lang='lat' dir='ltr'><strong>hicce,qui</strong></span> <span class='ocrx_word' id='word_1_486' title='bbox 2438 858 3089 924; x_wconf 83' lang='lat' dir='ltr'><strong>atiliosuoneqneictum</strong></span> <span class='ocrx_word' id='word_1_487' title='bbox 3122 874 3285 925; x_wconf 74' lang='lat' dir='ltr'><strong>neque</strong></span> <span class='ocrx_word' id='word_1_488' title='bbox 3320 863 3536 912; x_wconf 75' lang='lat' dir='ltr'><strong>occisu-</strong></span> <span class='ocrx_word' id='word_1_489' title='bbox 3586 871 3695 911; x_wconf 76' lang='lat' dir='ltr'><strong>esse</strong></span> 
     </span>
     <span class='ocr_line' id='line_1_62' title="bbox 2120 940 3691 1007; baseline 0.004 -19"><span class='ocrx_word' id='word_1_490' title='bbox 2120 950 2323 1000; x_wconf 84' lang='lat' dir='ltr'><strong>puerum</strong></span> <span class='ocrx_word' id='word_1_491' title='bbox 2340 940 2477 991; x_wconf 80' lang='lat' dir='ltr'><strong>dicit.</strong></span> <span class='ocrx_word' id='word_1_492' title='bbox 2542 943 2610 1006; x_wconf 77' lang='lat'>(6)</span> <span class='ocrx_word' id='word_1_493' title='bbox 2632 941 2785 992; x_wconf 82' lang='lat' dir='ltr'><strong>Filius</strong></span> <span class='ocrx_word' id='word_1_494' title='bbox 2804 955 2941 993; x_wconf 69' lang='lat' dir='ltr'><strong>niens</strong></span> <span class='ocrx_word' id='word_1_495' title='bbox 2964 944 3071 992; x_wconf 80' lang='lat' dir='ltr'>tum</span> <span class='ocrx_word' id='word_1_496' title='bbox 3099 944 3361 1007; x_wconf 83' lang='lat' dir='ltr'><strong>temporis,</strong></span> <span class='ocrx_word' id='word_1_497' title='bbox 3392 957 3546 1007; x_wconf 84' lang='lat' dir='ltr'>quum</span> <span class='ocrx_word' id='word_1_498' title='bbox 3576 946 3691 996; x_wconf 79' lang='lat' dir='ltr'>ado-</span> 
     </span>
     <span class='ocr_line' id='line_1_63' title="bbox 2121 1018 3689 1086; baseline 0.003 -17"><span class='ocrx_word' id='word_1_499' title='bbox 2121 1018 2303 1070; x_wconf 74' lang='lat' dir='ltr'><strong>lescens</strong></span> <span class='ocrx_word' id='word_1_500' title='bbox 2317 1021 2397 1070; x_wconf 89' lang='lat' dir='ltr'>bic</span> <span class='ocrx_word' id='word_1_501' title='bbox 2409 1021 2625 1083; x_wconf 71' lang='lat' dir='ltr'><strong>iactuum</strong></span> <span class='ocrx_word' id='word_1_502' title='bbox 2638 1022 2886 1086; x_wconf 78' lang='lat' dir='ltr'>expediret</span> <span class='ocrx_word' id='word_1_503' title='bbox 2895 1061 2912 1086; x_wconf 89' lang='lat'>‚</span> <span class='ocrx_word' id='word_1_504' title='bbox 2926 1037 2959 1073; x_wconf 82' lang='lat' dir='ltr'><strong>a</strong></span> <span class='ocrx_word' id='word_1_505' title='bbox 2968 1023 3237 1086; x_wconf 78' lang='lat' dir='ltr'><strong>paedotriba</strong></span> <span class='ocrx_word' id='word_1_506' title='bbox 3248 1025 3569 1086; x_wconf 72' lang='lat' dir='ltr'><strong>iaculantium</strong></span> <span class='ocrx_word' id='word_1_507' title='bbox 3590 1025 3689 1074; x_wconf 78' lang='lat' dir='ltr'><strong>tela</strong></span> 
     </span>
     <span class='ocr_line' id='line_1_64' title="bbox 2118 1102 3688 1170; baseline 0.003 -18"><span class='ocrx_word' id='word_1_508' title='bbox 2118 1102 2387 1164; x_wconf 76' lang='lat' dir='ltr'><strong>excipiente</strong></span> <span class='ocrx_word' id='word_1_509' title='bbox 2402 1105 2453 1154; x_wconf 89' lang='lat' dir='ltr'>et</span> <span class='ocrx_word' id='word_1_510' title='bbox 2468 1104 2719 1167; x_wconf 83' lang='lat' dir='ltr'><strong>colligente</strong></span> <span class='ocrx_word' id='word_1_511' title='bbox 2747 1105 3011 1155; x_wconf 78' lang='lat' dir='ltr'><strong>vocabatur</strong></span> <span class='ocrx_word' id='word_1_512' title='bbox 3044 1125 3060 1156; x_wconf 73' lang='lat' dir='ltr'><em>z</em></span> <span class='ocrx_word' id='word_1_513' title='bbox 3092 1107 3277 1157; x_wconf 86' lang='lat' dir='ltr'><strong>interea</strong></span> <span class='ocrx_word' id='word_1_514' title='bbox 3300 1106 3421 1160; x_wconf 82' lang='lat' dir='ltr'>dum</span> <span class='ocrx_word' id='word_1_515' title='bbox 3452 1120 3577 1170; x_wconf 83' lang='lat' dir='ltr'><strong>puer</strong></span> <span class='ocrx_word' id='word_1_516' title='bbox 3602 1119 3688 1156; x_wconf 80' lang='lat' dir='ltr'><strong>ac·</strong></span> 
     </span>
     <span class='ocr_line' id='line_1_65' title="bbox 2120 1184 3687 1250; baseline 0.003 -18"><span class='ocrx_word' id='word_1_517' title='bbox 2120 1184 2271 1234; x_wconf 87' lang='lat' dir='ltr'><strong>currit</strong></span> <span class='ocrx_word' id='word_1_518' title='bbox 2284 1221 2301 1246; x_wconf 96' lang='lat'>‚</span> <span class='ocrx_word' id='word_1_519' title='bbox 2316 1185 2591 1237; x_wconf 68' lang='lat' dir='ltr'><strong>adolesoem</strong></span> <span class='ocrx_word' id='word_1_520' title='bbox 2611 1187 2893 1237; x_wconf 71' lang='lat' dir='ltr'><strong>teineritatis</strong></span> <span class='ocrx_word' id='word_1_521' title='bbox 2906 1187 3271 1250; x_wconf 79' lang='lat' dir='ltr'><strong>intemperantia</strong></span> <span class='ocrx_word' id='word_1_522' title='bbox 3288 1188 3516 1238; x_wconf 76' lang='lat' dir='ltr'><strong>infestum</strong></span> <span class='ocrx_word' id='word_1_523' title='bbox 3534 1189 3687 1238; x_wconf 87' lang='lat' dir='ltr'><strong>intor-</strong></span> 
     </span>
     <span class='ocr_line' id='line_1_66' title="bbox 2120 1267 3691 1334; baseline 0.002 -17"><span class='ocrx_word' id='word_1_524' title='bbox 2120 1267 2300 1330; x_wconf 81' lang='lat' dir='ltr'><strong>quebat</strong></span> <span class='ocrx_word' id='word_1_525' title='bbox 2332 1269 2579 1332; x_wconf 60' lang='lat' dir='ltr'><strong>iaculum,</strong></span> <span class='ocrx_word' id='word_1_526' title='bbox 2606 1283 2707 1332; x_wconf 86' lang='lat' dir='ltr'>quo</span> <span class='ocrx_word' id='word_1_527' title='bbox 2740 1270 2895 1332; x_wconf 85' lang='lat' dir='ltr'><strong>ictus,</strong></span> <span class='ocrx_word' id='word_1_528' title='bbox 2934 1270 3061 1321; x_wconf 83' lang='lat' dir='ltr'><strong>filius</strong></span> <span class='ocrx_word' id='word_1_529' title='bbox 3086 1285 3253 1334; x_wconf 88' lang='lat' dir='ltr'><strong>meus,</strong></span> <span class='ocrx_word' id='word_1_530' title='bbox 3293 1272 3357 1322; x_wconf 84' lang='lat' dir='ltr'>ab</span> <span class='ocrx_word' id='word_1_531' title='bbox 3386 1272 3520 1321; x_wconf 87' lang='lat' dir='ltr'><strong>omni</strong></span> <span class='ocrx_word' id='word_1_532' title='bbox 3547 1273 3691 1334; x_wconf 83' lang='lat' dir='ltr'><strong>eulpa</strong></span> 
     </span>
     <span class='ocr_line' id='line_1_67' title="bbox 2120 1351 3689 1418; baseline 0.003 -20"><span class='ocrx_word' id='word_1_533' title='bbox 2120 1362 2297 1400; x_wconf 69' lang='lat' dir='ltr'><strong>vacans</strong></span> <span class='ocrx_word' id='word_1_534' title='bbox 2317 1351 2491 1401; x_wconf 83' lang='lat' dir='ltr'><strong>misere</strong></span> <span class='ocrx_word' id='word_1_535' title='bbox 2514 1351 2657 1413; x_wconf 81' lang='lat' dir='ltr'><strong>periit</strong></span> <span class='ocrx_word' id='word_1_536' title='bbox 2676 1370 2690 1402; x_wconf 73' lang='grc' dir='ltr'>ε</span> <span class='ocrx_word' id='word_1_537' title='bbox 2708 1352 2791 1403; x_wconf 88' lang='lat' dir='ltr'><strong>ille</strong></span> <span class='ocrx_word' id='word_1_538' title='bbox 2806 1353 2986 1418; x_wconf 72' lang='lat' dir='ltr'><strong>autem,</strong></span> <span class='ocrx_word' id='word_1_539' title='bbox 3004 1367 3063 1405; x_wconf 92' lang='grc' dir='ltr'>εο</span> <span class='ocrx_word' id='word_1_540' title='bbox 3079 1353 3213 1418; x_wconf 88' lang='lat' dir='ltr'><strong>quod</strong></span> <span class='ocrx_word' id='word_1_541' title='bbox 3228 1354 3468 1404; x_wconf 77' lang='lat' dir='ltr'><strong>laberetur</strong></span> <span class='ocrx_word' id='word_1_542' title='bbox 3486 1355 3539 1403; x_wconf 92' lang='lat' dir='ltr'>in</span> <span class='ocrx_word' id='word_1_543' title='bbox 3556 1353 3689 1403; x_wconf 77' lang='lat' dir='ltr'><strong>aesti·</strong></span> 
     </span>
     <span class='ocr_line' id='line_1_68' title="bbox 2122 1432 3691 1499; baseline 0.004 -17"><span class='ocrx_word' id='word_1_544' title='bbox 2122 1432 2297 1483; x_wconf 85' lang='lat' dir='ltr'><strong>mando</strong></span> <span class='ocrx_word' id='word_1_545' title='bbox 2324 1437 2541 1496; x_wconf 86' lang='lat' dir='ltr'><strong>tempore</strong></span> <span class='ocrx_word' id='word_1_546' title='bbox 2570 1434 2705 1496; x_wconf 86' lang='lat' dir='ltr'><strong>quod</strong></span> <span class='ocrx_word' id='word_1_547' title='bbox 2727 1435 2907 1485; x_wconf 85' lang='lat' dir='ltr'><strong>insumi</strong></span> <span class='ocrx_word' id='word_1_548' title='bbox 2934 1437 3057 1486; x_wconf 86' lang='lat' dir='ltr'><strong>solet</strong></span> <span class='ocrx_word' id='word_1_549' title='bbox 3068 1436 3244 1498; x_wconf 76' lang='lat' dir='ltr'><strong>iaculis</strong></span> <span class='ocrx_word' id='word_1_550' title='bbox 3264 1437 3565 1499; x_wconf 70' lang='lat' dir='ltr'><strong>colligendis,</strong></span> <span class='ocrx_word' id='word_1_551' title='bbox 3592 1449 3691 1488; x_wconf 88' lang='lat' dir='ltr'>non</span> 
     </span>
     <span class='ocr_line' id='line_1_69' title="bbox 2121 1515 3691 1580; baseline 0.001 -16"><span class='ocrx_word' id='word_1_552' title='bbox 2121 1527 2321 1576; x_wconf 88' lang='lat' dir='ltr'><strong>scopum</strong></span> <span class='ocrx_word' id='word_1_553' title='bbox 2348 1515 2488 1565; x_wconf 83' lang='lat' dir='ltr'><strong>ferire</strong></span> <span class='ocrx_word' id='word_1_554' title='bbox 2502 1515 2763 1578; x_wconf 83' lang='lat' dir='ltr'><strong>impeditus</strong></span> <span class='ocrx_word' id='word_1_555' title='bbox 2781 1518 2887 1578; x_wconf 86' lang='lat' dir='ltr'><strong>est,</strong></span> <span class='ocrx_word' id='word_1_556' title='bbox 2920 1517 3005 1568; x_wconf 83' lang='lat' dir='ltr'>sed</span> <span class='ocrx_word' id='word_1_557' title='bbox 3021 1519 3251 1568; x_wconf 88' lang='lat' dir='ltr'><strong>miserum</strong></span> <span class='ocrx_word' id='word_1_558' title='bbox 3286 1520 3339 1568; x_wconf 89' lang='lat' dir='ltr'>et</span> <span class='ocrx_word' id='word_1_559' title='bbox 3376 1517 3691 1580; x_wconf 85' lang='lat' dir='ltr'><strong>peracerbum</strong></span> 
     </span>
     <span class='ocr_line' id='line_1_70' title="bbox 2122 1597 3692 1664; baseline 0.002 -18"><span class='ocrx_word' id='word_1_560' title='bbox 2122 1597 2242 1646; x_wconf 90' lang='lat' dir='ltr'><strong>mihi</strong></span> <span class='ocrx_word' id='word_1_561' title='bbox 2270 1610 2466 1660; x_wconf 85' lang='lat' dir='ltr'><strong>scopum</strong></span> <span class='ocrx_word' id='word_1_562' title='bbox 2501 1597 2740 1660; x_wconf 78' lang='lat' dir='ltr'><strong>attingens</strong></span> <span class='ocrx_word' id='word_1_563' title='bbox 2772 1597 2926 1649; x_wconf 81' lang='lat' dir='ltr'><strong>filium</strong></span> <span class='ocrx_word' id='word_1_564' title='bbox 2960 1613 3123 1650; x_wconf 89' lang='lat' dir='ltr'><strong>meum</strong></span> <span class='ocrx_word' id='word_1_565' title='bbox 3160 1613 3262 1650; x_wconf 91' lang='lat' dir='ltr'>non</span> <span class='ocrx_word' id='word_1_566' title='bbox 3296 1600 3464 1650; x_wconf 79' lang='lat' dir='ltr'><strong>volens</strong></span> <span class='ocrx_word' id='word_1_567' title='bbox 3492 1599 3692 1664; x_wconf 87' lang='lat' dir='ltr'><strong>quidem</strong></span> 
     </span>
     <span class='ocr_line' id='line_1_71' title="bbox 2122 1679 3694 1745; baseline 0.001 -16"><span class='ocrx_word' id='word_1_568' title='bbox 2122 1679 2381 1742; x_wconf 79' lang='lat' dir='ltr'><strong>interfecit,</strong></span> <span class='ocrx_word' id='word_1_569' title='bbox 2410 1679 2509 1729; x_wconf 86' lang='lat' dir='ltr'>imo</span> <span class='ocrx_word' id='word_1_570' title='bbox 2533 1693 2651 1730; x_wconf 79' lang='lat' dir='ltr'><strong>vero</strong></span> <span class='ocrx_word' id='word_1_571' title='bbox 2682 1679 2848 1732; x_wconf 81' lang='lat' dir='ltr'><strong>volens</strong></span> <span class='ocrx_word' id='word_1_572' title='bbox 2876 1694 3033 1744; x_wconf 86' lang='lat' dir='ltr'><strong>neque</strong></span> <span class='ocrx_word' id='word_1_573' title='bbox 3070 1681 3196 1732; x_wconf 75' lang='lat' dir='ltr'><strong>feriit</strong></span> <span class='ocrx_word' id='word_1_574' title='bbox 3224 1695 3381 1745; x_wconf 88' lang='lat' dir='ltr'><strong>neque</strong></span> <span class='ocrx_word' id='word_1_575' title='bbox 3400 1681 3608 1744; x_wconf 88' lang='lat' dir='ltr'><strong>occidit,</strong></span> <span class='ocrx_word' id='word_1_576' title='bbox 3644 1684 3694 1731; x_wconf 78' lang='lat' dir='ltr'>at</span> 
     </span>
     <span class='ocr_line' id='line_1_72' title="bbox 2123 1765 3687 1830; baseline 0.003 -16"><span class='ocrx_word' id='word_1_577' title='bbox 2123 1765 2302 1816; x_wconf 76' lang='lat' dir='ltr'><strong>invitus</strong></span> <span class='ocrx_word' id='word_1_578' title='bbox 2319 1766 2470 1817; x_wconf 85' lang='lat' dir='ltr'><strong>nihilo</strong></span> <span class='ocrx_word' id='word_1_579' title='bbox 2484 1768 2649 1817; x_wconf 84' lang='lat' dir='ltr'><strong>tamen</strong></span> <span class='ocrx_word' id='word_1_580' title='bbox 2670 1768 2832 1816; x_wconf 81' lang='lat' dir='ltr'><strong>minus</strong></span> <span class='ocrx_word' id='word_1_581' title='bbox 2844 1767 3022 1817; x_wconf 82' lang='lat' dir='ltr'><strong>oceidit</strong></span> <span class='ocrx_word' id='word_1_582' title='bbox 3040 1803 3056 1829; x_wconf 89' lang='lat'>‚</span> <span class='ocrx_word' id='word_1_583' title='bbox 3074 1780 3223 1830; x_wconf 81' lang='lat' dir='ltr'>quam</span> <span class='ocrx_word' id='word_1_584' title='bbox 3238 1767 3281 1816; x_wconf 84' lang='lat' dir='ltr'>si</span> <span class='ocrx_word' id='word_1_585' title='bbox 3292 1767 3461 1818; x_wconf 83' lang='lat' dir='ltr'><strong>volens</strong></span> <span class='ocrx_word' id='word_1_586' title='bbox 3480 1767 3687 1818; x_wconf 81' lang='lat' dir='ltr'><strong>fecisset.</strong></span> 
     </span>
     <span class='ocr_line' id='line_1_73' title="bbox 2124 1851 3693 1914; baseline 0.001 -15"><span class='ocrx_word' id='word_1_587' title='bbox 2124 1851 2190 1912; x_wconf 90' lang='grc'>(7)</span> <span class='ocrx_word' id='word_1_588' title='bbox 2211 1853 2395 1914; x_wconf 78' lang='lat' dir='ltr'><strong>Negans</strong></span> <span class='ocrx_word' id='word_1_589' title='bbox 2410 1851 2572 1914; x_wconf 72' lang='lat' dir='ltr'><strong>itaque</strong></span> <span class='ocrx_word' id='word_1_590' title='bbox 2592 1865 2799 1914; x_wconf 89' lang='lat' dir='ltr'><strong>puerum</strong></span> <span class='ocrx_word' id='word_1_591' title='bbox 2824 1863 2855 1899; x_wconf 83' lang='lat' dir='ltr'><strong>a</strong></span> <span class='ocrx_word' id='word_1_592' title='bbox 2870 1863 2923 1901; x_wconf 83' lang='lat' dir='ltr'>se</span> <span class='ocrx_word' id='word_1_593' title='bbox 2940 1851 3305 1913; x_wconf 86' lang='lat' dir='ltr'><strong>interemptum,</strong></span> <span class='ocrx_word' id='word_1_594' title='bbox 3330 1854 3472 1914; x_wconf 78' lang='lat' dir='ltr'><strong>negat</strong></span> <span class='ocrx_word' id='word_1_595' title='bbox 3489 1864 3693 1914; x_wconf 89' lang='lat' dir='ltr'><strong>quoque</strong></span> 
     </span>
     <span class='ocr_line' id='line_1_74' title="bbox 2122 1930 3694 1995; baseline 0 -15"><span class='ocrx_word' id='word_1_596' title='bbox 2122 1941 2176 1980; x_wconf 85' lang='lat' dir='ltr'>se</span> <span class='ocrx_word' id='word_1_597' title='bbox 2227 1931 2331 1993; x_wconf 85' lang='lat' dir='ltr'><strong>lege</strong></span> <span class='ocrx_word' id='word_1_598' title='bbox 2380 1932 2533 1981; x_wconf 84' lang='lat' dir='ltr'><strong>teneri</strong></span> <span class='ocrx_word' id='word_1_599' title='bbox 2580 1931 2693 1995; x_wconf 76' lang='lat' dir='ltr'><strong>illa,</strong></span> <span class='ocrx_word' id='word_1_600' title='bbox 2751 1945 2863 1995; x_wconf 75' lang='lat' dir='ltr'><strong>qua&gt;</strong></span> <span class='ocrx_word' id='word_1_601' title='bbox 2911 1930 3043 1980; x_wconf 84' lang='lat' dir='ltr'><strong>caede</strong></span> <span class='ocrx_word' id='word_1_602' title='bbox 3095 1931 3229 1979; x_wconf 91' lang='lat' dir='ltr'><strong>omni</strong></span> <span class='ocrx_word' id='word_1_603' title='bbox 3286 1930 3533 1980; x_wconf 79' lang='lat' dir='ltr'>interdicit</span> <span class='ocrx_word' id='word_1_604' title='bbox 3590 1931 3694 1980; x_wconf 75' lang='lat' dir='ltr'><strong>sive</strong></span> 
     </span>
     <span class='ocr_line' id='line_1_75' title="bbox 2120 2011 3692 2077; baseline 0.001 -16"><span class='ocrx_word' id='word_1_605' title='bbox 2120 2013 2250 2076; x_wconf 78' lang='lat' dir='ltr'><strong>justa</strong></span> <span class='ocrx_word' id='word_1_606' title='bbox 2292 2013 2395 2063; x_wconf 84' lang='lat' dir='ltr'><strong>sive</strong></span> <span class='ocrx_word' id='word_1_607' title='bbox 2436 2013 2630 2077; x_wconf 77' lang='lat' dir='ltr'><strong>injusta.</strong></span> <span class='ocrx_word' id='word_1_608' title='bbox 2720 2013 2867 2076; x_wconf 77' lang='lat' dir='ltr'><strong>Atqui</strong></span> <span class='ocrx_word' id='word_1_609' title='bbox 2898 2013 2939 2062; x_wconf 84' lang='lat' dir='ltr'>si</span> <span class='ocrx_word' id='word_1_610' title='bbox 2982 2013 3065 2062; x_wconf 87' lang='lat' dir='ltr'>hic</span> <span class='ocrx_word' id='word_1_611' title='bbox 3106 2011 3347 2061; x_wconf 76' lang='lat' dir='ltr'><strong>homicida</strong></span> <span class='ocrx_word' id='word_1_612' title='bbox 3378 2026 3475 2063; x_wconf 88' lang='lat' dir='ltr'><strong>nou</strong></span> <span class='ocrx_word' id='word_1_613' title='bbox 3521 2015 3617 2074; x_wconf 69' lang='lat' dir='ltr'><strong>est,</strong></span> <span class='ocrx_word' id='word_1_614' title='bbox 3644 2013 3692 2062; x_wconf 91' lang='lat' dir='ltr'>in</span> 
     </span>
     <span class='ocr_line' id='line_1_76' title="bbox 2123 2095 3689 2158; baseline -0.001 -14"><span class='ocrx_word' id='word_1_615' title='bbox 2123 2108 2383 2158; x_wconf 84' lang='lat' dir='ltr'><strong>quemnam</strong></span> <span class='ocrx_word' id='word_1_616' title='bbox 2422 2095 2565 2158; x_wconf 83' lang='lat' dir='ltr'><strong>culpa</strong></span> <span class='ocrx_word' id='word_1_617' title='bbox 2610 2095 2755 2145; x_wconf 83' lang='lat' dir='ltr'><strong>caedis</strong></span> <span class='ocrx_word' id='word_1_618' title='bbox 2794 2095 3071 2144; x_wconf 76' lang='lat' dir='ltr'><strong>relabetur?</strong></span> <span class='ocrx_word' id='word_1_619' title='bbox 3102 2095 3153 2144; x_wconf 88' lang='lat' dir='ltr'>in</span> <span class='ocrx_word' id='word_1_620' title='bbox 3198 2096 3493 2156; x_wconf 75' lang='lat' dir='ltr'><strong>spectatores</strong></span> <span class='ocrx_word' id='word_1_621' title='bbox 3544 2108 3689 2156; x_wconf 83' lang='lat' dir='ltr'><strong>ergo,</strong></span> 
     </span>
     <span class='ocr_line' id='line_1_77' title="bbox 2124 2174 3693 2240; baseline 0.002 -16"><span class='ocrx_word' id='word_1_622' title='bbox 2124 2189 2187 2225; x_wconf 89' lang='lat' dir='ltr'>an</span> <span class='ocrx_word' id='word_1_623' title='bbox 2209 2175 2259 2224; x_wconf 91' lang='lat' dir='ltr'>in</span> <span class='ocrx_word' id='word_1_624' title='bbox 2290 2175 2609 2238; x_wconf 56' lang='lat' dir='ltr'><strong>paedagogos?</strong></span> <span class='ocrx_word' id='word_1_625' title='bbox 2636 2175 2785 2238; x_wconf 78' lang='lat' dir='ltr'><strong>Atqui</strong></span> <span class='ocrx_word' id='word_1_626' title='bbox 2817 2175 2991 2225; x_wconf 86' lang='lat' dir='ltr'><strong>horum</strong></span> <span class='ocrx_word' id='word_1_627' title='bbox 3018 2174 3215 2238; x_wconf 88' lang='lat' dir='ltr'><strong>quidem</strong></span> <span class='ocrx_word' id='word_1_628' title='bbox 3240 2188 3383 2224; x_wconf 88' lang='lat' dir='ltr'><strong>nemo</strong></span> <span class='ocrx_word' id='word_1_629' title='bbox 3410 2189 3693 2240; x_wconf 79' lang='lat' dir='ltr'><strong>quenquam</strong></span> 
     </span>
     <span class='ocr_line' id='line_1_78' title="bbox 2124 2252 3696 2316; baseline 0.003 -14"><span class='ocrx_word' id='word_1_630' title='bbox 2124 2255 2225 2303; x_wconf 84' lang='lat' dir='ltr'><strong>ulla</strong></span> <span class='ocrx_word' id='word_1_631' title='bbox 2242 2267 2303 2302; x_wconf 79' lang='lat' dir='ltr'>ex</span> <span class='ocrx_word' id='word_1_632' title='bbox 2322 2256 2459 2316; x_wconf 88' lang='lat' dir='ltr'><strong>parte</strong></span> <span class='ocrx_word' id='word_1_633' title='bbox 2476 2253 2679 2303; x_wconf 82' lang='lat' dir='ltr'><strong>incusat.</strong></span> <span class='ocrx_word' id='word_1_634' title='bbox 2743 2255 2803 2303; x_wconf 85' lang='lat' dir='ltr'>Et</span> <span class='ocrx_word' id='word_1_635' title='bbox 2820 2255 2983 2302; x_wconf 87' lang='lat' dir='ltr'><strong>tamen</strong></span> <span class='ocrx_word' id='word_1_636' title='bbox 3000 2265 3099 2301; x_wconf 93' lang='lat' dir='ltr'>non</span> <span class='ocrx_word' id='word_1_637' title='bbox 3110 2252 3331 2315; x_wconf 81' lang='lat' dir='ltr'><strong>obscura,</strong></span> <span class='ocrx_word' id='word_1_638' title='bbox 3346 2253 3431 2304; x_wconf 88' lang='lat' dir='ltr'>sed</span> <span class='ocrx_word' id='word_1_639' title='bbox 3445 2256 3524 2304; x_wconf 83' lang='lat' dir='ltr'>vel</span> <span class='ocrx_word' id='word_1_640' title='bbox 3542 2257 3696 2306; x_wconf 91' lang='lat' dir='ltr'><strong>nimis</strong></span> 
     </span>
     <span class='ocr_line' id='line_1_79' title="bbox 2125 2332 3693 2396; baseline -0.001 -14"><span class='ocrx_word' id='word_1_641' title='bbox 2125 2334 2269 2383; x_wconf 85' lang='lat' dir='ltr'><strong>etiam</strong></span> <span class='ocrx_word' id='word_1_642' title='bbox 2287 2337 2419 2383; x_wconf 75' lang='lat' dir='ltr'><strong>certa</strong></span> <span class='ocrx_word' id='word_1_643' title='bbox 2446 2332 2602 2383; x_wconf 79' lang='lat' dir='ltr'><strong>caedes</strong></span> <span class='ocrx_word' id='word_1_644' title='bbox 2623 2332 2727 2394; x_wconf 84' lang='lat' dir='ltr'><strong>eius</strong></span> <span class='ocrx_word' id='word_1_645' title='bbox 2743 2335 2832 2382; x_wconf 88' lang='lat' dir='ltr'><strong>est.</strong></span> <span class='ocrx_word' id='word_1_646' title='bbox 2898 2336 3045 2382; x_wconf 83' lang='lat' dir='ltr'><strong>Porro</strong></span> <span class='ocrx_word' id='word_1_647' title='bbox 3067 2335 3197 2381; x_wconf 88' lang='lat' dir='ltr'><strong>recte</strong></span> <span class='ocrx_word' id='word_1_648' title='bbox 3218 2333 3335 2382; x_wconf 89' lang='lat' dir='ltr'><strong>mihi</strong></span> <span class='ocrx_word' id='word_1_649' title='bbox 3356 2333 3438 2383; x_wconf 81' lang='lat' dir='ltr'>lex</span> <span class='ocrx_word' id='word_1_650' title='bbox 3453 2339 3693 2396; x_wconf 72' lang='lat' dir='ltr'><strong>praecipe-</strong></span> 
     </span>
     <span class='ocr_line' id='line_1_80' title="bbox 2126 2409 3698 2472; baseline 0.001 -12"><span class='ocrx_word' id='word_1_651' title='bbox 2126 2425 2181 2461; x_wconf 90' lang='lat' dir='ltr'>re</span> <span class='ocrx_word' id='word_1_652' title='bbox 2195 2411 2404 2472; x_wconf 86' lang='lat' dir='ltr'><strong>videtur,</strong></span> <span class='ocrx_word' id='word_1_653' title='bbox 2424 2413 2479 2460; x_wconf 88' lang='lat' dir='ltr'>ut</span> <span class='ocrx_word' id='word_1_654' title='bbox 2496 2410 2735 2460; x_wconf 83' lang='lat' dir='ltr'><strong>homicida</strong></span> <span class='ocrx_word' id='word_1_655' title='bbox 2756 2409 3003 2472; x_wconf 77' lang='lat' dir='ltr'><strong>puniatur.</strong></span> <span class='ocrx_word' id='word_1_656' title='bbox 3020 2413 3142 2459; x_wconf 81' lang='lat' dir='ltr'>Nam</span> <span class='ocrx_word' id='word_1_657' title='bbox 3156 2409 3345 2460; x_wconf 79' lang='lat' dir='ltr'><strong>etiamsi</strong></span> <span class='ocrx_word' id='word_1_658' title='bbox 3361 2411 3547 2461; x_wconf 75' lang='lat' dir='ltr'><strong>invitus</strong></span> <span class='ocrx_word' id='word_1_659' title='bbox 3563 2414 3698 2462; x_wconf 87' lang='lat' dir='ltr'><strong>occi·</strong></span> 
     </span>
     <span class='ocr_line' id='line_1_81' title="bbox 2124 2486 3691 2552; baseline 0.001 -14"><span class='ocrx_word' id='word_1_660' title='bbox 2124 2487 2277 2549; x_wconf 85' lang='lat' dir='ltr'><strong>derit,</strong></span> <span class='ocrx_word' id='word_1_661' title='bbox 2317 2501 2416 2537; x_wconf 90' lang='lat' dir='ltr'>non</span> <span class='ocrx_word' id='word_1_662' title='bbox 2460 2487 2569 2538; x_wconf 89' lang='lat' dir='ltr'><strong>ideo</strong></span> <span class='ocrx_word' id='word_1_663' title='bbox 2612 2490 2777 2537; x_wconf 86' lang='lat' dir='ltr'><strong>tamen</strong></span> <span class='ocrx_word' id='word_1_664' title='bbox 2821 2486 3143 2536; x_wconf 83' lang='lat' dir='ltr'><strong>absolvendus</strong></span> <span class='ocrx_word' id='word_1_665' title='bbox 3180 2487 3274 2536; x_wconf 89' lang='lat' dir='ltr'><strong>erit</strong></span> <span class='ocrx_word' id='word_1_666' title='bbox 3314 2489 3470 2551; x_wconf 84' lang='lat' dir='ltr'><strong>poenis</strong></span> <span class='ocrx_word' id='word_1_667' title='bbox 3506 2493 3691 2552; x_wconf 76' lang='lat' dir='ltr'><strong>praeter</strong></span> 
     </span>
     <span class='ocr_line' id='line_1_82' title="bbox 2125 2563 3697 2626; baseline 0.002 -13"><span class='ocrx_word' id='word_1_668' title='bbox 2125 2565 2423 2614; x_wconf 83' lang='lat' dir='ltr'><strong>voluntatem</strong></span> <span class='ocrx_word' id='word_1_669' title='bbox 2440 2565 2699 2614; x_wconf 73' lang='lat' dir='ltr'><strong>mntractis</strong></span> <span class='ocrx_word' id='word_1_670' title='bbox 2722 2567 2807 2614; x_wconf 82' lang='lat' dir='ltr'>:et</span> <span class='ocrx_word' id='word_1_671' title='bbox 2832 2568 3131 2626; x_wconf 84' lang='lat' dir='ltr'><strong>peremptus,</strong></span> <span class='ocrx_word' id='word_1_672' title='bbox 3149 2564 3267 2614; x_wconf 86' lang='lat' dir='ltr'><strong>nihil</strong></span> <span class='ocrx_word' id='word_1_673' title='bbox 3287 2563 3396 2614; x_wconf 91' lang='lat' dir='ltr'><strong>ideo</strong></span> <span class='ocrx_word' id='word_1_674' title='bbox 3414 2565 3577 2616; x_wconf 87' lang='lat' dir='ltr'><strong>minus</strong></span> <span class='ocrx_word' id='word_1_675' title='bbox 3608 2567 3697 2615; x_wconf 69' lang='lat' dir='ltr'><strong>la&gt;-</strong></span> 
     </span>
     <span class='ocr_line' id='line_1_83' title="bbox 2126 2640 3695 2707; baseline 0.002 -17"><span class='ocrx_word' id='word_1_676' title='bbox 2126 2655 2228 2702; x_wconf 87' lang='lat' dir='ltr'><strong>sus,</strong></span> <span class='ocrx_word' id='word_1_677' title='bbox 2246 2641 2375 2704; x_wconf 85' lang='lat' dir='ltr'><strong>quod</strong></span> <span class='ocrx_word' id='word_1_678' title='bbox 2399 2655 2428 2691; x_wconf 88' lang='lat' dir='ltr'><strong>a</strong></span> <span class='ocrx_word' id='word_1_679' title='bbox 2453 2643 2649 2691; x_wconf 87' lang='lat' dir='ltr'><strong>nolente</strong></span> <span class='ocrx_word' id='word_1_680' title='bbox 2674 2644 2949 2704; x_wconf 81' lang='lat' dir='ltr'><strong>peremptus</strong></span> <span class='ocrx_word' id='word_1_681' title='bbox 2970 2641 3059 2703; x_wconf 87' lang='lat' dir='ltr'><strong>sit,</strong></span> <span class='ocrx_word' id='word_1_682' title='bbox 3080 2654 3227 2705; x_wconf 79' lang='lat' dir='ltr'>quam</span> <span class='ocrx_word' id='word_1_683' title='bbox 3252 2640 3293 2691; x_wconf 88' lang='lat' dir='ltr'>si</span> <span class='ocrx_word' id='word_1_684' title='bbox 3319 2655 3350 2691; x_wconf 84' lang='lat' dir='ltr'><strong>a</strong></span> <span class='ocrx_word' id='word_1_685' title='bbox 3366 2643 3562 2693; x_wconf 82' lang='lat' dir='ltr'><strong>volente</strong></span> <span class='ocrx_word' id='word_1_686' title='bbox 3577 2657 3695 2707; x_wconf 86' lang='lat' dir='ltr'><strong>per·</strong></span> 
     </span>
     <span class='ocr_line' id='line_1_84' title="bbox 2125 2709 3802 2786; baseline 0.001 -14"><span class='ocrx_word' id='word_1_687' title='bbox 2125 2723 2316 2784; x_wconf 82' lang='lat' dir='ltr'><strong>emptus</strong></span> <span class='ocrx_word' id='word_1_688' title='bbox 2344 2723 2496 2777; x_wconf 84' lang='lat' dir='ltr'><strong>esset,</strong></span> <span class='ocrx_word' id='word_1_689' title='bbox 2518 2721 2743 2782; x_wconf 82' lang='lat' dir='ltr'><strong>injuriam</strong></span> <span class='ocrx_word' id='word_1_690' title='bbox 2774 2721 3039 2782; x_wconf 74' lang='lat' dir='ltr'><strong>acciperet,</strong></span> <span class='ocrx_word' id='word_1_691' title='bbox 3068 2721 3111 2770; x_wconf 85' lang='lat' dir='ltr'>si</span> <span class='ocrx_word' id='word_1_692' title='bbox 3131 2721 3314 2771; x_wconf 87' lang='lat' dir='ltr'><strong>inultus</strong></span> <span class='ocrx_word' id='word_1_693' title='bbox 3342 2724 3580 2773; x_wconf 82' lang='lat' dir='ltr'><strong>maneret.</strong></span> <span class='ocrx_word' id='word_1_694' title='bbox 3621 2727 3695 2786; x_wconf 83' lang='lat'>(8)</span> <span class='ocrx_word' id='word_1_695' title='bbox 3800 2709 3802 2720; x_wconf 43' lang='lat'><strong>¹</strong></span> 
     </span>
     <span class='ocr_line' id='line_1_85' title="bbox 2126 2797 3691 2862; baseline 0 -12"><span class='ocrx_word' id='word_1_696' title='bbox 2126 2803 2291 2862; x_wconf 87' lang='lat' dir='ltr'><strong>Neque</strong></span> <span class='ocrx_word' id='word_1_697' title='bbox 2322 2801 2517 2860; x_wconf 85' lang='lat' dir='ltr'><strong>propter</strong></span> <span class='ocrx_word' id='word_1_698' title='bbox 2548 2798 2724 2848; x_wconf 88' lang='lat' dir='ltr'><strong>erroris</strong></span> <span class='ocrx_word' id='word_1_699' title='bbox 2746 2797 2823 2846; x_wconf 86' lang='lat' dir='ltr'>sui</span> <span class='ocrx_word' id='word_1_700' title='bbox 2856 2797 3187 2847; x_wconf 72' lang='lat' dir='ltr'>infelicitatem</span> <span class='ocrx_word' id='word_1_701' title='bbox 3210 2798 3453 2848; x_wconf 84' lang='lat' dir='ltr'>homicida</span> <span class='ocrx_word' id='word_1_702' title='bbox 3482 2800 3691 2850; x_wconf 75' lang='lat' dir='ltr'><strong>absolu-</strong></span> 
     </span>
     <span class='ocr_line' id='line_1_86' title="bbox 2124 2877 3802 2950; baseline 0.002 -22"><span class='ocrx_word' id='word_1_703' title='bbox 2124 2879 2256 2928; x_wconf 88' lang='lat' dir='ltr'><strong>tione</strong></span> <span class='ocrx_word' id='word_1_704' title='bbox 2284 2877 2456 2940; x_wconf 85' lang='lat' dir='ltr'><strong>dignus</strong></span> <span class='ocrx_word' id='word_1_705' title='bbox 2482 2879 2573 2927; x_wconf 87' lang='lat' dir='ltr'><strong>est.</strong></span> <span class='ocrx_word' id='word_1_706' title='bbox 2646 2881 2797 2938; x_wconf 82' lang='lat' dir='ltr'>Nam,</span> <span class='ocrx_word' id='word_1_707' title='bbox 2822 2877 2864 2926; x_wconf 88' lang='lat' dir='ltr'>si</span> <span class='ocrx_word' id='word_1_708' title='bbox 2890 2877 3167 2926; x_wconf 69' lang='lat' dir='ltr'><strong>infelicitate</strong></span> <span class='ocrx_word' id='word_1_709' title='bbox 3186 2878 3400 2939; x_wconf 81' lang='lat' dir='ltr'>quadam</span> <span class='ocrx_word' id='word_1_710' title='bbox 3438 2893 3559 2930; x_wconf 85' lang='lat' dir='ltr'><strong>usus</strong></span> <span class='ocrx_word' id='word_1_711' title='bbox 3586 2884 3694 2945; x_wconf 81' lang='lat' dir='ltr'><strong>est,</strong></span> <span class='ocrx_word' id='word_1_712' title='bbox 3800 2941 3802 2950; x_wconf 33' lang='lat'><strong>⁴</strong></span> 
     </span>
     <span class='ocr_line' id='line_1_87' title="bbox 2123 2953 3802 3017; baseline 0.004 -14"><span class='ocrx_word' id='word_1_713' title='bbox 2123 2967 2155 3003; x_wconf 74' lang='lat' dir='ltr'><strong>a</strong></span> <span class='ocrx_word' id='word_1_714' title='bbox 2188 2968 2283 3016; x_wconf 85' lang='lat' dir='ltr'>qua</span> <span class='ocrx_word' id='word_1_715' title='bbox 2305 2968 2485 3004; x_wconf 87' lang='lat' dir='ltr'><strong>numen</strong></span> <span class='ocrx_word' id='word_1_716' title='bbox 2518 2955 2733 3004; x_wconf 82' lang='lat' dir='ltr'><strong>divinum</strong></span> <span class='ocrx_word' id='word_1_717' title='bbox 2764 2967 2959 3016; x_wconf 82' lang='lat' dir='ltr'><strong>prorsus</strong></span> <span class='ocrx_word' id='word_1_718' title='bbox 2982 2953 3164 3014; x_wconf 71' lang='lat' dir='ltr'><strong>absunt,</strong></span> <span class='ocrx_word' id='word_1_719' title='bbox 3198 2956 3418 3017; x_wconf 74' lang='lat' dir='ltr'><strong>peccavit</strong></span> <span class='ocrx_word' id='word_1_720' title='bbox 3443 2959 3609 3007; x_wconf 84' lang='lat' dir='ltr'><strong>tamen</strong></span> <span class='ocrx_word' id='word_1_721' title='bbox 3646 2963 3697 3010; x_wconf 86' lang='lat' dir='ltr'>et</span> <span class='ocrx_word' id='word_1_722' title='bbox 3800 2955 3802 3016; x_wconf 68' lang='grc' dir='ltr'>ἑ</span> 
     </span>
     <span class='ocr_line' id='line_1_88' title="bbox 2125 3029 3697 3096; baseline 0.003 -15"><span class='ocrx_word' id='word_1_723' title='bbox 2125 3045 2287 3094; x_wconf 85' lang='lat' dir='ltr'><strong>poenas</strong></span> <span class='ocrx_word' id='word_1_724' title='bbox 2318 3032 2501 3094; x_wconf 87' lang='lat' dir='ltr'><strong>peccati</strong></span> <span class='ocrx_word' id='word_1_725' title='bbox 2527 3031 2643 3081; x_wconf 80' lang='lat' dir='ltr'><strong>dare</strong></span> <span class='ocrx_word' id='word_1_726' title='bbox 2672 3029 2956 3081; x_wconf 87' lang='lat' dir='ltr'><strong>commeruit</strong></span> <span class='ocrx_word' id='word_1_727' title='bbox 2976 3051 2989 3080; x_wconf 87' lang='lat'><em>=</em></span> <span class='ocrx_word' id='word_1_728' title='bbox 3009 3032 3085 3080; x_wconf 85' lang='lat' dir='ltr'>sin</span> <span class='ocrx_word' id='word_1_729' title='bbox 3114 3034 3279 3082; x_wconf 79' lang='lat' dir='ltr'><strong>autem</strong></span> <span class='ocrx_word' id='word_1_730' title='bbox 3304 3032 3498 3096; x_wconf 85' lang='lat' dir='ltr'><strong>insuper</strong></span> <span class='ocrx_word' id='word_1_731' title='bbox 3528 3035 3697 3086; x_wconf 76' lang='lat' dir='ltr'><strong>divina</strong></span> 
     </span>
     <span class='ocr_line' id='line_1_89' title="bbox 2124 3110 3802 3176; baseline 0.004 -17"><span class='ocrx_word' id='word_1_732' title='bbox 2124 3111 2347 3173; x_wconf 68' lang='lat' dir='ltr'><strong>quaedam</strong></span> <span class='ocrx_word' id='word_1_733' title='bbox 2368 3111 2559 3160; x_wconf 83' lang='lat' dir='ltr'><strong>macula</strong></span> <span class='ocrx_word' id='word_1_734' title='bbox 2571 3110 2823 3160; x_wconf 72' lang='lat' dir='ltr'><strong>homicida&gt;</strong></span> <span class='ocrx_word' id='word_1_735' title='bbox 2846 3110 3074 3160; x_wconf 82' lang='lat' dir='ltr'><strong>insederit</strong></span> <span class='ocrx_word' id='word_1_736' title='bbox 3096 3113 3266 3174; x_wconf 82' lang='lat' dir='ltr'><strong>utpote</strong></span> <span class='ocrx_word' id='word_1_737' title='bbox 3288 3113 3392 3162; x_wconf 71' lang='lat' dir='ltr'><strong>viro</strong></span> <span class='ocrx_word' id='word_1_738' title='bbox 3418 3114 3597 3176; x_wconf 87' lang='lat' dir='ltr'><strong>impio,</strong></span> <span class='ocrx_word' id='word_1_739' title='bbox 3620 3117 3695 3165; x_wconf 90' lang='lat' dir='ltr'>in·</span> <span class='ocrx_word' id='word_1_740' title='bbox 3801 3169 3802 3174; x_wconf 57' lang='grc'>,</span> 
     </span>
     <span class='ocr_line' id='line_1_90' title="bbox 2126 3187 3802 3258; baseline 0.004 -21"><span class='ocrx_word' id='word_1_741' title='bbox 2126 3188 2369 3238; x_wconf 85' lang='lat' dir='ltr'><strong>tercedere</strong></span> <span class='ocrx_word' id='word_1_742' title='bbox 2394 3189 2519 3238; x_wconf 73' lang='lat' dir='ltr'><strong>velle</strong></span> <span class='ocrx_word' id='word_1_743' title='bbox 2536 3187 2749 3238; x_wconf 88' lang='lat' dir='ltr'><strong>numinis</strong></span> <span class='ocrx_word' id='word_1_744' title='bbox 2782 3187 3061 3237; x_wconf 80' lang='lat' dir='ltr'><strong>verberibus</strong></span> <span class='ocrx_word' id='word_1_745' title='bbox 3086 3189 3222 3238; x_wconf 80' lang='lat' dir='ltr'><strong>nefas</strong></span> <span class='ocrx_word' id='word_1_746' title='bbox 3238 3193 3326 3239; x_wconf 76' lang='lat' dir='ltr'><strong>est.</strong></span> <span class='ocrx_word' id='word_1_747' title='bbox 3406 3192 3474 3253; x_wconf 84' lang='lat'>(9)</span> <span class='ocrx_word' id='word_1_748' title='bbox 3506 3196 3696 3244; x_wconf 78' lang='lat' dir='ltr'><strong>Verum</strong></span> <span class='ocrx_word' id='word_1_749' title='bbox 3800 3239 3802 3258; x_wconf 23' lang='grc' dir='ltr'>ἶ</span> 
     </span>
     <span class='ocr_line' id='line_1_91' title="bbox 2125 3265 3802 3333; baseline 0.004 -19"><span class='ocrx_word' id='word_1_750' title='bbox 2125 3267 2390 3328; x_wconf 89' lang='lat' dir='ltr'><strong>opponunt,</strong></span> <span class='ocrx_word' id='word_1_751' title='bbox 2425 3265 2555 3315; x_wconf 81' lang='lat' dir='ltr'><strong>haud</strong></span> <span class='ocrx_word' id='word_1_752' title='bbox 2586 3265 2755 3315; x_wconf 83' lang='lat' dir='ltr'><strong>decere</strong></span> <span class='ocrx_word' id='word_1_753' title='bbox 2794 3265 2933 3315; x_wconf 85' lang='lat' dir='ltr'><strong>malis</strong></span> <span class='ocrx_word' id='word_1_754' title='bbox 2980 3265 3108 3315; x_wconf 85' lang='lat' dir='ltr'><strong>affici</strong></span> <span class='ocrx_word' id='word_1_755' title='bbox 3144 3267 3364 3318; x_wconf 88' lang='lat' dir='ltr'><strong>homines</strong></span> <span class='ocrx_word' id='word_1_756' title='bbox 3408 3271 3562 3333; x_wconf 76' lang='lat' dir='ltr'><strong>frugi5</strong></span> <span class='ocrx_word' id='word_1_757' title='bbox 3604 3285 3696 3322; x_wconf 87' lang='lat' dir='ltr'>nos</span> <span class='ocrx_word' id='word_1_758' title='bbox 3800 3309 3802 3320; x_wconf 20' lang='grc' dir='ltr'>η</span> 
     </span>
     <span class='ocr_line' id='line_1_92' title="bbox 2126 3341 3802 3408; baseline 0.007 -18"><span class='ocrx_word' id='word_1_759' title='bbox 2126 3344 2318 3403; x_wconf 74' lang='lat' dir='ltr'><strong>autem,</strong></span> <span class='ocrx_word' id='word_1_760' title='bbox 2338 3341 2424 3404; x_wconf 90' lang='lat' dir='ltr'><strong>qui</strong></span> <span class='ocrx_word' id='word_1_761' title='bbox 2442 3355 2633 3390; x_wconf 89' lang='lat' dir='ltr'><strong>morum</strong></span> <span class='ocrx_word' id='word_1_762' title='bbox 2649 3343 2924 3391; x_wconf 87' lang='lat' dir='ltr'><strong>nostrornm</strong></span> <span class='ocrx_word' id='word_1_763' title='bbox 2938 3341 3067 3391; x_wconf 88' lang='lat' dir='ltr'><strong>haud</strong></span> <span class='ocrx_word' id='word_1_764' title='bbox 3088 3343 3247 3394; x_wconf 89' lang='lat' dir='ltr'><strong>minus</strong></span> <span class='ocrx_word' id='word_1_765' title='bbox 3262 3345 3695 3408; x_wconf 81' lang='lat' dir='ltr'><strong>approbaverimus</strong></span> <span class='ocrx_word' id='word_1_766' title='bbox 3800 3359 3802 3364; x_wconf 59' lang='lat'><strong><em>⁴</em></strong></span> 
     </span>
     <span class='ocr_line' id='line_1_93' title="bbox 2126 3419 3802 3484; baseline 0.005 -15"><span class='ocrx_word' id='word_1_767' title='bbox 2126 3421 2425 3469; x_wconf 81' lang='lat' dir='ltr'><strong>sanctitatem</strong></span> <span class='ocrx_word' id='word_1_768' title='bbox 2446 3454 2460 3478; x_wconf 89' lang='lat'><strong>,</strong></span> <span class='ocrx_word' id='word_1_769' title='bbox 2494 3420 2663 3469; x_wconf 85' lang='lat' dir='ltr'><strong>mortis</strong></span> <span class='ocrx_word' id='word_1_770' title='bbox 2694 3419 2827 3468; x_wconf 89' lang='lat' dir='ltr'><strong>luctu</strong></span> <span class='ocrx_word' id='word_1_771' title='bbox 2857 3421 3061 3469; x_wconf 80' lang='lat' dir='ltr'><strong>cruciari</strong></span> <span class='ocrx_word' id='word_1_772' title='bbox 3094 3422 3235 3484; x_wconf 84' lang='lat' dir='ltr'><strong>ecqui</strong></span> <span class='ocrx_word' id='word_1_773' title='bbox 3262 3429 3556 3474; x_wconf 72' lang='lat' dir='ltr'><strong>conveniat?</strong></span> <span class='ocrx_word' id='word_1_774' title='bbox 3592 3427 3695 3477; x_wconf 91' lang='lat' dir='ltr'>Sed</span> <span class='ocrx_word' id='word_1_775' title='bbox 3800 3423 3802 3482; x_wconf 68' lang='grc' dir='ltr'>ἶ</span> 
     </span>
     <span class='ocr_line' id='line_1_94' title="bbox 2126 3496 3802 3567; baseline 0.005 -21"><span class='ocrx_word' id='word_1_776' title='bbox 2126 3498 2270 3559; x_wconf 81' lang='lat' dir='ltr'><strong>culpa</strong></span> <span class='ocrx_word' id='word_1_777' title='bbox 2294 3510 2344 3546; x_wconf 83' lang='lat' dir='ltr'>se</span> <span class='ocrx_word' id='word_1_778' title='bbox 2372 3496 2441 3546; x_wconf 82' lang='lat' dir='ltr'>ait</span> <span class='ocrx_word' id='word_1_779' title='bbox 2464 3509 2636 3545; x_wconf 79' lang='lat' dir='ltr'><strong>vacare</strong></span> <span class='ocrx_word' id='word_1_780' title='bbox 2646 3513 2662 3558; x_wconf 86' lang='lat'>;</span> <span class='ocrx_word' id='word_1_781' title='bbox 2696 3496 2996 3546; x_wconf 74' lang='lat' dir='ltr'><strong>calamitates</strong></span> <span class='ocrx_word' id='word_1_782' title='bbox 3034 3497 3093 3548; x_wconf 89' lang='lat' dir='ltr'>iis</span> <span class='ocrx_word' id='word_1_783' title='bbox 3128 3500 3340 3560; x_wconf 83' lang='lat' dir='ltr'><strong>postulat</strong></span> <span class='ocrx_word' id='word_1_784' title='bbox 3364 3501 3573 3566; x_wconf 85' lang='lat' dir='ltr'><strong>relinqui</strong></span> <span class='ocrx_word' id='word_1_785' title='bbox 3600 3507 3689 3567; x_wconf 86' lang='lat' dir='ltr'><strong>qui</strong></span> <span class='ocrx_word' id='word_1_786' title='bbox 3800 3499 3802 3566; x_wconf 71' lang='lat' dir='ltr'><strong>f</strong></span> 
     </span>
     <span class='ocr_line' id='line_1_95' title="bbox 2129 3575 3802 3643; baseline 0.004 -20"><span class='ocrx_word' id='word_1_787' title='bbox 2129 3575 2455 3640; x_wconf 73' lang='lat' dir='ltr'><strong>peccaverint,</strong></span> <span class='ocrx_word' id='word_1_788' title='bbox 2479 3586 2577 3624; x_wconf 92' lang='lat' dir='ltr'>non</span> <span class='ocrx_word' id='word_1_789' title='bbox 2608 3577 2773 3624; x_wconf 85' lang='lat' dir='ltr'><strong>autem</strong></span> <span class='ocrx_word' id='word_1_790' title='bbox 2804 3575 2853 3624; x_wconf 88' lang='lat' dir='ltr'>in</span> <span class='ocrx_word' id='word_1_791' title='bbox 2884 3575 3145 3626; x_wconf 81' lang='lat' dir='ltr'><strong>insontium</strong></span> <span class='ocrx_word' id='word_1_792' title='bbox 3178 3577 3332 3640; x_wconf 77' lang='lat' dir='ltr'><strong>capita</strong></span> <span class='ocrx_word' id='word_1_793' title='bbox 3363 3578 3647 3643; x_wconf 76' lang='lat' dir='ltr'><strong>detorqueri</strong></span> <span class='ocrx_word' id='word_1_794' title='bbox 3670 3603 3687 3633; x_wconf 70' lang='grc' dir='ltr'>ε</span> <span class='ocrx_word' id='word_1_795' title='bbox 3801 3627 3802 3630; x_wconf 76' lang='grc'>,</span> 
     </span>
     <span class='ocr_line' id='line_1_96' title="bbox 2126 3651 3693 3715; baseline 0.005 -13"><span class='ocrx_word' id='word_1_796' title='bbox 2126 3666 2313 3714; x_wconf 85' lang='lat' dir='ltr'><strong>verum,</strong></span> <span class='ocrx_word' id='word_1_797' title='bbox 2330 3666 2386 3702; x_wconf 82' lang='lat' dir='ltr'>ea</span> <span class='ocrx_word' id='word_1_798' title='bbox 2399 3653 2580 3712; x_wconf 79' lang='lat' dir='ltr'><strong>dicens,</strong></span> <span class='ocrx_word' id='word_1_799' title='bbox 2599 3666 2686 3715; x_wconf 90' lang='lat' dir='ltr'>pro</span> <span class='ocrx_word' id='word_1_800' title='bbox 2704 3651 2983 3703; x_wconf 89' lang='lat' dir='ltr'><strong>nobisdicit.</strong></span> <span class='ocrx_word' id='word_1_801' title='bbox 3003 3656 3125 3702; x_wconf 82' lang='lat' dir='ltr'>Nam</span> <span class='ocrx_word' id='word_1_802' title='bbox 3143 3653 3270 3704; x_wconf 80' lang='lat' dir='ltr'><strong>tilius</strong></span> <span class='ocrx_word' id='word_1_803' title='bbox 3287 3669 3423 3706; x_wconf 89' lang='lat' dir='ltr'><strong>meus</strong></span> <span class='ocrx_word' id='word_1_804' title='bbox 3442 3660 3693 3710; x_wconf 86' lang='lat' dir='ltr'><strong>neminem</strong></span> 
     </span>
     <span class='ocr_line' id='line_1_97' title="bbox 2128 3729 3802 3798; baseline 0.005 -18"><span class='ocrx_word' id='word_1_805' title='bbox 2128 3732 2226 3782; x_wconf 86' lang='lat' dir='ltr'><strong>ulla</strong></span> <span class='ocrx_word' id='word_1_806' title='bbox 2248 3733 2294 3780; x_wconf 89' lang='lat' dir='ltr'>in</span> <span class='ocrx_word' id='word_1_807' title='bbox 2328 3745 2381 3781; x_wconf 87' lang='lat' dir='ltr'>re</span> <span class='ocrx_word' id='word_1_808' title='bbox 2412 3732 2642 3793; x_wconf 77' lang='lat' dir='ltr'><strong>oflendit3</strong></span> <span class='ocrx_word' id='word_1_809' title='bbox 2667 3731 2800 3794; x_wconf 89' lang='lat' dir='ltr'><strong>quod</strong></span> <span class='ocrx_word' id='word_1_810' title='bbox 2835 3731 2875 3782; x_wconf 88' lang='lat' dir='ltr'>si</span> <span class='ocrx_word' id='word_1_811' title='bbox 2907 3745 3018 3794; x_wconf 84' lang='lat' dir='ltr'><strong>ergo</strong></span> <span class='ocrx_word' id='word_1_812' title='bbox 3045 3733 3234 3783; x_wconf 86' lang='lat' dir='ltr'><strong>inultus</strong></span> <span class='ocrx_word' id='word_1_813' title='bbox 3253 3739 3471 3798; x_wconf 86' lang='lat' dir='ltr'><strong>maneat,</strong></span> <span class='ocrx_word' id='word_1_814' title='bbox 3494 3738 3559 3786; x_wconf 87' lang='lat' dir='ltr'>ab</span> <span class='ocrx_word' id='word_1_815' title='bbox 3596 3739 3695 3790; x_wconf 87' lang='lat' dir='ltr'>boc</span> <span class='ocrx_word' id='word_1_816' title='bbox 3800 3729 3802 3772; x_wconf 53' lang='grc' dir='ltr'>ἶ</span> 
     </span>
     <span class='ocr_line' id='line_1_98' title="bbox 2128 3809 3693 3881; baseline 0.003 -21"><span class='ocrx_word' id='word_1_817' title='bbox 2128 3809 2425 3860; x_wconf 81' lang='lat' dir='ltr'><strong>adolescente</strong></span> <span class='ocrx_word' id='word_1_818' title='bbox 2448 3813 2743 3873; x_wconf 87' lang='lat' dir='ltr'><strong>peremptus,</strong></span> <span class='ocrx_word' id='word_1_819' title='bbox 2782 3810 3007 3871; x_wconf 82' lang='lat' dir='ltr'><strong>injuriam</strong></span> <span class='ocrx_word' id='word_1_820' title='bbox 3033 3811 3201 3872; x_wconf 88' lang='lat' dir='ltr'><strong>utique</strong></span> <span class='ocrx_word' id='word_1_821' title='bbox 3224 3811 3427 3874; x_wconf 84' lang='lat' dir='ltr'><strong>accipiat</strong></span> <span class='ocrx_word' id='word_1_822' title='bbox 3458 3834 3471 3864; x_wconf 73' lang='lat' dir='ltr'><em>z</em></span> <span class='ocrx_word' id='word_1_823' title='bbox 3500 3819 3553 3864; x_wconf 89' lang='lat' dir='ltr'>et</span> <span class='ocrx_word' id='word_1_824' title='bbox 3571 3830 3693 3881; x_wconf 83' lang='lat' dir='ltr'><strong>ego,</strong></span> 
     </span>
     <span class='ocr_line' id='line_1_99' title="bbox 2127 3888 3691 3954; baseline 0.006 -18"><span class='ocrx_word' id='word_1_825' title='bbox 2127 3889 2211 3951; x_wconf 87' lang='lat' dir='ltr'><strong>qui</strong></span> <span class='ocrx_word' id='word_1_826' title='bbox 2254 3889 2405 3951; x_wconf 82' lang='lat' dir='ltr'><strong>magis</strong></span> <span class='ocrx_word' id='word_1_827' title='bbox 2440 3890 2582 3938; x_wconf 87' lang='lat' dir='ltr'><strong>etiam</strong></span> <span class='ocrx_word' id='word_1_828' title='bbox 2614 3903 2761 3952; x_wconf 81' lang='lat' dir='ltr'>quam</span> <span class='ocrx_word' id='word_1_829' title='bbox 2804 3888 2934 3940; x_wconf 82' lang='lat' dir='ltr'><strong>filius</strong></span> <span class='ocrx_word' id='word_1_830' title='bbox 2964 3903 3100 3939; x_wconf 85' lang='lat' dir='ltr'><strong>meus</strong></span> <span class='ocrx_word' id='word_1_831' title='bbox 3134 3892 3277 3953; x_wconf 79' lang='lat' dir='ltr'><strong>culpa</strong></span> <span class='ocrx_word' id='word_1_832' title='bbox 3309 3905 3459 3954; x_wconf 81' lang='lat' dir='ltr'><strong>vaco,</strong></span> <span class='ocrx_word' id='word_1_833' title='bbox 3491 3894 3691 3946; x_wconf 76' lang='lat' dir='ltr'><strong>infanda</strong></span> 
     </span>
     <span class='ocr_line' id='line_1_100' title="bbox 2126 3966 3688 4032; baseline 0.006 -18"><span class='ocrx_word' id='word_1_834' title='bbox 2126 3967 2300 4028; x_wconf 81' lang='lat' dir='ltr'><strong>patiar,</strong></span> <span class='ocrx_word' id='word_1_835' title='bbox 2318 3967 2358 4014; x_wconf 85' lang='lat' dir='ltr'>si</span> <span class='ocrx_word' id='word_1_836' title='bbox 2380 3979 2409 4016; x_wconf 80' lang='lat' dir='ltr'><strong>a</strong></span> <span class='ocrx_word' id='word_1_837' title='bbox 2428 3967 2566 4014; x_wconf 82' lang='lat' dir='ltr'><strong>vobis</strong></span> <span class='ocrx_word' id='word_1_838' title='bbox 2596 3979 2693 4014; x_wconf 88' lang='lat' dir='ltr'>non</span> <span class='ocrx_word' id='word_1_839' title='bbox 2721 3979 2965 4028; x_wconf 78' lang='lat' dir='ltr'><strong>assequar,</strong></span> <span class='ocrx_word' id='word_1_840' title='bbox 2991 3966 3123 4028; x_wconf 88' lang='lat' dir='ltr'><strong>quod</strong></span> <span class='ocrx_word' id='word_1_841' title='bbox 3149 3968 3229 4017; x_wconf 82' lang='lat' dir='ltr'>lex</span> <span class='ocrx_word' id='word_1_842' title='bbox 3252 3968 3369 4018; x_wconf 88' lang='lat' dir='ltr'><strong>mihi</strong></span> <span class='ocrx_word' id='word_1_843' title='bbox 3401 3973 3688 4032; x_wconf 78' lang='lat' dir='ltr'><strong>contribuit.</strong></span> 
     </span>
     <span class='ocr_line' id='line_1_101' title="bbox 2129 4045 3693 4113; baseline 0.006 -19"><span class='ocrx_word' id='word_1_844' title='bbox 2129 4045 2227 4108; x_wconf 85' lang='lat'>(10)</span> <span class='ocrx_word' id='word_1_845' title='bbox 2270 4050 2343 4096; x_wconf 80' lang='lat' dir='ltr'>Ex</span> <span class='ocrx_word' id='word_1_846' title='bbox 2384 4045 2479 4094; x_wconf 87' lang='lat' dir='ltr'><strong>illis</strong></span> <span class='ocrx_word' id='word_1_847' title='bbox 2516 4047 2680 4094; x_wconf 77' lang='lat' dir='ltr'><strong>autem</strong></span> <span class='ocrx_word' id='word_1_848' title='bbox 2720 4058 2830 4107; x_wconf 82' lang='lat' dir='ltr'><strong>quae</strong></span> <span class='ocrx_word' id='word_1_849' title='bbox 2875 4045 2925 4094; x_wconf 92' lang='lat' dir='ltr'>hi</span> <span class='ocrx_word' id='word_1_850' title='bbox 2956 4045 3200 4108; x_wconf 81' lang='lat' dir='ltr'><strong>disputant</strong></span> <span class='ocrx_word' id='word_1_851' title='bbox 3243 4052 3493 4113; x_wconf 83' lang='lat' dir='ltr'><strong>consequi,</strong></span> <span class='ocrx_word' id='word_1_852' title='bbox 3532 4053 3693 4103; x_wconf 83' lang='lat' dir='ltr'><strong>adole-</strong></span> 
     </span>
     <span class='ocr_line' id='line_1_102' title="bbox 2127 4123 3676 4194; baseline 0.005 -19"><span class='ocrx_word' id='word_1_853' title='bbox 2127 4128 2339 4176; x_wconf 87' lang='lat' dir='ltr'><strong>scentem</strong></span> <span class='ocrx_word' id='word_1_854' title='bbox 2358 4137 2422 4174; x_wconf 91' lang='lat' dir='ltr'>ne</span> <span class='ocrx_word' id='word_1_855' title='bbox 2450 4125 2511 4174; x_wconf 84' lang='lat' dir='ltr'>ab</span> <span class='ocrx_word' id='word_1_856' title='bbox 2541 4123 2644 4187; x_wconf 89' lang='lat' dir='ltr'><strong>ipso</strong></span> <span class='ocrx_word' id='word_1_857' title='bbox 2670 4124 2867 4186; x_wconf 89' lang='lat' dir='ltr'><strong>quidem</strong></span> <span class='ocrx_word' id='word_1_858' title='bbox 2884 4125 3075 4175; x_wconf 78' lang='lat' dir='ltr'><strong>defectu</strong></span> <span class='ocrx_word' id='word_1_859' title='bbox 3104 4127 3369 4178; x_wconf 77' lang='lat' dir='ltr'><strong>voluntatis</strong></span> <span class='ocrx_word' id='word_1_860' title='bbox 3384 4131 3435 4179; x_wconf 85' lang='lat' dir='ltr'>et</span> <span class='ocrx_word' id='word_1_861' title='bbox 3454 4135 3676 4194; x_wconf 74' lang='lat' dir='ltr'><strong>proposit</strong></span> 
     </span>
     <span class='ocr_line' id='line_1_103' title="bbox 2129 4203 3663 4270; baseline 0.007 -18"><span class='ocrx_word' id='word_1_862' title='bbox 2129 4205 2176 4252; x_wconf 92' lang='lat' dir='ltr'>in</span> <span class='ocrx_word' id='word_1_863' title='bbox 2201 4204 2332 4253; x_wconf 79' lang='lat' dir='ltr'><strong>caede</strong></span> <span class='ocrx_word' id='word_1_864' title='bbox 2350 4203 2693 4253; x_wconf 86' lang='lat' dir='ltr'><strong>committenda</strong></span> <span class='ocrx_word' id='word_1_865' title='bbox 2712 4203 2920 4263; x_wconf 83' lang='lat' dir='ltr'><strong>absolvi,</strong></span> <span class='ocrx_word' id='word_1_866' title='bbox 2944 4205 3027 4254; x_wconf 86' lang='lat' dir='ltr'>sed</span> <span class='ocrx_word' id='word_1_867' title='bbox 3042 4219 3253 4255; x_wconf 86' lang='lat' dir='ltr'><strong>errorem</strong></span> <span class='ocrx_word' id='word_1_868' title='bbox 3292 4211 3340 4257; x_wconf 86' lang='lat' dir='ltr'>et</span> <span class='ocrx_word' id='word_1_869' title='bbox 3362 4222 3553 4270; x_wconf 82' lang='lat' dir='ltr'><strong>poenam</strong></span> <span class='ocrx_word' id='word_1_870' title='bbox 3578 4225 3663 4262; x_wconf 81' lang='lat' dir='ltr'>am</span> 
     </span>
    </p>

    <p class='ocr_par' dir='ltr' id='par_1_5' title="bbox 2128 4283 3802 5128">
     <span class='ocr_line' id='line_1_104' title="bbox 2130 4283 3693 4346; baseline 0.006 -14"><span class='ocrx_word' id='word_1_871' title='bbox 2130 4284 2283 4332; x_wconf 88' lang='lat' dir='ltr'><strong>bobus</strong></span> <span class='ocrx_word' id='word_1_872' title='bbox 2299 4283 2461 4345; x_wconf 91' lang='lat' dir='ltr'><strong>pueris</strong></span> <span class='ocrx_word' id='word_1_873' title='bbox 2494 4283 2769 4331; x_wconf 87' lang='lat' dir='ltr'><strong>communia</strong></span> <span class='ocrx_word' id='word_1_874' title='bbox 2786 4296 2915 4345; x_wconf 85' lang='lat' dir='ltr'><strong>esse,</strong></span> <span class='ocrx_word' id='word_1_875' title='bbox 2933 4283 3133 4346; x_wconf 76' lang='lat' dir='ltr'><strong>planum</strong></span> <span class='ocrx_word' id='word_1_876' title='bbox 3164 4286 3353 4336; x_wconf 76' lang='lat' dir='ltr'><strong>faciam.</strong></span> <span class='ocrx_word' id='word_1_877' title='bbox 3414 4291 3537 4339; x_wconf 86' lang='lat' dir='ltr'>Nam</span> <span class='ocrx_word' id='word_1_878' title='bbox 3564 4292 3606 4341; x_wconf 85' lang='lat' dir='ltr'>si</span> <span class='ocrx_word' id='word_1_879' title='bbox 3624 4292 3693 4342; x_wconf 84' lang='lat' dir='ltr'>fi-</span> 
     </span>
     <span class='ocr_line' id='line_1_105' title="bbox 2129 4361 3687 4430; baseline 0.006 -18"><span class='ocrx_word' id='word_1_880' title='bbox 2129 4362 2222 4412; x_wconf 88' lang='lat' dir='ltr'><strong>lius</strong></span> <span class='ocrx_word' id='word_1_881' title='bbox 2264 4375 2404 4411; x_wconf 89' lang='lat' dir='ltr'><strong>meus</strong></span> <span class='ocrx_word' id='word_1_882' title='bbox 2444 4361 2553 4412; x_wconf 89' lang='lat' dir='ltr'><strong>ideo</strong></span> <span class='ocrx_word' id='word_1_883' title='bbox 2608 4361 2849 4411; x_wconf 87' lang='lat' dir='ltr'><strong>homicida</strong></span> <span class='ocrx_word' id='word_1_884' title='bbox 2883 4363 3061 4413; x_wconf 81' lang='lat' dir='ltr'><strong>suimet</strong></span> <span class='ocrx_word' id='word_1_885' title='bbox 3096 4363 3370 4429; x_wconf 87' lang='lat' dir='ltr'><strong>habebitur,</strong></span> <span class='ocrx_word' id='word_1_886' title='bbox 3418 4369 3535 4430; x_wconf 83' lang='lat' dir='ltr'><strong>quia</strong></span> <span class='ocrx_word' id='word_1_887' title='bbox 3584 4385 3687 4422; x_wconf 86' lang='lat' dir='ltr'>non</span> 
     </span>
     <span class='ocr_line' id='line_1_106' title="bbox 2128 4439 3695 4510; baseline 0.006 -20"><span class='ocrx_word' id='word_1_888' title='bbox 2128 4441 2341 4490; x_wconf 83' lang='lat' dir='ltr'><strong>constitit</strong></span> <span class='ocrx_word' id='word_1_889' title='bbox 2359 4441 2553 4504; x_wconf 88' lang='lat' dir='ltr'><strong>quietus</strong></span> <span class='ocrx_word' id='word_1_890' title='bbox 2568 4475 2583 4500; x_wconf 89' lang='lat'>,</span> <span class='ocrx_word' id='word_1_891' title='bbox 2616 4439 2701 4490; x_wconf 84' lang='lat' dir='ltr'>sed</span> <span class='ocrx_word' id='word_1_892' title='bbox 2733 4441 2943 4490; x_wconf 81' lang='lat' dir='ltr'><strong>venienti</strong></span> <span class='ocrx_word' id='word_1_893' title='bbox 2958 4443 3119 4503; x_wconf 83' lang='lat' dir='ltr'><strong>jaculo</strong></span> <span class='ocrx_word' id='word_1_894' title='bbox 3150 4456 3203 4493; x_wconf 88' lang='lat' dir='ltr'>se</span> <span class='ocrx_word' id='word_1_895' title='bbox 3230 4445 3435 4510; x_wconf 86' lang='lat' dir='ltr'><strong>obtulit,</strong></span> <span class='ocrx_word' id='word_1_896' title='bbox 3462 4461 3525 4498; x_wconf 92' lang='lat' dir='ltr'>ne</span> <span class='ocrx_word' id='word_1_897' title='bbox 3548 4449 3695 4500; x_wconf 80' lang='lat' dir='ltr'><strong>istius</strong></span> 
     </span>
     <span class='ocr_line' id='line_1_107' title="bbox 2128 4516 3691 4588; baseline 0.007 -23"><span class='ocrx_word' id='word_1_898' title='bbox 2128 4517 2326 4581; x_wconf 85' lang='lat' dir='ltr'><strong>quidem</strong></span> <span class='ocrx_word' id='word_1_899' title='bbox 2353 4516 2481 4566; x_wconf 77' lang='lat' dir='ltr'><strong>lilius</strong></span> <span class='ocrx_word' id='word_1_900' title='bbox 2499 4517 2640 4579; x_wconf 85' lang='lat' dir='ltr'><strong>culpa</strong></span> <span class='ocrx_word' id='word_1_901' title='bbox 2662 4518 2735 4567; x_wconf 89' lang='lat' dir='ltr'>est</span> <span class='ocrx_word' id='word_1_902' title='bbox 2760 4517 3032 4568; x_wconf 86' lang='lat' dir='ltr'><strong>liberandus</strong></span> <span class='ocrx_word' id='word_1_903' title='bbox 3044 4555 3059 4582; x_wconf 91' lang='lat'><strong>,</strong></span> <span class='ocrx_word' id='word_1_904' title='bbox 3084 4533 3181 4583; x_wconf 80' lang='lat' dir='ltr'>qua</span> <span class='ocrx_word' id='word_1_905' title='bbox 3196 4523 3455 4572; x_wconf 79' lang='lat' dir='ltr'><strong>vacaturus</strong></span> <span class='ocrx_word' id='word_1_906' title='bbox 3472 4529 3599 4574; x_wconf 67' lang='lat' dir='ltr'><strong>esset</strong></span> <span class='ocrx_word' id='word_1_907' title='bbox 3612 4562 3629 4588; x_wconf 92' lang='lat'>‚</span> <span class='ocrx_word' id='word_1_908' title='bbox 3648 4528 3691 4576; x_wconf 83' lang='lat' dir='ltr'>si</span> 
     </span>
     <span class='ocr_line' id='line_1_108' title="bbox 2128 4595 3689 4664; baseline 0.005 -18"><span class='ocrx_word' id='word_1_909' title='bbox 2128 4597 2256 4646; x_wconf 86' lang='lat' dir='ltr'><strong>filius</strong></span> <span class='ocrx_word' id='word_1_910' title='bbox 2273 4609 2411 4645; x_wconf 90' lang='lat' dir='ltr'><strong>meus</strong></span> <span class='ocrx_word' id='word_1_911' title='bbox 2435 4595 2519 4645; x_wconf 88' lang='lat' dir='ltr'><strong>illo</strong></span> <span class='ocrx_word' id='word_1_912' title='bbox 2536 4596 2806 4659; x_wconf 83' lang='lat' dir='ltr'><strong>quiescente</strong></span> <span class='ocrx_word' id='word_1_913' title='bbox 2823 4597 3107 4660; x_wconf 87' lang='lat' dir='ltr'><strong>nullumque</strong></span> <span class='ocrx_word' id='word_1_914' title='bbox 3132 4601 3282 4649; x_wconf 88' lang='lat' dir='ltr'><strong>telum</strong></span> <span class='ocrx_word' id='word_1_915' title='bbox 3296 4601 3503 4664; x_wconf 80' lang='lat' dir='ltr'><strong>jaciente</strong></span> <span class='ocrx_word' id='word_1_916' title='bbox 3520 4607 3689 4654; x_wconf 88' lang='lat' dir='ltr'><strong>conci-</strong></span> 
     </span>
     <span class='ocr_line' id='line_1_109' title="bbox 2128 4673 3802 4742; baseline 0.006 -18"><span class='ocrx_word' id='word_1_917' title='bbox 2128 4675 2289 4724; x_wconf 82' lang='lat' dir='ltr'><strong>disset.</strong></span> <span class='ocrx_word' id='word_1_918' title='bbox 2365 4673 2512 4724; x_wconf 83' lang='lat' dir='ltr'><strong>caede</strong></span> <span class='ocrx_word' id='word_1_919' title='bbox 2542 4675 2707 4736; x_wconf 76' lang='lat' dir='ltr'><strong>itaque</strong></span> <span class='ocrx_word' id='word_1_920' title='bbox 2741 4675 2803 4724; x_wconf 83' lang='lat' dir='ltr'>ab</span> <span class='ocrx_word' id='word_1_921' title='bbox 2840 4676 3075 4726; x_wconf 87' lang='lat' dir='ltr'><strong>ambobus</strong></span> <span class='ocrx_word' id='word_1_922' title='bbox 3096 4679 3276 4739; x_wconf 82' lang='lat' dir='ltr'><strong>pariter</strong></span> <span class='ocrx_word' id='word_1_923' title='bbox 3302 4685 3519 4742; x_wconf 83' lang='lat' dir='ltr'><strong>peracta,</strong></span> <span class='ocrx_word' id='word_1_924' title='bbox 3557 4683 3691 4734; x_wconf 82' lang='lat' dir='ltr'><strong>filius</strong></span> <span class='ocrx_word' id='word_1_925' title='bbox 3800 4717 3802 4726; x_wconf 84' lang='lat'>·</span> 
     </span>
     <span class='ocr_line' id='line_1_110' title="bbox 2129 4752 3687 4817; baseline 0.006 -17"><span class='ocrx_word' id='word_1_926' title='bbox 2129 4752 2322 4814; x_wconf 89' lang='lat' dir='ltr'><strong>quidem</strong></span> <span class='ocrx_word' id='word_1_927' title='bbox 2346 4765 2484 4800; x_wconf 86' lang='lat' dir='ltr'><strong>meus</strong></span> <span class='ocrx_word' id='word_1_928' title='bbox 2506 4752 2680 4801; x_wconf 87' lang='lat' dir='ltr'><strong>erroris</strong></span> <span class='ocrx_word' id='word_1_929' title='bbox 2710 4753 2784 4801; x_wconf 91' lang='lat' dir='ltr'>sui</span> <span class='ocrx_word' id='word_1_930' title='bbox 2810 4752 2861 4800; x_wconf 93' lang='lat' dir='ltr'>in</span> <span class='ocrx_word' id='word_1_931' title='bbox 2883 4756 3035 4802; x_wconf 86' lang='lat' dir='ltr'><strong>semet</strong></span> <span class='ocrx_word' id='word_1_932' title='bbox 3070 4753 3264 4804; x_wconf 81' lang='lat' dir='ltr'><strong>admissi</strong></span> <span class='ocrx_word' id='word_1_933' title='bbox 3283 4757 3514 4817; x_wconf 71' lang='lat' dir='ltr'><strong>maiorem</strong></span> <span class='ocrx_word' id='word_1_934' title='bbox 3540 4761 3687 4810; x_wconf 81' lang='lat' dir='ltr'><strong>etiam</strong></span> 
     </span>
     <span class='ocr_line' id='line_1_111' title="bbox 2131 4831 3687 4896; baseline 0.007 -17"><span class='ocrx_word' id='word_1_935' title='bbox 2131 4845 2321 4894; x_wconf 83' lang='lat' dir='ltr'><strong>poenam</strong></span> <span class='ocrx_word' id='word_1_936' title='bbox 2345 4843 2495 4893; x_wconf 78' lang='lat' dir='ltr'>quam</span> <span class='ocrx_word' id='word_1_937' title='bbox 2528 4844 2617 4892; x_wconf 87' lang='lat' dir='ltr'>pro</span> <span class='ocrx_word' id='word_1_938' title='bbox 2638 4831 2783 4880; x_wconf 89' lang='lat' dir='ltr'><strong>modo</strong></span> <span class='ocrx_word' id='word_1_939' title='bbox 2813 4833 2990 4881; x_wconf 84' lang='lat' dir='ltr'><strong>erroris</strong></span> <span class='ocrx_word' id='word_1_940' title='bbox 3008 4833 3098 4882; x_wconf 87' lang='lat' dir='ltr'><strong>sibi</strong></span> <span class='ocrx_word' id='word_1_941' title='bbox 3135 4834 3235 4896; x_wconf 87' lang='lat' dir='ltr'><strong>ipse</strong></span> <span class='ocrx_word' id='word_1_942' title='bbox 3263 4835 3397 4884; x_wconf 90' lang='lat' dir='ltr'><strong>dedit</strong></span> <span class='ocrx_word' id='word_1_943' title='bbox 3424 4839 3639 4888; x_wconf 85' lang='lat' dir='ltr'><strong>moriens</strong></span> <span class='ocrx_word' id='word_1_944' title='bbox 3672 4859 3687 4890; x_wconf 73' lang='lat' dir='ltr'>t</span> 
     </span>
     <span class='ocr_line' id='line_1_112' title="bbox 2128 4907 3687 4973; baseline 0.006 -17"><span class='ocrx_word' id='word_1_945' title='bbox 2128 4912 2212 4971; x_wconf 79' lang='lat' dir='ltr'>qul</span> <span class='ocrx_word' id='word_1_946' title='bbox 2239 4921 2349 4970; x_wconf 86' lang='lat' dir='ltr'><strong>ergo</strong></span> <span class='ocrx_word' id='word_1_947' title='bbox 2368 4921 2452 4970; x_wconf 85' lang='lat' dir='ltr'>par</span> <span class='ocrx_word' id='word_1_948' title='bbox 2470 4907 2531 4956; x_wconf 79' lang='lat' dir='ltr'>sit</span> <span class='ocrx_word' id='word_1_949' title='bbox 2555 4907 2844 4970; x_wconf 84' lang='lat' dir='ltr'><strong>impunitum</strong></span> <span class='ocrx_word' id='word_1_950' title='bbox 2866 4909 3111 4960; x_wconf 87' lang='lat' dir='ltr'><strong>discedere</strong></span> <span class='ocrx_word' id='word_1_951' title='bbox 3127 4924 3239 4959; x_wconf 89' lang='lat' dir='ltr'>eum</span> <span class='ocrx_word' id='word_1_952' title='bbox 3253 4947 3267 4971; x_wconf 90' lang='lat'>,</span> <span class='ocrx_word' id='word_1_953' title='bbox 3297 4917 3451 4973; x_wconf 88' lang='lat' dir='ltr'><strong>quise</strong></span> <span class='ocrx_word' id='word_1_954' title='bbox 3470 4913 3541 4963; x_wconf 89' lang='lat' dir='ltr'><strong>illi</strong></span> <span class='ocrx_word' id='word_1_955' title='bbox 3568 4929 3687 4964; x_wconf 89' lang='lat' dir='ltr'><strong>cou-</strong></span> 
     </span>
     <span class='ocr_line' id='line_1_113' title="bbox 2128 4987 3689 5053; baseline 0.005 -15"><span class='ocrx_word' id='word_1_956' title='bbox 2128 4991 2306 5038; x_wconf 85' lang='lat' dir='ltr'><strong>sortem</strong></span> <span class='ocrx_word' id='word_1_957' title='bbox 2336 4996 2385 5036; x_wconf 83' lang='lat' dir='ltr'>et</span> <span class='ocrx_word' id='word_1_958' title='bbox 2420 4987 2684 5047; x_wconf 80' lang='lat' dir='ltr'><strong>adJutorem</strong></span> <span class='ocrx_word' id='word_1_959' title='bbox 2708 4988 2873 5038; x_wconf 83' lang='lat' dir='ltr'><strong>delicti</strong></span> <span class='ocrx_word' id='word_1_960' title='bbox 2900 4989 2949 5036; x_wconf 91' lang='lat' dir='ltr'>in</span> <span class='ocrx_word' id='word_1_961' title='bbox 2982 5001 3091 5051; x_wconf 89' lang='lat' dir='ltr'><strong>eos,</strong></span> <span class='ocrx_word' id='word_1_962' title='bbox 3126 5003 3248 5053; x_wconf 87' lang='lat' dir='ltr'><strong>quos</strong></span> <span class='ocrx_word' id='word_1_963' title='bbox 3272 5004 3371 5040; x_wconf 90' lang='lat' dir='ltr'>non</span> <span class='ocrx_word' id='word_1_964' title='bbox 3397 4991 3601 5044; x_wconf 80' lang='lat' dir='ltr'><strong>decebat</strong></span> <span class='ocrx_word' id='word_1_965' title='bbox 3630 5010 3689 5046; x_wconf 91' lang='lat' dir='ltr'>eo</span> 
     </span>
     <span class='ocr_line' id='line_1_114' title="bbox 2128 5063 2797 5128; baseline -0.006 -12"><span class='ocrx_word' id='word_1_966' title='bbox 2128 5066 2305 5116; x_wconf 88' lang='lat' dir='ltr'><strong>delicto</strong></span> <span class='ocrx_word' id='word_1_967' title='bbox 2346 5063 2453 5114; x_wconf 70' lang='lat' dir='ltr'><strong>lardi</strong></span> <span class='ocrx_word' id='word_1_968' title='bbox 2469 5099 2484 5126; x_wconf 90' lang='lat'><strong>,</strong></span> <span class='ocrx_word' id='word_1_969' title='bbox 2508 5064 2797 5128; x_wconf 81' lang='lat' dir='ltr'><strong>praebuerit?</strong></span> 
     </span>
    </p>
   </div>
   <div class='ocr_carea' id='block_1_5' title="bbox 2204 5152 3637 5221">
    <p class='ocr_par' dir='ltr' id='par_1_6' title="bbox 2204 5152 3637 5221">
     <span class='ocr_line' id='line_1_115' title="bbox 2204 5152 3637 5221; baseline 0.002 -18"><span class='ocrx_word' id='word_1_970' title='bbox 2204 5159 2277 5204; x_wconf 83' lang='grc' dir='ltr'>ιι.</span> <span class='ocrx_word' id='word_1_971' title='bbox 2310 5155 2377 5204; x_wconf 78' lang='lat' dir='ltr'>Ex</span> <span class='ocrx_word' id='word_1_972' title='bbox 2393 5152 2494 5216; x_wconf 80' lang='lat' dir='ltr'><strong>ipsa</strong></span> <span class='ocrx_word' id='word_1_973' title='bbox 2512 5153 2686 5204; x_wconf 86' lang='lat' dir='ltr'><strong>horum</strong></span> <span class='ocrx_word' id='word_1_974' title='bbox 2700 5152 2973 5208; x_wconf 77' lang='lat' dir='ltr'><strong>defensione</strong></span> <span class='ocrx_word' id='word_1_975' title='bbox 2986 5155 3171 5206; x_wconf 82' lang='lat' dir='ltr'><strong>constat</strong></span> <span class='ocrx_word' id='word_1_976' title='bbox 3189 5153 3541 5210; x_wconf 71' lang='lat' dir='ltr'><strong>adolescentem</strong></span> <span class='ocrx_word' id='word_1_977' title='bbox 3554 5156 3637 5221; x_wconf 74' lang='lat' dir='ltr'>huj</span> 
     </span>
    </p>
   </div>
   <div class='ocr_carea' id='block_1_6' title="bbox 3795 0 3808 3404">
    <p class='ocr_par' dir='ltr' id='par_1_7' title="bbox 3795 0 3808 3404">
     <span class='ocr_line' id='line_1_116' title="bbox 3795 0 3808 3404; baseline 0 0"><span class='ocrx_word' id='word_1_978' title='bbox 3795 0 3808 3404; x_wconf 95' lang='lat' dir='ltr'> </span> 
     </span>
    </p>
   </div>
  </div>
 </body>
</html>
