3825 5842
1108 487 1503 549 tsocflATts
1543 485 2186 548 AREOPAGlTlCUS.

108 623 287 696 μᾶλλον
311 619 346 691 ἢ
383 617 516 696 μετὰ
563 615 828 685 πολιτείας
866 614 1241 698 ἄκριὸεστέρας
1291 617 1500 694 ἄμεινον
1546 615 1635 676 τὸν

108 710 203 789 βίον
238 707 449 786 διάγειν.
534 699 688 768 Εἶναι
712 707 757 765 δ’
785 705 985 786 ἔφασαν
1014 706 1132 783 ἐμοὶ
1158 705 1249 765 καὶ
1282 704 1534 777 κίνδυνον,
1561 703 1635 783 μὴ

104 797 161 855 τὰ
180 797 409 876 βέλτιστα
428 794 795 872 συμὸουλεύων
816 795 1105 873 μισόδημκ
1124 785 1257 854 εἶναι
1275 792 1405 862 δόξω
1430 794 1521 852 καὶ
1542 793 1637 866 τὴν

104 887 239 944 πολιν
258 885 421 956 ζητεῖν
450 885 521 950 εἰς
542 882 849 962 ὀλιγαρχίαν
874 881 1143 960 ἐμὸαλεὶν.
1228 881 1320 962 (ss)
1345 881 1493 958 Ἐγὼ
1522 883 1566 940 δ’
1592 885 1639 942 εἰ

59 1001 81 1040 ε
104 973 187 1052 μὲν
207 973 321 1052 περὶ
346 971 673 1053 πραγμάτων
705 969 1063 1051 ἀγνοουμένων
1092 968 1184 1030 καὶ
1208 970 1282 1045 μὴ
1311 975 1492 1030 κοινῶν
1522 969 1641 1038 τοὺς

102 1063 261 1141 λόγους
295 1059 597 1137 ἐποιούμην,
625 1058 717 1118 καὶ
742 1057 863 1140 περὶ
890 1057 1087 1118 τούτων
1118 1057 1351 1118 ἐκέλευον
1379 1061 1513 1136 ὑμᾶς
1539 1057 1643 1117 ἑλέ·

3203 499 3276 550 97

1724 623 1994 687 reipublicoe
2019 624 2170 674 vitam
2197 622 2369 688 degere
2406 623 2680 675 feliciorem.
2743 624 2998 676 Addebam
3018 625 3164 676 etiam
3183 639 3290 678 esse

1728 729 1843 779 mibi
1867 729 2130 793 periculum
2146 741 2233 791 ne,
2249 728 2368 778 dum
2384 729 2564 792 optima
2583 729 2898 791 consulerem,
2917 731 3136 782 infensus
3163 730 3292 795 plebi

1726 837 1776 886 et
1788 833 2060 898 dligarcbioe
2081 835 2392 888 instituendae
2411 836 2620 900 cupidus
2638 836 2842 889 viderer.
2910 837 3008 901 (58)
3031 839 3132 901 Ego
3146 850 3262 889 vero
3273 873 3296 902 ,

1728 940 1769 990 si
1792 940 1852 992 de
1875 940 2021 991 rebus
2043 940 2220 1003 ignotis
2251 945 2303 992 et
2331 955 2429 992 non
2454 941 2794 993 communibus
2835 942 2982 992 verba
3013 942 3218 994 facerem
3246 949 3297 993 et

1730 1043 1789 1095 ad
1812 1045 1918 1095 illas
1934 1046 2292 1098 constituendas
2311 1061 2397 1098 vos
2409 1060 2572 1098 creare
2586 1060 2889 1098 consessores
2911 1050 2996 1098 aut
3017 1047 3200 1098 scribas
3221 1045 3298 1098 de·

105 1155 210 1208 σθαι
228 1147 490 1226 συνέδρους
512 1146 549 1219 ἢ
572 1145 929 1228 συγγραφέας,
952 1147 1019 1204 δι’
1043 1136 1116 1204 ὧν
1135 1148 1164 1204 ὃ
1192 1145 1355 1223 δῆμος
1380 1144 1640 1218 κατελύθη
1664 1139 1708 1204 d
1734 1149 1877 1212 ligere
1894 1149 2148 1216 iuberem,
2178 1164 2262 1214 per
2282 1165 2406 1216 quos
2426 1151 2630 1202 antebac
2651 1151 2895 1217 popularis
2917 1156 3072 1203 status
3103 1152 3300 1215 abroga-

106 1239 157 1297 τὸ
175 1239 431 1320 πρότερον,
468 1235 681 1303 εἰκότως
704 1235 769 1294 ἂν
791 1225 933 1314 εἶχον
964 1232 1159 1306 ταύτην
1198 1234 1294 1306 τὴν
1324 1233 1523 1293 αἰτίαν·
1551 1239 1641 1293 νῦν

105 1328 144 1386 δ’
166 1327 297 1387 οὐδὲν
330 1326 515 1408 εἴρηκα
536 1331 783 1398 τοιοῦτον,
810 1320 949 1384 ἃλλὰ
977 1323 1267 1402 διείλεγμαι
1288 1322 1411 1405 περὶ
1442 1321 1643 1396 διοική-

59 1445 87 1485 ¹⁰
108 1440 219 1484 σεως
234 1419 322 1474 οὐκ
347 1412 834 1496 ἀποκεκρυμμένης,
854 1412 993 1472 ἀλλὰ
1012 1421 1146 1471 πᾶσι
1172 1421 1427 1494 φανερᾶς,
1460 1413 1549 1490 (sa)
1581 1411 1647 1484 ἣν

107 1505 271 1572 πάντες
290 1503 399 1563 ἴστε
420 1501 515 1562 καὶ
526 1501 755 1583 πατρίαν
782 1502 905 1578 ἡμῖν
926 1491 1085 1560 οῧσαν
1112 1502 1205 1560 καὶ
1223 1499 1484 1559 πλείστων
1509 1504 1643 1580 ἀγα-

109 1597 193 1650 θῶν
213 1592 297 1651 καὶ
321 1597 383 1673 τῇ
411 1589 569 1650 πόλει
596 1590 689 1649 καὶ
712 1590 820 1658 τοῖς
846 1587 1023 1656 ἄλλοις
1056 1587 1319 1660 Ἕλλησιν
1350 1587 1520 1648 αἰτίαν
1548 1611 1643 1668 γε·-

108 1681 387 1759 γενημένην,
413 1678 549 1761 πρὸς
568 1677 623 1738 δὲ
646 1676 844 1745 τούτοις
866 1676 967 1736 ὑπὸ
994 1676 1237 1737 τοιούτων
1262 1678 1459 1758 ἀνδρῶν
1484 1699 1644 1754 νομο-

110 1777 377 1841 θετηθεῖσαν
406 1767 501 1827 καὶ
532 1772 969 1839 κατασταθεῖσαν,
988 1765 1075 1834 οὓς
1105 1765 1270 1833 οὐδεὶς
1297 1764 1437 1832 ὅστις
1459 1767 1555 1824 οὐκ
1582 1764 1647 1825 ἂν

1730 1259 1811 1305 tus
1830 1255 1932 1318 est,
1947 1255 2055 1317 iure
2088 1255 2181 1306 boc
2215 1256 2410 1308 nomine
2445 1269 2693 1308 accusarer
2715 1271 2729 1306 ι
2749 1271 2878 1309 nunc
2914 1257 3006 1309 tale
3031 1255 3150 1308 nibil
3170 1257 3298 1319 dixi,

1729 1359 1817 1412 sed
1834 1359 1895 1412 de
1906 1361 2252 1424 gubernatione
2267 1361 2470 1416 disserui
2485 1377 2583 1414 nou
2601 1364 2807 1426 occulta,
2833 1363 2918 1414 sed
2943 1366 3170 1416 omnibus
3190 1379 3296 1414 ma-

1730 1464 1928 1529 nifesta,
1992 1465 2091 1529 (59)
2114 1480 2261 1531 quam
2291 1468 2426 1518 scitis
2457 1481 2628 1520 ornnes
2646 1472 2696 1519 et
2719 1468 2919 1532 patriam
2937 1469 3078 1519 nobis
3096 1483 3204 1522 esse
3241 1471 3292 1520 et

1731 1582 1881 1633 quum
1896 1570 2168 1634 reipublicoe
2184 1575 2382 1634 nostrae‚
2399 1575 2506 1622 tum
2523 1573 2695 1624 ceteris
2713 1573 2894 1624 Graecis
2915 1573 3147 1637 plurimas
3163 1587 3302 1638 pepe·

1732 1676 1854 1727 risse
1871 1675 2121 1740 utilitates,
2136 1682 2281 1741 atque
2298 1678 2444 1730 etiam
2459 1677 2521 1728 ab
2537 1678 2599 1729 iis
2621 1678 2737 1728 viris
2754 1680 2984 1729 sancitam
3003 1683 3052 1730 et
3069 1681 3301 1729 constitu-

1740 1783 1837 1828 tam
1851 1814 1868 1841 ,
1892 1791 2018 1842 quos
2037 1792 2182 1831 nenio
2199 1785 2274 1832 est
2303 1781 2420 1845 quin
2443 1781 2620 1832 civium
2645 1783 2852 1834 maxime
2873 1784 3024 1834 tuisse
3050 1784 3303 1847 populares

58 1884 89 1924 ¹⁸
112 1859 417 1936 ὁίωλθῖἧσω
442 1853 903 1934 δημοτικωτάτους
936 1857 1245 1934 γεγενῆσθαι
1269 1857 1376 1913 τῶν
1403 1855 1651 1914 πολιτῶν·
1676 1867 1714 1909 e
1740 1881 1963 1935 fatentur.
2035 1888 2197 1943 Quare
2237 1899 2429 1937 mecum
2465 1886 2782 1951 'iniquissime
2831 1892 3069 1952 ageretur,
3110 1888 3153 1938 si
3196 1888 3309 1939 talis

112 1945 253 2004 Ὥστε
268 1945 473 2005 πάντων
505 1943 575 2004 ἄν
601 1966 691 2022 μοι
722 1941 959 2023 συμὸαίη
989 1940 1303 2020 δεινότατον,
1336 1943 1383 2001 εἰ
1406 1940 1650 2014 τοιαύτην

113 2033 347 2093 πολιτείαν
374 2031 747 2112 εἰσηγούμενος
787 2030 1053 2112 νεωτέρων
1080 2029 1290 2106 δόξαιμι
1323 2029 1651 2112 πραγμάτων

118 2122 372 2196 ἐπιθυμεῖν.
456 2124 555 2200 (ω)
582 2117 815 2182 Ἔπειτα
852 2122 1090 2180 κάκεῖθεν
1117 2118 1293 2202 ῥᾴδιον
1330 2122 1524 2198 γνῶναι
1554 2115 1649 2189 τὴν

114 2207 225 2286 ἐμὴν
252 2209 500 2269 διάνοιαν·
541 2211 596 2267 ἐν
640 2206 744 2290 γὰρ
788 2215 895 2275 τοῖς
934 2205 1196 2275 πλείστοις
1222 2209 1325 2266 τῶν
1346 2204 1515 2284 λόγων
1549 2209 1653 2264 τῶν

1746 1987 2022 2051 reipublicae
2043 2001 2215 2040 suasor
2233 2003 2468 2041 novarum
2483 2003 2644 2042 rerum
2657 1991 2863 2055 cupidus
2877 1992 3187 2044 existimarer.
3207 1993 3306 2058 (60)

1741 2091 1926 2143 Deinde
1949 2093 2026 2144 vel
2043 2106 2107 2144 ex
2129 2107 2190 2145 eo
2209 2107 2317 2146 mea
2343 2107 2482 2146 mens
2514 2095 2652 2146 t'aciie
2682 2096 2985 2160 perspicitur,
3010 2096 3142 2159 quod
3165 2110 3194 2147 e
3214 2098 3308 2161 ple·

1741 2196 1903 2260 risque
1922 2197 2041 2248 meis
2059 2199 2356 2252 orationibus
2373 2205 2572 2264 apparet
2592 2200 2876 2263 oligarchias
2907 2202 2957 2252 et
2976 2201 3174 2265 injustas
3194 2216 3310 2266 prae·

61 2297 364 2376 52εἷρημένων
410 2296 500 2356 ὑπ’
549 2298 679 2374 ἐμοῦ
721 2295 1023 2378 φανήσομαι
1052 2295 1167 2363 ταῖς
1202 2293 1298 2373 μὲν
1329 2292 1655 2375 ὀλιγαρχίαις
1678 2312 1714 2354 a
1740 2303 1980 2366 rogativas
2000 2317 2032 2354 a
2051 2317 2131 2355 me
2151 2305 2474 2369 vituperatas,
2497 2305 2819 2368 {equalitatem
2853 2319 2969 2358 vero
2997 2311 3049 2358 et
3067 2307 3312 2358 democra-

116 2387 191 2444 καὶ
213 2388 316 2454 ταῖς
334 2385 656 2455 πλεονεξίαις
683 2386 955 2464 ἐπιτιμῶν,
982 2382 1076 2452 τὰς
1111 2385 1159 2444 δ’
1178 2381 1423 2456 ἰσότητας
1442 2383 1535 2443 καὶ
1559 2381 1655 2452 τὰς

118 2474 434 2557 δημοκρατίας
464 2477 720 2553 ἐπαινῶν,
743 2473 803 2533 οὗ
834 2472 1037 2550 πάσας,
1072 2470 1211 2532 ἀλλὰ
1240 2471 1333 2538 τὰς
1354 2473 1531 2538 καλῶς
1550 2494 1656 2530 κα-

120 2563 422 2641 θεστηκυίας,
459 2562 571 2624 οὐδ’
600 2566 671 2630 ὥς
709 2561 917 2642 ἔτυχον,
956 2559 1096 2620 ἄλλα
1135 2559 1347 2628 δικαίως
1385 2559 1475 2620 καὶ
1500 2559 1655 2639 λόγον

120 2652 333 2731 ἐχόντως.
354 2655 443 2732 (ει)
458 2643 603 2712 Οἶδα
619 2649 726 2732 γὰρ
736 2649 857 2718 τούς
870 2672 929 2709 τε
946 2647 1226 2732 προγόνους
1240 2646 1359 2717 τοὺς
1380 2647 1661 2728 ἡμετέρους

59 2755 101 2792 25
122 2743 165 2797 ἐν
186 2741 337 2822 ταύτῃ
352 2747 419 2824 τῇ
442 2739 775 2801 καταστάσει
793 2738 927 2799 πολὺ
946 2743 1050 2798 τῶν
1074 2738 1247 2798 ἄλλων
1276 2735 1627 2816 διενεγκόντας
1639 2781 1657 2812 ,

120 2830 194 2889 καὶ
214 2829 648 2908 Λακεδαιμονίους
663 2827 749 2888 διὰ
765 2833 916 2889 τοῦτο
932 2826 1192 2888 κάλλιστα
1204 2823 1631 2903 πολιτευομένους
1640 2869 1658 2899 ,

1746 2407 1835 2458 tias
1848 2407 2066 2459 laudatas
2083 2421 2215 2471 esse,
2237 2423 2335 2460 nou
2356 2409 2554 2473 quidem
2571 2423 2738 2462 omues
2749 2447 2766 2473 ,
2789 2409 2878 2462 sed
2899 2415 3024 2462 recte
3045 2410 3313 2477 ordinatas,

1742 2525 1901 2576 neque
1919 2512 1970 2563 id
2007 2526 2038 2563 a
2063 2525 2144 2566 me
2177 2514 2360 2564 tactum
2390 2527 2498 2566 esse
2533 2519 2714 2566 temere
2742 2518 2827 2567 aut
2847 2516 3069 2580 fortuito,
3103 2516 3186 2568 sed
3207 2516 3315 2580 jure

1744 2623 1891 2682 atque
1921 2618 2197 2683 prudenter.
2255 2620 2357 2685 (ot)
2394 2623 2515 2672 Nam
2537 2624 2588 2672 et
2607 2623 2810 2685 majores
2845 2628 3034 2674 nostros
3054 2634 3112 2674 ea
3135 2625 3317 2674 ratione

1746 2722 1887 2787 louge
1902 2723 2011 2775 aliis
2033 2725 2339 2790 praestitisse,
2361 2728 2412 2778 et
2429 2726 2897 2778 Laoedoemoniorum
2917 2727 2982 2778 ob
2999 2729 3089 2778 boc
3107 2728 3318 2780 maxime

1746 2827 2091 2892 rempublicam
2122 2830 2227 2881 scio
2261 2830 2462 2892 llorere,
2508 2831 2638 2896 quod
2675 2833 2896 2896 populari
2935 2835 3064 2884 statu
3105 2834 3318 2884 maxime

121 2917 186 2976 ὅτι
229 2919 451 2996 μάλιστα
504 2915 989 2998 δημοκρατούμενοι
1036 2915 1401 2996 τυγχάνωσιν·
1460 2915 1513 2973 ἐν
1555 2910 1659 2993 γὰρ
1680 2900 1725 2967 b
1750 2935 1970 2986 utuntur.
2029 2938 2151 2988 uam
2181 2939 2234 2988 et
2269 2937 2321 2988 iu
2343 2938 2711 3002 magistratuum
2743 2939 2989 2991 creatione
3011 2945 3062 2992 et
3091 2941 3140 2990 in
3163 2940 3319 3004 quou-

121 3010 173 3084 τῇ
192 3010 283 3066 τῶν
307 3008 483 3089 ἀρχῶν
506 3005 709 3087 αἱρέσει
738 3002 831 3065 καὶ
859 3007 937 3085 τῷ
962 3001 1061 3086 βίῳ
1090 3005 1167 3084 vif>
1198 3002 1313 3062 καθ’
1339 2999 1544 3082 ἡμέραν
1571 2999 1663 3059 καὶ

122 3103 209 3160 τοῖς
236 3097 403 3163 ἄλλοις
432 3091 846 3171 ἐπιτηδεύμασιν
883 3090 1081 3169 ἴδοιμεν
1109 3089 1175 3149 ἂν
1215 3094 1343 3171 παρ’
1367 3092 1540 3158 αὐτοῖς
1569 3088 1663 3156 τὰς

66 3197 105 3236 ³⁰
126 3181 335 3255 ἰσότητας
354 3182 444 3244 καὶ
466 3181 564 3250 τὰς
585 3179 898 3261 ὁμοιότητας
917 3177 1168 3256 μᾶλλονῆ
1190 3177 1338 3261 παρὰ
1358 3178 1467 3246 τοῖς
1490 3175 1664 3246 ἄλλοις

125 3271 393 3350 ἰσχυούσας·
424 3262 500 3340 οἷς
516 3274 573 3330 αἱ
602 3269 699 3349 μὲν
722 3267 1022 3349 ὀλιγαρχίαι
1039 3269 1379 3347 πολεμοῦσιν,
1406 3270 1456 3326 οἱ
1486 3265 1541 3326 δὲ
1563 3289 1665 3326 κα-

126 3359 208 3428 λῶς
246 3359 727 3443 δημοκρατούμενοι
765 3359 1105 3419 διατελοῦσιν.
1200 3353 1290 3437 (ω)
1328 3356 1451 3417 Τῶν
1496 3354 1665 3415 τοίνυν

132 3449 277 3506 ἄλλων
315 3449 517 3508 πόλεων
554 3454 673 3513 ταῖς
700 3442 1135 3528 ἐπιφανεστάταις
1159 3442 1251 3502 καὶ
1280 3441 1574 3522 μεγίσταις,
1598 3441 1665 3516 ἢν

1748 3037 1905 3090 dianae
1928 3040 2040 3092 vitm
2056 3041 2403 3093 cousuetudine
2423 3044 2691 3107 ceterisque
2717 3044 2893 3095 studiis
2914 3044 3040 3109 apud
3061 3057 3143 3096 eos
3168 3045 3318 3108 aequi·

1752 3147 1902 3198 tatem
1924 3149 1974 3199 et
1989 3147 2314 3212 aequalitatem
2341 3148 2453 3214 plus
2470 3149 2631 3202 valere
2653 3149 2877 3202 videmus
2899 3165 3045 3216 quam
3077 3151 3206 3216 apud
3241 3165 3318 3202 ce·

1750 3256 1881 3306 teros
1909 3267 2058 3320 :qum
2080 3255 2278 3320 quidem
2316 3256 2535 3308 instituta
2569 3257 2640 3308 uti
2672 3259 2787 3308 sunt
2815 3257 3090 3322 oligarcbiis
3127 3262 3315 3309 contra·

1754 3358 1847 3414 ria,
1884 3359 1956 3410 sic
1987 3359 2040 3411 in
2061 3359 2202 3412 bonis
2239 3360 2544 3413 democratiis
2581 3362 2776 3414 usitata.
2873 3363 2971 3428 (62)
3009 3362 3194 3423 Quodsi
3216 3377 3319 3415 rem

1716 3441 1725 3450 “
1754 3469 1976 3516 secante
1993 3465 2382 3530 perpenderimus
2401 3503 2417 3529 ‚
2433 3466 2713 3518 mummia
2732 3471 2782 3518 et
2799 3467 3023 3518 maximis
3040 3469 3322 3520 civitatibus

129 3535 343 3607 iisdem
394 3538 760 3620 βουληθῶμεν»
814 3532 1101 3616 ῑῦρῆσθμε*
1163 3530 1258 3601 τὰς
1308 3530 1665 3612 δημοκρατίας
1693 3548 1729 3589 ⁰
1750 3561 2068 3613 democretius
2091 3562 2308 3616 utiliores
2329 3563 2599 3627 oligarcbiis
2634 3577 2744 3616 esse
2763 3564 3079 3616 inveniemus.
3129 3567 3322 3618 Etenim

72 3635 111 3676 ³⁵
130 3627 297 3699 μᾶλλον
330 3626 365 3698 ἢ
392 3625 488 3694 τὰς
534 3621 845 3704 ὀλιγαρχίας
874 3619 1259 3702 συμφερούσας·
1300 3617 1414 3678 ἐπεὶ
1442 3617 1533 3677 καὶ
1568 3616 1663 3690 τὴν

130 3713 353 3795 ἡμετέραν
376 3712 671 3786 πολιτείαν,
701 3702 740 3790 ᾗ
762 3709 951 3777 πάντες
973 3712 1300 3787 ἐπιτιμῶσιν,
1329 3707 1394 3779 ἢν
1420 3705 1666 3789 παραὸά·

130 3801 273 3877 λωμεν
317 3802 475 3876 αὐτὴν
518 3800 601 3880 μὴ
636 3799 767 3882 πρὸς
809 3797 905 3870 τὴν
954 3797 1041 3857 ὑπ’
1068 3801 1195 3874 ἐμοῦ
1226 3799 1493 3879 ῥηθεῖσαν,
1528 3793 1666 3853 ἀλλὰ

132 3889 234 3968 πρὸς
250 3889 337 3962 τὴν
357 3891 457 3950 ὑπὸ
479 3893 589 3950 τῶν
617 3885 899 4034 τριάκοντα
926 3894 1291 3960 καταστᾶσαν,
1328 3881 1493 3951 οὐδεὶς
1519 3879 1660 3949 ὅστις

132 3978 207 4034 οὐκ
229 3977 283 4036 ἂν
305 3977 603 4051 θεοποίητον
619 4001 643 4035 ε
666 3999 753 4035 ναι
770 3975 1046 4053 νομίσειεν.

80 4085 117 4124 to
194 4087 251 4126 st.
294 4066 561 4146 Βούλομαι
589 4067 635 4126 δ’
649 4111 665 4138 ,
693 4067 739 4124 εἰ
766 4063 857 4123 καί
893 4062 1023 4130 τινές
1061 4086 1127 4142 με
1156 4060 1409 4145 φήσουσιν
1446 4057 1545 4128 ἔξω
1568 4062 1661 4132 τῆς

1752 3657 1830 3709 vel
1864 3661 2078 3710 ηοω-ιω
2109 3659 2451 3724 rempublicam
2463 3697 2479 3724 ,
2513 3675 2628 3726 quae
2679 3661 2742 3713 ab
2780 3663 3007 3714 omnibus
3035 3663 3323 3728 reprehendi

1755 3755 1906 3818 solet,
1935 3755 1977 3807 si
1994 3756 2266 3808 conseratur
2292 3772 2390 3809 nou
2416 3772 2528 3810 cum
2561 3772 2618 3810 ea
2640 3773 2788 3824 quam
2810 3742 2954 3812 modo
2971 3761 3212 3818 recensui,
3237 3761 3324 3813 sed

1753 3864 1865 3902 cum
1888 3853 1970 3904 illa
1983 3867 2094 3917 quoe
2113 3854 2205 3905 sub
2221 3854 2416 3918 triginta
2427 3856 2670 3920 tyrrannis
2689 3857 2876 3908 exstitit
2893 3895 2912 3922 ,
2929 3871 3073 3909 nemo
3095 3858 3188 3911 erit
3204 3859 3324 3922 quin

1756 3949 1986 4001 divinitus
2005 3963 2111 4002 esse
2129 3949 2302 4002 factam
2324 3953 2599 4006 arbitretur.

1816 4068 1894 4114 63.
1925 4065 2088 4116 Lubet
2104 4067 2268 4116 autem
2286 4066 2416 4130 (licet
2429 4067 2492 4118 ab
2517 4066 2741 4120 instituto
2760 4069 2973 4122 alienum
2993 4070 3146 4122 videri
3161 4073 3326 4136 queat)

137 4155 383 4225 ὑποθέσεως
397 4155 594 4235 λέγειν,
622 4154 858 4226 δηλῶσαι
895 4149 987 4211 καὶ
1014 4152 1230 4211 διελθεῖν
1257 4148 1376 4208 ὅσον
1422 4147 1557 4220 αὕτη
1575 4150 1669 4220 τῆς
1756 4152 2020 4216 significare
2047 4156 2096 4204 et
2119 4168 2521 4218 commemorare,
2543 4162 2780 4220 quantum
2807 4158 2933 4210 inter
2961 4158 3087 4210 hanc
3109 4163 3324 4212 nostram

137 4240 227 4299 τότε
242 4243 518 4321 διήνεγκεν,
530 4241 623 4300 ἵνα
644 4238 826 4319 μηδεὶς
837 4237 1013 4311 οἴηταί
1031 4262 1099 4316 με
1112 4237 1179 4297 τὰ
1196 4235 1290 4314 μὲν
1306 4234 1668 4316 ἁμαρτήματα
1696 4227 1737 4293 d
1762 4243 1814 4293 et
1830 4241 1960 4292 illam
1983 4241 2196 4304 intersit,
2211 4257 2272 4294 ne
2291 4257 2371 4294 me
2384 4244 2495 4308 quis
2513 4245 2758 4296 existimet
2781 4245 2830 4297 in
2848 4247 3012 4311 populi
3030 4247 3201 4299 delicta
3223 4249 3326 4313 qni·

138 4333 207 4385 τοῦ
250 4331 411 4407 δήμου
457 4329 581 4389 λίαν
611 4327 843 4409 ἀκριὸὦς
881 4326 1153 4400 ἐξετάζειν,
1176 4329 1223 4386 εἰ
1268 4323 1326 4384 δέ
1350 4346 1405 4383 τι
1437 4322 1598 4383 καλὸν
1633 4319 1670 4394 ἢ

140 4418 293 4492 σεμνὸν
315 4417 731 4499 διαπέπρακται,
757 4421 927 4476 ταῦτα
946 4415 1003 4475 δὲ
1029 4413 1395 4497 παραλείπειν.
1477 4409 1673 4473 Ἔσται

90 4519 125 4562 ts
142 4500 215 4560 δ’ὁ
238 4503 377 4584 λόγος
393 4503 510 4565 οὔτε
542 4502 739 4584 μακρὸς
761 4501 868 4562 οὔτ’
879 4501 1149 4585 ἀνωφελὴς
1165 4509 1271 4568 τοῖς
1298 4496 1594 4560 ἀκούουσιν.

201 4613 263 4652 st.
301 4591 519 4665 Ἐπειδὴ
567 4590 671 4672 γὰρ
710 4589 805 4659 τὰς
838 4597 962 4658 ναῦς
1000 4589 1096 4659 τὰς
1133 4587 1255 4670 περὶ
1281 4585 1673 4659 Ἑλλήσποντον

145 4679 451 4760 ἀπωλέσαμεν
478 4678 573 4740 καὶ
614 4686 729 4746 ταῖς
756 4680 1049 4760 συμφοραῖς
1079 4677 1299 4746 ἐκείναις
1324 4680 1359 4749 ἦ
1380 4674 1531 4744 πόλις
1572 4698 1673 4734 πε-

149 4764 344 4844 ριέπεσε,
368 4768 444 4837 τίς
471 4769 571 4828 οὐκ
599 4758 704 4827 οἶδε
726 4771 830 4826 τῶν
858 4765 1224 4848 πρεσὸυτέρων
1243 4763 1361 4832 τοὺς
1382 4762 1477 4841 μὲν
1507 4764 1671 4840 δημο-

150 4855 283 4923 τικοὺς
305 4857 653 4936 καλουμένους
677 4854 911 4934 ἑτοίμους
928 4854 1081 4922 ὄντας
1100 4858 1269 4915 ὁτιοῦν
1295 4853 1520 4934 πάσχειν
1542 4851 1674 4934 ὑπὲρ

1759 4329 1869 4382 dem
1890 4330 2034 4381 nimis
2046 4344 2211 4382 severe
2231 4333 2497 4396 inquirere,
2517 4334 2560 4384 si
2581 4334 2698 4398 quid
2719 4337 2882 4386 autem
2903 4337 3130 4401 praeclare
3147 4339 3326 4405 magni·

1762 4417 1944 4482 ticeque
1977 4419 2040 4469 ab
2081 4432 2141 4470 eo
2178 4426 2369 4483 gestum
2409 4421 2501 4486 sit,
2543 4423 2805 4486 praeterire.
2877 4425 2984 4476 Erit
3018 4426 3180 4478 autem
3221 4427 3329 4480 hoec

1762 4507 2152 4560 commemoratio
2173 4521 2330 4573 neque
2345 4509 2487 4573 longa
2505 4523 2594 4560 nec
2611 4510 2798 4562 inutilis
2823 4513 3148 4566 audientibus.

1824 4599 1904 4649 64.
1937 4597 2060 4649 Nam
2097 4611 2251 4661 quum
2283 4597 2490 4650 navibus
2509 4599 2570 4650 ad
2594 4600 2960 4666 Hellespontum
2999 4605 3192 4656 amissis
3221 4606 3329 4657 illas

1760 4720 2030 4785 respublica
2064 4720 2225 4773 clades
2247 4721 2537 4788 accepisset,
2559 4723 2669 4789 quis
2683 4738 2712 4776 e
2724 4728 2842 4777 natu
2863 4725 3125 4791 majoribus
3142 4729 3326 4794 ignorat

1762 4853 1847 4892 eos
1865 4841 1948 4906 qui
1972 4842 2228 4908 populares
2249 4843 2545 4896 vocabantur
2574 4846 2768 4910 quidvis
2791 4849 2973 4912 perpeti
3008 4863 3096 4914 pro
3119 4849 3326 4902 tenenda

95 4967 132 5002 ιι,
150 4947 218 5000 τοῦ
242 4943 307 5020 μὴ
326 4947 489 5005 ποιεῖν
518 4944 583 5004 τὸ
614 4943 1084 5026 προσταττόμενον,
1127 4940 1219 5001 καὶ
1251 4940 1414 5000 δεινὸν
1443 4940 1675 5020 ἡγουμέ-
1698 4963 1733 5005 e
1757 4957 1978 5008 libertate
1993 4956 2140 5009 fuisse
2159 4961 2375 5022 paratos,
2395 4961 2541 5024 atque
2559 4960 2943 5024 indignissimum
2961 4962 3200 5025 iudicasse
3217 4978 3325 5015 eam

152 5049 240 5096 νους
252 5031 377 5101 εἴτις
397 5033 585 5116 ὄψεται
604 5031 699 5106 τὴν
716 5033 869 5092 πόλιν
893 5030 987 5104 τὴν
1006 5035 1110 5090 τῶν
1125 5027 1397 5101 Ἑλλήνων
1424 5027 1674 5110 ἄρξασαν,

156 5115 311 5192 ταύτην
333 5125 409 5204 ὑφ’
438 5120 637 5204 ἑτέροις
674 5112 857 5200 οὖσαν,
883 5119 1001 5187 τοὺς
1029 5117 1083 5179 δὲ
1114 5122 1207 5190 τῆς
1234 5116 1537 5198 ὀλιγαρχίας
1565 5119 1678 5176 ἐπι-

159 5207 447 5278 θυμτξσαντας
490 5209 711 5289 ἑτοίμως
752 5210 844 5269 καὶ
882 5206 951 5267 τὰ
978 5207 1129 5289 τείχη
1168 5210 1546 5289 καθαιροῦντας
1585 5205 1677 5265 καὶ

1762 5073 2026 5138 civitatem,
2043 5089 2152 5139 quae
2174 5076 2357 5128 Graecis
2375 5077 2682 5141 imperasset,
2695 5078 2898 5129 aliorum
2911 5079 3110 5144 imperio
3133 5095 3296 5145 parere
3306 5117 3322 5145 ,

1766 5203 2024 5255 paucorum
2045 5197 2206 5244 autem
2229 5195 2452 5258 potentioe
2469 5193 2825 5260 studiosos-uon
2844 5209 3119 5259 recusasse,
3141 5200 3326 5261 quomi-

162 5287 233 5362 τὴν
256 5295 472 5357 δουλείαν
517 5297 899 5378 {oreophone-:3
938 5295 1033 5379 (σε)
1069 5295 1161 5356 καὶ
1200 5293 1313 5355 τότε
1342 5292 1458 5374 μέν,
1493 5292 1579 5354 ὅτε
1617 5292 1679 5354 τὸ
1765 5325 1859 5363 nus
1880 5315 1931 5363 et
1951 5311 2129 5364 moeuia
2147 5311 2387 5367 diruerent
2407 5313 2520 5367 etin
2543 5314 2823 5368 servitutem
2842 5330 2895 5367 se
2920 5313 3189 5369 traderem?
3222 5318 3324 5384 (65)

314 5413 579 5452 150ῦυῖΕὸ-

3111 5411 3138 5451 7
