3825 5842
540 437 561 488 1
577 438 607 489 5
618 440 649 488 2

530 564 683 637 ἡμεῖς
710 558 845 638 ἔργῳ
870 554 1115 634 μαθόντες
1142 552 1391 634 ἔγνωμεν·
1430 549 1651 619 πολλοὺς
1671 549 1771 632 γὰρ
1800 553 1902 612 τῶν
1933 552 2082 610 πολι-

529 651 632 708 τῶν
654 646 744 706 καὶ
778 644 997 725 ἀγαθοὺς
1018 643 1387 720 ἀπωλέσαμεν,
1413 640 1503 699 καὶ
1536 637 1682 699 αὐτοὶ
1702 637 1802 698 ὑπὸ
1824 641 1926 697 τῶν
1949 636 2086 718 τριά·

532 759 688 796 κοντα
723 733 1067 812 ἐξηλάθημεν.
1152 731 1249 810 (14)
1294 719 1401 790 ’Ἦν
1436 727 1537 810 γὰρ
1566 727 1681 786 ἀντὶ
1729 725 1823 804 μὲν
1868 733 1957 786 τοῦ
1998 726 2085 785 ἐπὶ

447 846 478 887 5
532 823 657 883 δέκα
686 822 871 883 στάδια
898 825 1000 880 τῶν
1022 822 1236 900 μακρῶν
1260 819 1446 897 τειχῶν
1470 816 1656 876 διελεῖν
1680 813 1778 874 ὅλα
1802 813 1870 874 τὰ
1904 815 2085 894 μακρὰ

531 911 679 992 τείχη
706 909 1078 991 κατασκάψαι,
1106 905 1221 966 ἀντὶ
1250 904 1305 965 δὲ
1329 909 1419 965 τοῦ
1450 903 1577 964 ἄλλο
1600 926 1652 963 τι
1674 901 1866 982 ἀγαθὸν
1888 907 1953 982 τῇ
1981 901 2084 961 πό-

530 1001 613 1060 λει
640 997 876 1080 εὑρέσθαι
896 997 987 1064 τάς
1009 1019 1066 1055 τε
1089 999 1212 1061 ναῦς
1246 993 1571 1072 παραδοῦναι
1608 993 1713 1059 τοῖς
1752 992 2086 1069 Λακεδαιμο-

532 1085 655 1153 νίοις
686 1085 854 1144 καὶτὸ
876 1107 943 1143 πε
977 1081 997 1142 ὶ
1023 1081 1111 1141 τὸν
1146 1085 1377 1163 Πειραιᾶ
1401 1088 1570 1162 τεῖχος
1598 1081 1871 1160 περιελεῖν.
1995 1079 2083 1158 (ιο)

530 1171 791 1256 Ὄρῶντες
814 1169 868 1231 δὲ
896 1106 1033 1229 οὗτοι
1052 1171 1097 1228 οἱ
1130 1167 1305 1250 ἄνδρες
1332 1167 1551 1246 ὀνόματι
1580 1165 1675 1246 μὲν
1708 1166 1918 1250 εἰρήνην
1943 1167 2088 1245 λεγο·

535 1260 715 1340 μένην,
741 1265 818 1343 τῷ
842 1259 888 1318 δ’
908 1257 1045 1340 ἔργῳ
1066 1255 1160 1328 τὴν
1182 1255 1535 1338 δημοκρατίαν
1560 1254 1974 1332 καταλυομένην,
1995 1256 2090 1314 οὐκ

538 1350 733 1432 ἔφασαν
778 1347 1051 1428 ἐπιτρέψαι
1090 1351 1256 1405 ταῦτα
1294 1343 1560 1424 γενέσθαι,
1601 1345 1695 1404 οὐκ
1736 1345 2018 1415 ἐλεοῦντες,
2047 1331 2091 1400 ὦ

536 1436 716 1518 ἄνδρες
732 1435 1009 1509 Ἀθηναῖοι,
1035 1431 1102 1492 τὰ
1124 1431 1293 1513 τείχη,
1321 1433 1367 1491 εἰ
1393 1433 1648 1504 πεσεῖται,
1676 1431 1793 1491 οὐδὲ
1817 1429 2092 1508 κηδόμενοι

459 1547 511 1586 ιο
536 1528 639 1583 τῶν
668 1526 826 1595 νηῶν,
867 1525 913 1580 εἰ
954 1517 1387 1598 Λακεδαιμονίοις
1434 1517 1886 1598 παραδοθήσονται
1919 1517 2092 1596 (οῦδὲν

534 1610 635 1692 γὰρ
664 1611 836 1676 αὐτοῖς
862 1606 1057 1666 τούτων
1090 1608 1269 1665 πλεῖον
1290 1603 1327 1677 ἢ
1357 1609 1502 1683 ὑμῶν
1544 1605 1749 1686 ἑκάστῳ
1777 1603 2092 1686 προσῆκεν),

538 1699 624 1780 (ιε)
652 1697 768 1754 ἀλλ’
792 1693 1087 1772 αἰσθόμενοι
1114 1695 1174 1752 ἐκ
1201 1697 1290 1752 τοῦ
1314 1690 1507 1772 τρόπου
1536 1692 1717 1752 τούτου
1748 1692 1809 1751 τὸ
1844 1691 2092 1772 ὑμέτερον

535 1787 730 1856 πλῆθος
769 1780 1293 1860 καταλυθησόμενον,
1338 1779 1447 1839 οὐδ’
1486 1779 1588 1859 (ὥς
1621 1779 1750 1863 φασί
1790 1779 1952 1860 τινες)
1999 1783 2094 1841 οὐκ

536 1873 901 1948 ἐπιθυμοῦντες
959 1868 1165 1948 εἰρήνην
1232 1867 1532 1948 γίγνεσθαι,
1588 1867 1724 1927 ἀλλὰ
1790 1867 2094 1948 βουλόμενοι

538 1956 727 2038 βελτίω
749 1956 942 2028 ταύτης
968 1955 1176 2037 εἰρήνην
1205 1959 1279 2036 τῷ
1304 1955 1457 2035 δήμῳ
1486 1959 1588 2014 τῶν
1614 1955 1895 2029 Ἀθηναίων
1934 1955 2093 2028 ποιή-

536 2049 745 2106 σασθαι.
854 2044 1129 2124 Ἐνόμιζον
1175 2043 1231 2104 δὲ
1274 2043 1613 2118 δυνήσεσθαι,
1645 2044 1735 2103 καὶ
1762 2043 1992 2125 ἔπραξαν
2031 2043 2092 2104 ἂν

537 2139 731 2207 ταῦτα,
758 2136 803 2192 εἰ
829 2132 904 2212 μὴ
929 2136 1016 2192 ὑπ’
1056 2130 1337 2213 Ἀγοράτου
1376 2129 1584 2192 τουτουῒ
1622 2131 1910 2193 ἀπώλοντο.
2002 2134 2090 2212 (17)

465 2241 514 2280 ιο
540 2219 700 2290 Γνοὺς
723 2220 778 2281 δὲ
801 2227 967 2281 ταῦτα
981 2222 1297 2301 Θηραμένης
1316 2220 1407 2280 καὶ
1431 2223 1479 2281 οἱ
1496 2221 1643 2280 ἄλλοι
1663 2226 1710 2280 οἱ
1734 2219 2094 2281 ἐπιδουλεύον-

536 2333 619 2377 τες
647 2313 791 2388 ὑμῖν,
815 2307 895 2370 ὅτι
922 2311 1022 2368 εἶσί
1049 2333 1181 2377 τινες
1221 2307 1270 2369 οἳ
1294 2307 1587 2368 κωλύσουσι
1613 2309 1700 2370 τὸν
1739 2311 1904 2388 δῆμον
1928 2333 2093 2369 κατα-

535 2399 753 2470 λυθῆναι
775 2398 865 2458 καὶ
890 2397 1283 2458 ἐναντιώσονται
1301 2395 1529 2476 περὶτῆς
1549 2397 1861 2477 ἐλευθερίας,
1880 2396 2094 2470 εἵλοντο,

538 2485 656 2566 πρὶν
677 2484 773 2558 τὴν
794 2485 1074 2558 ἐκκλησίαν
1095 2483 1188 2556 τὴν
1212 2483 1440 2565 περὶτῆς
1464 2484 1666 2566 εἰρήνης
1684 2484 1920 2564 γενέσθαι
1937 2530 1955 2562 ,
1976 2485 2095 2544 τού-

536 2597 653 2642 τους
672 2577 876 2656 πρῶτον
896 2577 967 2640 εἰς
990 2571 1235 2640 διαὸολδις
1253 2572 1343 2632 καὶ
1362 2572 1619 2641 κινδύνους
1638 2577 1986 2646 καταστῆσαι,
2009 2571 2094 2632 ἵνα

543 2662 723 2739 μηδεὶς
750 2664 856 2722 ἐκεῖ
882 2660 1009 2742 ὑπὲρ
1033 2667 1125 2721 τοῦ
1146 2663 1393 2742 ὑμετέρου
1415 2661 1640 2734 πλήθους
1670 2662 1942 2740 ἀντιλέγοι.
2003 2663 2094 2742 (113)

540 2748 864 2823 Ἐπιὸουλὴν
904 2739 993 2808 οῦν
1039 2747 1284 2822 τοιαύτην
1335 2748 1745 2808 ἐπιὸουλεύουσι.
1852 2748 2099 2809 Πείθουσι

461 2851 515 2892 2⁰
543 2835 647 2920 γὰρ
671 2836 944 2918 Ἀγόρατον
966 2836 1169 2896 τουτονὶ
1214 2833 1447 2913 μηνυτὴν
1476 2834 1619 2894 κατὰ
1646 2838 1750 2894 τῶν
1792 2839 2097 2915 στρατηγῶν

539 2925 629 2986 καὶ
657 2929 762 2984 τῶν
792 2923 1088 3005 ταξιάρχων
1123 2922 1381 3003 γενέσθαι,
1406 2926 1464 2984 οὗ
1489 2922 1751 2992 ξυνειδότα
1786 2924 2015 2999 ἐκείνοις,
2053 2913 2098 2983 ὦ

540 3013 721 3092 ἄνδρες
760 3013 1035 3088 Ἀθηναῖοι,
1060 3011 1203 3072 οὐδέν
1233 3013 1319 3090 (οὗ
1364 3011 1465 3093 γὰρ
1506 3011 1672 3085 δήπου
1714 3015 1901 3072 ἐκεῖνοι
1940 3012 2100 3080 οὕτως

540 3099 749 3174 ἀνόητοι
782 3091 917 3174 ἦσαν
960 3098 1051 3160 καὶ
1094 3100 1297 3182 ἄφιλοι,
1338 3100 1475 3159 ὥστε
1505 3098 1626 3180 περὶ
1674 3097 1990 3172 τηλικούτων
2037 3098 2098 3159 ἂν

538 3188 868 3272 πραγμάτων
895 3188 1207 3270 πράττοντες
1248 3185 1524 3270 Ἀγόρατον
1570 3190 1640 3256 ὣς
1667 3186 1850 3246 πιστὸν
1885 3187 1978 3246 καὶ
2011 3187 2101 3247 εὕ-

540 3299 675 3350 νουν,
704 3279 883 3336 δοῦλον
906 3277 998 3335 καὶ
1037 3278 1096 3335 ἐκ
1124 3275 1325 3335 δούλων
1356 3275 1502 3354 ὄντα,
1525 3275 1953 3357 παρεκάλεσαν),
1983 3277 2098 3334 ἀλλ’

542 3363 707 3425 ἐδόκει
720 3365 892 3431 αὐτοῖς
909 3356 1052 3429 οὗτος
1066 3365 1352 3436 ἐπιτήδειος
1368 3355 1499 3423 εἶναι
1518 3363 1767 3443 μηνυτής.
1798 3366 1891 3442 (ιν)
1909 3363 2102 3425 Ἐδού-

540 3453 691 3512 λοντο
710 3442 798 3511 οῦν
827 3451 1019 3511 ἄκοντα
1042 3452 1210 3510 δοκεῖν
1240 3451 1391 3510 αὐτὸν
1429 3451 1521 3511 καὶ
1552 3451 1627 3529 μὴ
1652 3451 1833 3510 ἑκόντα
1858 3451 2094 3528 μηνύειν,

462 3555 516 3595 25
541 3538 681 3608 ὅπως
707 3539 987 3620 πιστότερα
1011 3540 1132 3614 ὑμῖν
1161 3537 1513 3618 ὑποφαίνοιτο.
1602 3537 1701 3605 Ὣς
1728 3537 1782 3596 δὲ
1812 3538 1946 3597 ἑκὼν
1968 3540 2099 3616 ἐμή-

540 3651 691 3701 νυσε,
733 3627 823 3686 καὶ
868 3630 1003 3703 ὑμᾶς
1029 3617 1178 3706 οἶμαι
1206 3629 1265 3687 ἐκ
1298 3629 1399 3686 τῶν
1431 3627 1811 3708 πεπραγμένων
1849 3627 2098 3700 αἰσθήσε-

542 3721 679 3776 σθαι.
762 3714 1124 3790 Ἐκπέμπουσι
1158 3714 1261 3794 γὰρ
1280 3715 1353 3782 εἷς
1379 3711 1474 3785 τὴν
1518 3711 1709 3792 βουλὴν
1731 3711 1826 3785 τὴν
1868 3713 1971 3794 πρὸ
1997 3717 2100 3773 τῶν

540 3801 816 3883 τριάκοντα
847 3801 1195 3881 βουλεύουσαν
1223 3801 1505 3882 Θεόκριτον
1548 3801 1635 3860 τὸν
1672 3805 1763 3860 τοῦ
1792 3798 1929 3862 Ἐλα
1970 3800 2102 3861 οστί-

542 3913 664 3950 κτου
692 3889 1025 3968 καλούμενον·
1054 3895 1083 3949 ὁ
1110 3889 1165 3950 δὲ
1201 3888 1483 3970 Θεόκριτος
1512 3879 1657 3956 οὗτος
1681 3889 1879 3969 ἑταῖρος
1958 3912 1983 3946 ν
2025 3892 2102 3970 τῷ

542 3977 801 4061 Ἀγοράτῳ
850 3977 943 4038 καὶ
990 3977 1293 4051 ἐπιτήδειος.
1406 3977 1495 4060 (20)
1533 3976 1607 4038 ‘H
1642 3974 1698 4036 δὲ
1740 3975 1901 4056 βουλὴ
1931 3981 1966 4049 ἡ
1995 3975 2097 4057 πρὸ

540 4070 642 4126 τῶν
682 4066 959 4147 τριάκοντα
1004 4065 1323 4147 βουλεύουσα
1352 4064 1629 4147 διέφθαρτο
1672 4064 1765 4124 καὶ
1792 4065 2097 4146 ὀλιγαρχίας

542 4155 807 4232 ἐπεθύμει,
835 4159 907 4223 ὣς
947 4154 1084 4232 ἴστε,
1113 4154 1367 4232 μάλιστα.
1448 4153 1749 4234 Τεκμήριον
1791 4151 1864 4211 δέ·
1908 4155 1958 4212 οἱ
1999 4151 2100 4234 γὰρ

466 4263 519 4305 ao
541 4241 727 4301 πολλοὶ
753 4243 807 4312 ἐξ
829 4243 1027 4315 ἐκείνης
1050 4247 1144 4314 τῆς
1176 4246 1367 4324 βουλῆς
1398 4241 1495 4316 τὴν
1530 4241 1748 4323 ὑστέραν
1784 4239 1974 4323 βουλὴν
2004 4240 2100 4314 τὴν

542 4326 629 4387 ἐπὶ
656 4333 757 4388 τῶν
786 4330 1067 4410 τριάκοντα
1113 4329 1407 4393 ἐδούλευον.
1488 4333 1595 4391 Τοῦ
1647 4329 1692 4388 δ’
1738 4329 1890 4390 ἕνεκα
1931 4333 2098 4390 ταῦτα

540 4413 681 4496 λέγω
707 4419 827 4491 ὑμῖν
850 4436 867 4494 ;
892 4416 958 4475 ἵν’
986 4420 1156 4490 εἰδῆτε
1184 4417 1262 4478 ὅτι
1283 4418 1351 4478 τὰ
1388 4417 1700 4500 ψηφίσματα
1724 4417 1791 4477 τὰ
1822 4416 1875 4486 ἐξ
1903 4416 2100 4490 ἐκείνης

542 4508 634 4575 τῆς
661 4505 848 4583 βουλῆς
874 4507 969 4564 οὐκ
996 4507 1080 4563 ε’π’
1106 4506 1277 4586 εὐνοίᾳ
1304 4511 1370 4586 τῇ
1394 4505 1619 4587 ὑμετέρᾳ
1635 4551 1652 4584 ,
1678 4506 1795 4563 ἀλλ’
1818 4504 1903 4564 ἐπὶ
1932 4528 2095 4565 κατα·

543 4589 689 4650 λύσει
712 4597 801 4650 τοῦ
822 4591 991 4668 δήμου
1019 4599 1109 4652 τοῦ
1135 4592 1385 4674 ὑμετέρου
1417 4591 1628 4652 ἅπαντα
1646 4592 1879 4670 ἐλέγετο,
1908 4592 2000 4651 καὶ
2028 4597 2097 4661 ὣς

542 4677 788 4746 τοιούτοις
816 4669 957 4739 οῦσιν
987 4683 1157 4748 αὐτοῖς
1182 4679 1269 4742 τὸν
1305 4685 1422 4740 νοῦν
1449 4679 1759 4762 προσέχητε.
1847 4681 1937 4760 (21)
1958 4683 2096 4740 Εἰσ-

544 4763 705 4826 ελθὼν
740 4764 796 4824 δὲ
824 4768 895 4834 εἰς
920 4765 1117 4839 ταύτην
1142 4767 1234 4840 τὴν
1266 4765 1455 4848 βουλὴν
1482 4771 1537 4829 ἐν
1571 4766 1853 4849 ἀπορρήτῳ
1874 4765 2096 4848 Θεόκρι-

541 4877 625 4921 τος
654 4849 838 4932 μηνύει
876 4851 955 4913 &t
997 4853 1335 4934 συλλέγονταί
1370 4878 1505 4923 τινες
1541 4855 1966 4931 ἐναντιωσόμενοι
1992 4860 2097 4924 τοῖς

459 4973 513 5011 35
542 4941 658 5001 τότε
683 4941 1078 5019 καθισταμένοις
1114 4943 1409 5023 πράγμασι.
1492 4940 1578 5004 Τὰ
1614 4940 1709 5020 μὲν
1735 4932 1824 5002 οὖν
1861 4940 2094 5020 ὀνόματα

542 5031 635 5089 οὐκ
662 5027 759 5112 ἔφη
788 5031 959 5089 αὐτῶν
983 5032 1115 5112 ἐρεῖν
1139 5029 1257 5090 καθ’
1276 5027 1513 5092 ἕκαστον·
1542 5030 1722 5112 ὅρκους
1748 5054 1805 5090 τε
1825 5029 1928 5110 γὰρ
1953 5032 2092 5107 ὀμω-

542 5117 759 5194 μοκέναι
802 5116 921 5187 τοὺς
964 5116 1151 5187 αὐτοὺς
1200 5117 1438 5192 ἐκείνοις,
1488 5118 1579 5179 καὶ
1623 5105 1753 5177 εἶναι
1806 5121 2006 5200 ἑτέρους
2045 5116 2095 5176 οἳ

544 5212 715 5289 ἐροῦσι
759 5206 827 5266 τὰ
872 5208 1135 5286 ὀνόματα,
1162 5207 1314 5276 αὐτὸς
1354 5205 1409 5269 δὲ
1449 5209 1543 5270 οὔκ
1588 5206 1651 5266 ἄν
1700 5217 1825 5266 ποτε
1876 5211 2094 5278 ποιῆσαι

1602 418 1889 484 Armet·
1922 418 1973 479 0
2009 419 2217 480 ΚΑΤΑ
2259 416 2682 480 ΑΓΟΡΑΤΟΥ.

3703 5 3718 150 1

3715 155 3719 260 ¹

3425 419 3661 504 (ιω-ω)
3721 376 3723 458 ¹

2175 559 2465 622 reportavit,
2499 557 2666 622 quales
2703 569 2795 608 nos
2827 569 2882 609 re
2913 557 3017 622 ipsa
3033 557 3220 622 experti
3237 557 3466 610 novimus.
3523 564 3669 614 Multos

2173 659 2302 706 enim
2325 654 2482 716 cives,
2507 655 2556 704 et
2572 666 2688 705 sane
2703 653 2939 717 optimos,
2966 653 3241 718 amisimus,
3261 654 3439 718 ipsique
3452 669 3481 705 a
3495 656 3671 720 triginta·

2175 750 2288 800 viris
2311 762 2478 800 snmus
2511 748 2715 814 expulsi.
2781 751 2880 813 (14)
2899 752 3062 814 Longa
3079 750 3261 802 scilicet
3279 751 3474 814 moenia,
3489 754 3674 816 uoniam

2173 845 2235 896 ad
2252 845 2406 897 stadia
2417 845 2602 910 decem,
2621 845 2708 896 sed
2727 845 2830 896 tota
2853 847 2990 897 erant
3007 846 3268 911 diruenda3
3290 848 3433 910 atque
3449 847 3556 898 illud
3573 849 3677 910 quid-

2173 941 2304 1006 piam
2317 941 2434 992 boni
2471 941 2748 1005 reipublic&
2773 941 3106 1006 proestandum
3119 979 3134 1004 ,
3161 954 3222 992 eo
3249 941 3471 992 tendebat
3489 943 3540 992 ut
3562 956 3681 994 naves

2175 1035 2476 1087 traderentur
2522 1035 2920 1100 ueedaemonits,
2951 1037 3003 1087 et
3043 1035 3317 1088 dirueretur
3361 1037 3517 1088 Piraeei
3557 1038 3682 1088 muni·

2175 1131 2410 1183 mentum.
2472 1131 2570 1192 (15)
2606 1131 2678 1182 tbi
2727 1131 2797 1181 illi
2838 1131 2932 1181 viri
2967 1131 3304 1196 perspicientes
3337 1145 3497 1196 pacem
3523 1133 3684 1196 quidem

2177 1227 2371 1278 nomine
2395 1227 2622 1292 proponi,
2649 1241 2704 1278 re
2732 1229 2896 1278 antem
2937 1241 3051 1278 vera
3086 1228 3392 1280 democratioe
3407 1229 3686 1292 eversionem,
3735 1241 3737 1244 ⁴

2179 1323 2334 1388 palam
2359 1323 2742 1387 pronunciabant
2753 1337 2805 1374 se
2822 1337 2922 1374 non
2939 1323 3047 1375 haec
3063 1324 3132 1375 ita
3151 1324 3254 1375 tleri
3273 1323 3594 1388 permissuros,
3613 1339 3688 1374 non

2179 1418 2325 1481 adeo,
2349 1417 2680 1482 Athenienses,
2701 1418 2836 1483 qnod
2855 1419 2984 1483 ipsos
3003 1419 3240 1470 moenium
3271 1418 3594 1470 diruendorum
3617 1418 3690 1468 mi·

2180 1515 2466 1579 seresceret,
2482 1513 2560 1566 vel
2577 1513 2711 1579 quod
2731 1527 2882 1566 naves
2905 1517 3128 1566 curarent
3145 1514 3514 1566 Lacedaemoniis
3531 1515 3691 1566 traden-
3741 1567 3743 1574 ,

2182 1609 2268 1660 das
2287 1610 2470 1674 (neque
2485 1609 2612 1660 enim
2637 1611 2791 1674 major
2806 1623 2918 1674 pars
2933 1611 3108 1661 horum
3125 1610 3189 1660 ad
3205 1611 3333 1675 ipsos
3345 1611 3562 1674 pertinuit
3577 1624 3693 1674 quam
3736 1575 3746 1646 Ῑ

2183 1703 2244 1752 ad
2265 1716 2662 1768 unumquemque
2696 1705 2961 1768 vostrum),
2991 1703 3094 1768 (16)
3127 1718 3274 1768 quam
3309 1705 3438 1770 quod
3461 1705 3533 1756 his
3550 1705 3698 1754 artibus

2182 1795 2524 1846 democratiam
2543 1795 2692 1847 everti
2717 1798 3072 1860 praesenserunt
3084 1814 3100 1860 ;
3115 1809 3272 1860 neque
3286 1833 3302 1859 ,
3329 1799 3386 1847 ut
3407 1797 3604 1847 nonnulli
3625 1795 3696 1845 cla·

2183 1883 2380 1951 mitent,
2405 1879 2535 1951 quod
2553 1889 2738 1940 animos
2757 1889 3014 1940 habuerint
3046 1903 3076 1941 a
3105 1903 3224 1952 pace
3243 1891 3458 1955 alienos,
3489 1891 3568 1942 sed
3594 1889 3699 1954 quod

2183 1984 2445 2050 aequiorem
2466 1984 2563 2035 hac
2593 1997 2760 2048 pacem
2789 1985 2972 2058 populo
2990 1986 3354 2037 Atheniensium
3386 1987 3609 2051 optarent.
3659 1985 3700 2036 ld

2185 2083 2348 2132 autem
2366 2095 2418 2132 se
2435 2087 2662 2145 praestare
2681 2094 2820 2145 posse
2836 2081 3213 2144 arbitrabantur,
3235 2083 3288 2134 et
3305 2097 3360 2134 re
3371 2082 3471 2147 ipsa
3495 2083 3702 2146 prestitis-

2183 2177 2288 2227 sent
2305 2214 2320 2239 ,
2340 2177 2390 2228 ni
2403 2177 2466 2227 ab
2489 2178 2700 2240 Agorato
2723 2177 2922 2229 inissent
2935 2177 3226 2241 interempti.
3297 2179 3399 2242 (17)
3425 2181 3508 2230 His
3523 2178 3702 2242 cognitu,

2183 2272 2505 2323 Theramenes
2536 2271 2781 2335 ceterique
2811 2271 2949 2322 vobis
2971 2271 3246 2323 insidiantes
3269 2311 3282 2334 ,
3317 2287 3421 2326 esse
3441 2275 3650 2325 nimirum
3668 2276 3706 2323 in

2183 2371 2380 2422 civitate
2397 2371 2481 2435 qui
2503 2372 2785 2436 popularem
2807 2373 2988 2422 statum
3024 2371 3308 2424 labefactari
3333 2387 3432 2425 non
3459 2375 3650 2425 sinerent
3671 2376 3706 2423 et

2185 2465 2429 2517 communi
2448 2465 2655 2517 libertati
2674 2466 3110 2530 patrocinarentur,
3125 2469 3406 2520 statuerunt
3421 2469 3509 2520 hos
3521 2471 3564 2519 in
3581 2469 3710 2519 crimi-

2184 2562 2401 2611 nationes
2421 2562 2472 2612 et
2495 2561 2706 2624 pericula
2741 2561 2982 2612 adducere
2995 2599 3010 2624 ,
3047 2561 3330 2626 priusquam
3365 2565 3429 2615 de
3443 2579 3554 2629 paee
3573 2563 3711 2614 concio

2185 2655 2461 2719 haberetur,
2481 2659 2539 2706 ut
2565 2655 2662 2706 illic
2699 2656 2866 2706 nullus
2897 2671 2985 2720 pro
3026 2657 3184 2708 salute
3217 2657 3401 2709 civium
3425 2660 3564 2710 verba
3589 2661 3714 2709 t'aoere

2187 2752 2360 2814 posset.
2427 2750 2527 2812 (18)
2564 2749 2705 2801 Tales
2739 2749 2886 2813 igitur
2921 2750 3116 2803 insidias
3145 2753 3362 2804 struunt.
3461 2755 3716 2806 Persuadent

2189 2848 2392 2908 Agorato
2409 2847 2464 2896 ut
2479 2845 2758 2897 militarium
2775 2847 3113 2908 praefectorum
3127 2847 3314 2899 delator
3331 2851 3466 2902 fleret
3483 2865 3594 2901 :non
3609 2849 3715 2913 quod

2187 2941 2310 2990 esset
2347 2951 2460 2989 cum
2491 2937 2594 2989 istis
2631 2939 2941 2990 consiliorum
2971 2941 3210 3005 particeps
3242 2943 3440 3008 (neque
3465 2945 3586 2995 enim
3607 2945 3718 2994 erant

2186 3031 2307 3082 adeo
2327 3031 2406 3082 vel
2435 3032 2609 3082 mentis
2639 3032 2718 3082 vel
2741 3030 3008 3084 amicorum
3036 3033 3228 3096 inopes,
3257 3035 3320 3085 nt
3351 3033 3416 3086 de
3439 3035 3578 3086 tantis
3605 3034 3719 3085 rebus

2188 3125 2405 3187 agenta,
2439 3125 2700 3187 Agoratum
2731 3124 2781 3175 in
2807 3124 3198 3176 communionem
3225 3139 3396 3178 rernm
3431 3141 3464 3178 a
3495 3142 3546 3179 se
3577 3141 3718 3190 geren-

2188 3219 2360 3269 darum
2382 3219 2519 3282 qnasi
2543 3218 2696 3269 fidum
2725 3222 2774 3270 et
2811 3219 3176 3272 benevolentem
3207 3223 3529 3286 asciscerent,
3555 3236 3720 3274 serrum

2189 3317 2238 3365 et
2258 3313 2416 3366 servili
2431 3313 2537 3364 loco
2557 3314 2752 3376 natum)
2766 3331 2781 3376 3
2795 3315 2879 3366 sed
2900 3315 2990 3368 iste
3007 3315 3262 3367 videbatur
3288 3317 3407 3382 ipsis
3428 3319 3491 3370 ad
3522 3318 3609 3368 hoc
3631 3331 3720 3366 mu·

2190 3425 2280 3462 nus
2300 3410 2518 3462 idoneus.
2585 3410 2687 3474 (19)
2720 3409 2990 3461 Voluerunt
3009 3409 3156 3472 igitur
3187 3409 3338 3474 hujus
3360 3410 3534 3462 indicia
3556 3411 3722 3460 minime

2189 3511 2460 3562 voluntaria
2491 3510 2670 3572 videri,
2705 3508 2788 3560 sed
2827 3510 2890 3560 ab
2937 3509 3092 3561 invito
3129 3511 3320 3562 extorta
3337 3549 3352 3574 ,
3387 3525 3487 3575 quo
3521 3510 3720 3573 majorem

2190 3605 2317 3668 apud
2368 3619 2457 3656 vos
2505 3605 2648 3654 tidem
2693 3604 3063 3654 nancisceretur.
3141 3603 3286 3666 Atqui
3327 3605 3479 3657 fuisse
3523 3605 3722 3655 volunta-

2191 3698 2261 3747 ria
2296 3697 2502 3754 indicia.
2525 3697 2668 3748 credo
2697 3711 2784 3760 ego
2810 3710 2898 3747 vos
2923 3711 2986 3746 ex
3017 3697 3076 3746 iis
3107 3710 3218 3759 qum
3243 3699 3381 3759 gesta
3413 3700 3527 3748 sunt
3555 3709 3724 3761 persen·

2190 3801 2342 3839 suros.
2407 3788 2479 3838 Ad
2521 3791 2743 3838 senatum
2765 3787 2902 3838 illum
2933 3789 3017 3852 qui
3037 3789 3259 3852 proxime
3287 3793 3406 3842 ante
3431 3789 3725 3856 trigintaviros

2189 3883 2472 3944 exsistebat,
2493 3883 2801 3933 Theocritum
2818 3882 3060 3945 quendam
3093 3883 3294 3935 mittunt
3325 3883 3413 3949 qni
3444 3881 3724 3948 Elaphosticti

2190 3976 2318 4026 filius
2347 3975 2596 4026 dicebatur
2622 3991 2634 4024 :
2665 3975 2747 4039 qui
2767 3975 2960 4038 quidem
2981 3977 3266 4028 Theocritus
3286 3977 3384 4029 suit
3411 3993 3525 4029 cnm
3549 3979 3726 4041 Agorato

2189 4084 2378 4122 summa
2403 4069 2720 4120 familiaritate
2753 4071 3057 4132 coniunctus.
3121 4071 3226 4134 (20)
3253 4073 3464 4124 Senatus
3483 4075 3636 4122 autem
3659 4070 3727 4120 ilie

2187 4165 2300 4214 ante
2319 4163 2641 4226 trigintaviros
2664 4162 2898 4213 exsistens
2923 4165 3178 4226 corruptus
3207 4166 3342 4227 erat,
3362 4164 3416 4216 et
3445 4163 3726 4228 oligarchiam

2189 4263 2446 4328 appetebat
2467 4263 2704 4325 maxime,
2737 4263 2793 4312 ut
2811 4261 2898 4326 ipsi
2923 4275 3052 4313 nunc
3071 4262 3220 4314 scitis.
3303 4263 3460 4327 Cujus
3478 4262 3544 4314 rei
3563 4265 3650 4312 hoc
3667 4263 3726 4311 est

2187 4365 2522 4427 argumentum
2535 4401 2550 4426 ,
2569 4361 2702 4427 quod
2721 4375 2785 4414 ex
2805 4361 2887 4412 illo
2903 4361 3072 4412 senatu
3092 4359 3446 4424 quamplurimi
3465 4361 3515 4412 in
3535 4361 3726 4412 senatum

2185 4468 2270 4527 qul
2288 4465 2451 4528 postea
2466 4461 2558 4512 sub
2577 4459 2890 4524 trigintaviris
2905 4458 3090 4512 exstitit
3106 4497 3125 4523 ,
3147 4460 3328 4510 met-int
3345 4460 3562 4524 ascripti.
3589 4463 3728 4517 Quare

2186 4559 2349 4608 autem
2376 4557 2483 4607 boec
2502 4555 2642 4606 dico?
2673 4557 2731 4606 ut
2757 4567 2930 4618 nempe
2953 4553 3225 4617 intelligam
3241 4553 3372 4604 illius
3389 4555 3587 4604 senatus
3613 4551 3728 4601 nulla

2185 4655 2377 4704 decreta
2399 4667 2456 4704 ex
2477 4651 2639 4702 studio
2663 4653 2712 4701 in
2739 4664 2850 4711 vos,
2869 4649 2954 4701 sed
2971 4649 3036 4700 ad
3065 4647 3470 4713 pessumdandam
3491 4645 3729 4709 rempubli-

2187 4761 2294 4797 cam
2309 4745 2521 4810 proIecta
2533 4757 2652 4806 esse,
2671 4745 2718 4794 et
2737 4746 2792 4793 ut
2806 4755 2893 4806 pro
2911 4741 3090 4792 talibus
3101 4754 3159 4792 ea
3173 4739 3402 4792 habentes
3420 4754 3508 4792 vos
3520 4738 3730 4790 delibera·

2185 4840 2366 4890 tionem
2383 4838 2659 4888 instituatis.
2695 4836 2794 4900 (21)
2818 4835 2892 4886 Ad
2910 4835 3042 4885 hunc
3059 4833 3201 4898 igitur
3227 4847 3504 4898 progressus
3527 4830 3730 4886 Theocri-

2183 4939 2264 4989 tus
2276 4933 2532 4983 denunciat
2549 4933 2732 4982 secreto
2755 4929 2989 4993 quosdam
3016 4929 3270 4979 convenire
3293 4941 3368 4979 ros
3391 4923 3734 4978 constituendas

2183 5027 2513 5091 impedituros.
2545 5028 2726 5075 Eorum
2738 5021 2936 5073 nomina
2950 5025 3092 5086 negat
3103 5036 3156 5074 se
3167 5021 3469 5086 prolaturum
3479 5058 3498 5084 ,
3516 5017 3732 5084 siquidem

2183 5120 2350 5171 eodem
2368 5122 2514 5182 atque
2534 5118 2600 5169 ilii
2619 5118 2919 5168 sacramento
2937 5115 3225 5168 constrictus
3241 5115 3340 5180 ipse
3358 5115 3627 5173 teneretur;
3643 5122 3732 5161 esse

2181 5219 2344 5266 autem
2370 5214 2486 5264 alios
2509 5213 2592 5280 qui
2624 5213 2992 5276 eaproterrent,
3019 5214 3072 5262 at
3093 5211 3144 5262 id
3173 5225 3226 5262 se
3259 5211 3392 5262 nullo
3412 5208 3562 5259 modo
3581 5205 3722 5256 tactu·
