3825 5842
150 502 389 577 (rh-2⁹⁹)

902 497 1075 559 ISAEI
1118 497 1241 559 ΟΒ.
1288 498 1389 559 DE
1430 498 1753 561 HAGMAE
1798 500 2301 561 HEREDITATE.

3177 508 3286 563 an

151 630 275 695 μναῖς
299 625 489 687 ἐλάττω
514 627 614 684 τῶν
642 628 729 685 τοῦ
758 624 960 693 παιδός.
1047 626 1149 707 (45)
1178 626 1343 706 Κάγὼ
1372 628 1467 707 μὲν
1497 631 1655 710 ἐγκα-
1740 644 1887 700 quam
1904 638 2072 702 pupilli
2089 649 2166 687 res
2183 634 2427 686 lhmillaris
2447 634 2535 685 est.
2601 620 2700 699 (45)
2719 634 2780 685 Et
2801 633 2851 685 ln
2871 634 2946 685 his
2963 634 3075 699 ipsis
3092 639 3294 701 comple-

148 714 445 795 ταλογίζομαι
486 712 573 771 καὶ
617 710 684 771 τὰ
727 718 817 771 τοῦ
871 712 1003 782 υἱέος
1043 720 1132 775 τοῦ
1177 716 1533 787 ἐκποιηθέντος
1586 719 1657 782 εἷς

149 804 429 881 ταῦτα,τᾶς
442 806 532 860 τοῦ
550 801 731 869 παιδὸς
754 799 809 859 δὲ
828 804 883 861 οὗ
908 826 949 860 π
984 801 1204 875 οσίθηκα
1233 803 1328 875 τὴν
1354 809 1657 887 emptam<

147 892 313 963 οὐσίαν,
338 888 474 948 πένθ’
504 888 870 967 ἡμιταλάντων
900 912 1077 964 ουσαν,
1102 892 1182 972 ἐφ’
1202 882 1239 971 ᾗ
1258 892 1540 965 ἐποιήσατο
1560 890 1656 965 τὴν

149 978 339 1057 ἀδελφὴν
368 980 548 1037 αὐτοῦ·
576 976 763 1059 ῥαδίως
789 978 890 1058 γὰρ
920 976 983 1037 ἂν
1022 978 1246 1060 εὑρεθείη
1272 978 1361 1037 καὶ
1401 978 1537 1038 ὀκτὼ
1564 1004 1657 1039 τα·

149 1067 316 1126 λάντων
342 1070 367 1125 ὁ
400 1065 595 1126 τούτων
632 1056 793 1135 οἶκος·
822 1068 939 1125 ἀλλ’
968 1069 1139 1125 ἐκεῖνα
1184 1067 1448 1147 ἀφῄρηται
1474 1067 1655 1148 χωρίς.

92 1178 127 1213 ιο
152 1156 225 1231 (ιο)
253 1154 417 1229 Κάμοὶ
446 1152 541 1231 μὲν
569 1156 597 1211 ὁ
635 1156 823 1234 κλῆρος
866 1152 921 1212 ὃν
950 1152 1151 1233 Ἁγνίας
1186 1152 1482 1228 κατέλιπεν,
1516 1148 1660 1223 οὗτος

150 1244 267 1299 οὔπω
294 1240 489 1321 βέὸαιός
516 1244 651 1301 ἐστι·
678 1240 817 1300 δίκαι
840 1242 941 1321 γὰρ
972 1241 1277 1310 ἐνεστήκασι
1300 1243 1661 1323 ψευδομαρτυ-

152 1334 267 1409 ριῶν,
290 1329 477 1387 κελεύει
500 1332 546 1387 δ’
570 1333 599 1387 ὁ
624 1329 803 1407 νόμος,
826 1330 915 1388 ἐὰν
938 1330 1049 1409 ἇλῷ
1072 1352 1148 1397 τις
1173 1333 1276 1388 τῶν
1302 1332 1659 1411 ψευδομαρτυ-

152 1420 267 1517 pfl),
290 1418 440 1475 πάλιν
468 1416 521 1485 ἐξ
558 1420 725 1496 ἀρχῆς
756 1407 888 1475 εἶναι
910 1416 1031 1497 περὶ
1054 1419 1225 1476 αὐτῶν
1256 1415 1348 1483 τὰς
1375 1416 1567 1489 λήξεις·
1594 1415 1659 1475 τὰ

150 1501 193 1561 δὲ
214 1511 289 1563 τοῦ
320 1505 494 1573 παιδὸς
520 1503 901 1583 ὡμολογημένα
924 1504 1014 1563 καὶ
1039 1503 1476 1587 ἀναμφισὸήτητα
1498 1527 1659 1564 κατα·

148 1586 325 1649 λέλοιπε
344 1593 693 1672 Στρατοκλῆς.
774 1590 903 1651 Ὅτι
931 1592 987 1651 δὲ
1012 1590 1239 1651 τοσαῦτά
1263 1594 1375 1651 ἐστι
1400 1592 1545 1671 τάμὰ
1567 1591 1659 1652 σὺν

148 1682 231 1745 τοῖς
267 1684 349 1737 τοῦ
387 1679 663 1750 ἐκποιήτου
702 1678 867 1759 υἱέος,
910 1678 997 1739 καὶ
1052 1682 1509 1763 ψευδομαρτυριῶν
1553 1683 1661 1739 ἕνέ-

151 1774 275 1824 etam
304 1766 435 1826 δίκαι
460 1766 582 1849 περὶ
608 1770 711 1825 τῶν
741 1764 969 1846 Ἁγνίου,
987 1766 1120 1827 λαὸὲ
1148 1766 1241 1835 τὰς
1265 1767 1549 1850 μαρτυρίας
1572 1768 1661 1827 καὶ

150 1853 377 1933 ἀνάγνωθι.

700 1998 1063 2047 ΜΑΡἸὙΡῙΔῙ.

88 2136 139 2186 39
212 2143 269 2185 47.
305 2117 429 2205 Ἆρα
458 2122 625 2205 μικρὰ
661 2122 729 2183 τὰ
767 2124 989 2206 διάφορα
1050 2122 1311 2203 ἑκατέροις
1352 2126 1445 2196 τῆς
1488 2121 1663 2190 οὐσίας

150 2215 269 2287 ἡμῶν
291 2212 443 2291 ἐστιν,
476 2214 599 2271 ἀλλ’
627 2214 684 2271 οὖ
713 2214 1005 2285 τηλικαῦτα
1048 2210 1183 2270 ὥστε
1224 2210 1486 2289 μηδεμίαν
1516 2208 1661 2290 γενέ·

148 2304 245 2357 σθαι
266 2301 373 2379 περὶ
387 2299 499 2367 τοὺς
524 2300 914 2378 Στρατοκλέους
930 2300 1145 2379 παῖδας
1165 2301 1283 2359 Οὔκ
1309 2298 1445 2367 ἄξιον
1469 2298 1665 2365 τούτοις

148 2387 231 2454 τοῖς
253 2387 407 2465 λόγοις
426 2387 713 2461 πιστεύειν,
736 2388 791 2456 ὃς
814 2385 1072 2460 τοσαύτης
1106 2386 1281 2457 οὐσίας
1315 2388 1663 2463 καταλελειμ-

151 2475 277 2549 μένης
299 2477 577 2554 ἐτόλμησεν
598 2477 686 2537 ἐπὶ
712 2477 931 2559 διαὸολῇ
954 2476 1243 2559 ψεύσασθαι
1270 2478 1386 2537 κατ’
1412 2480 1541 2555 ἐμοῦ
1568 2502 1661 2551 τη-

149 2564 332 2623 λικαῦτα
347 2564 401 2623 τὸ
431 2564 666 2643 μέγεθος.
694 2565 1109 2646 Καταλογίζεται
1136 2566 1303 2626 τοίνυν
1324 2569 1395 2634 ὡς
1417 2565 1519 2645 ἐγὼ
1530 2566 1665 2647 τρεῖς

96 2672 117 2709 ι
148 2650 331 2729 κλήρους
356 2652 583 2731 εἰληφὼς
610 2653 701 2712 καὶ
727 2656 935 2713 πολλῶν
953 2651 1239 2734 χρημάτων
1269 2656 1498 2735 εὐπορῶν
1523 2656 1663 2734 ἀφα-

149 2738 245 2805 νίζω
280 2740 367 2811 τὴν
400 2740 603 2814 οὐσίαν,
648 2738 715 2799 ἵν’
762 2744 833 2809 ὡς
873 2740 1100 2821 ἐλάχισθ’
1129 2744 1275 2819 ὑμεῖς
1324 2742 1493 2800 αὗτῶν
1535 2745 1665 2800 ἀπο·

148 2824 325 2899 λαύητε.
354 2832 478 2897 Τοῖς
504 2828 611 2909 γὰρ
635 2827 797 2907 μηδὲν
816 2828 1011 2889 δίκαιον
1041 2828 1219 2909 ἔχουσι
1244 2828 1367 2910 περὶ
1392 2832 1495 2887 τῶν
1520 2851 1665 2911 πρα-

148 2913 325 2989 γμάτων
366 2918 535 2994 λέγειν
590 2917 793 2996 ἀνάγκη
828 2917 1129 2999 πορίζεσθαι
1156 2916 1417 2985 τοιούτους
1456 2918 1664 2996 λόγους,

148 2998 189 3067 ἐξ
211 2992 271 3061 ὧν
298 3003 662 3072 διαὸάλλοντες
686 3004 841 3063 πλέον
871 3004 1008 3085 ἔχειν
1049 3003 1354 3077 δυνήσονται
1379 3008 1483 3064 τῶν
1524 3008 1665 3064 ἀντι-

150 3088 294 3153 δίκων.
374 3093 465 3171 (ιε)
493 3091 658 3169 Ἐμοὶ
683 3092 735 3150 δὲ
765 3090 1020 3172 μάρτυρές
1050 3094 1167 3151 ἐστε
1188 3090 1374 3161 πάντες
1394 3090 1472 3153 ὅτι
1500 3095 1547 3153 οἳ
1577 3096 1666 3165 τ’ἤς

149 3176 253 3249 ἐμῆς
282 3180 517 3257 γυναικὸς
560 3180 803 3262 ἀδελφοί,
832 3180 1133 3263 Χαιρέλεως
1156 3182 1247 3240 καὶ
1284 3182 1665 3263 Μακάρτατος,

146 3265 195 3321 οὗ
216 3269 305 3325 τῶν
328 3267 761 3349 λειτουργούντων
788 3261 947 3348 ἦσαν,
980 3267 1114 3328 ἀλλὰ
1147 3272 1249 3328 τῶν
1288 3271 1539 3351 βραχεῖαν
1578 3292 1668 3328 κε-

96 3368 131 3405 ιῡ
148 3354 383 3430 κτημένων
408 3357 617 3418 οὗσίαν.
702 3356 1061 3437 Μακάρτατον
1092 3354 1195 3437 γὰρ
1217 3356 1328 3416 ἴστε
1352 3354 1431 3416 ὅτι
1473 3356 1533 3417 τὸ
1557 3380 1669 3438 χω-

150 3440 233 3518 ρίον
251 3444 557 3523 ἀποδόμενος
574 3443 667 3503 καὶ
693 3444 878 3526 τριήρη
903 3444 1181 3525 πριάμενος
1194 3443 1284 3504 καὶ
1302 3444 1495 3517 ταύτην
1513 3447 1667 3518 πλη-

151 3528 413 3609 ρωσάμενος
449 3536 523 3601 εἰς
556 3531 778 3613 Κρήτην
819 3530 1151 3601 ἐξέπλευσεν·
1189 3533 1249 3591 οὗ
1282 3531 1385 3613 γὰρ
1412 3532 1473 3593 τὸ
1522 3532 1669 3613 ἔργον

150 3618 309 3695 ἀφανὲς
331 3620 535 3699 ἐγένετο
550 3665 569 3698 ,
600 3617 737 3679 ἀλλὰ
758 3620 849 3679 καὶ
875 3618 1029 3699 λόγον
1050 3624 1103 3680 ἐν
1131 3623 1208 3702 τῷ
1240 3620 1393 3703 δήμῳ
1413 3620 1667 3702 παρέσχε,

152 3702 211 3777 μὴ
230 3706 440 3785 πόλεμον
467 3708 601 3785 ἡμῖν
630 3706 739 3767 ἀντ’
773 3706 980 3789 εἰρήνης
1011 3710 1201 3777 ἐκεῖνος
1234 3708 1361 3789 πρὸς
1400 3710 1671 3770 Λακεδαι-

150 3791 319 3863 μονίους
340 3796 597 3869 ποιήσειε·
684 3796 773 3875 (ca)
806 3795 1104 3878 Χαιρέλεως
1134 3794 1189 3855 δὲ
1228 3795 1287 3855 τὸ
1330 3798 1673 3877 Προσπαλτοῖ

98 3894 133 3933 ¹⁵
149 3880 307 3958 χωρίον
348 3884 650 3959 κατέλιπεν,
698 3883 727 3942 ὃ
774 3884 931 3944 πλέον
983 3886 1079 3943 οὔκ
1120 3882 1184 3943 ἂν
1217 3882 1357 3965 εὖροι
1394 3885 1670 3965 τριάκοντα

151 3972 284 4041 μνῶν.
315 3966 525 4044 Συνέὸη
557 3972 615 4031 δὲ
641 3970 731 4030 τὸν
757 3972 853 4048 μὲν
893 3978 1059 4031 ταῦτα
1108 3971 1467 4033 καταλιπόντα
1502 3974 1669 4033 τελευ·

148 4056 279 4123 riom
304 4057 549 4139 πρότερον
578 4057 615 4130 ἢ
645 4058 1024 4141 Μακάρτατον,
1064 4060 1255 4120 ἐκεῖνον
1287 4058 1342 4119 δὲ
1379 4058 1513 4139 μετὰ
1541 4059 1670 4119 ταύ·

150 4161 223 4211 της
252 4147 336 4215 τῆς
365 4146 547 4213 οὗσίας
590 4144 655 4217 ἣν
685 4148 819 4228 ἔχων
863 4146 1191 4216 ἐξέπλευσεν·
1223 4147 1430 4208 ἅπαντα
1455 4148 1559 4230 γὰρ
1580 4147 1673 4210 καὶ

150 4228 225 4297 τὴν
248 4233 422 4312 τριήρη
450 4234 543 4294 καὶ
568 4234 723 4294 αὑτὸν
742 4234 881 4295 κατὰ
902 4235 991 4295 τὸν
1014 4236 1242 4314 πόλεμον
1272 4236 1531 4298 ἀπώλεσε.
1550 4240 1668 4298 Κα-

152 4316 473 4401 ταλειφθέντος
498 4320 555 4380 δὲ
573 4326 666 4381 τοῦ
698 4325 1039 4402 Προσπαλτοῖ
1060 4323 1258 4405 χωρίου
1286 4323 1377 4382 καὶ
1402 4322 1673 4402 γινομένω

152 4406 227 4473 τῆς
242 4406 437 4467 ἐκείνων
466 4410 721 4491 ἀδελφῆς,
762 4414 893 4483 ἕμῆς
926 4413 983 4471 δὲ
1022 4409 1287 4492 γυναικός,
1311 4412 1550 4485 ἐπείσθην
1582 4414 1671 4471 ὑπ’

94 4502 133 4543 2⁰
154 4490 319 4566 ἐκείνης
340 4497 639 4568 εἷσποιῆσαι
665 4497 1005 4580 Μακαρτάτῳ
1022 4498 1109 4559 τὸν
1135 4499 1307 4580 ἕτερον
1324 4502 1426 4559 τῶν
1454 4499 1672 4559 παίδων·

156 4582 237 4658 οὐχ
258 4578 341 4640 ἵνα
364 4583 439 4663 μὴ
459 4585 838 4667 λειτουργοίην,
870 4590 916 4646 εἰ
942 4586 1277 4668 προσγένοιῶ
1304 4610 1394 4664 μοι
1428 4592 1580 4647 τοῦτο
1612 4587 1673 4646 τὸ

155 4668 335 4747 χωρίον.
425 4672 519 4751 (ω)
564 4672 793 4751 Ὁμοίως
835 4673 936 4754 γὰρ
977 4675 1067 4735 καὶ
1099 4673 1490 4746 εἰσποιήσαντος
1522 4674 1675 4735 τοῦτό

161 4754 198 4826 γ’
210 4758 444 4838 ὖῆρχιν·
466 4760 585 4821 οὐδὲ
600 4760 701 4841 γὰρ
720 4762 1069 4843 ἐλειτούργουν
1082 4762 1169 4823 διὰ
1189 4762 1343 4824 τοῦτό
1358 4766 1408 4841 γ’
1418 4756 1573 4835 ἦττον
1591 4766 1677 4823 οὗ·

160 4838 243 4915 δέν,
263 4847 389 4906 ἀλλὰ
405 4849 499 4909 καὶ
525 4852 630 4907 τῶν
649 4849 983 4931 εἰσφερόντων
1006 4842 1070 4924 ἦν
1092 4851 1182 4910 καὶ
1204 4854 1306 4909 τῶν
1330 4850 1395 4909 τὰ
1420 4872 1675 4931 προστατ-

162 4928 319 5005 τᾶμενα
358 4940 479 5014 ὑμῖν
510 4937 721 4997 ἅπαντα
746 4938 1046 4999 ποιούντων.
1080 4937 1148 4999 ‘O
1184 4936 1239 4997 δὲ
1263 4942 1333 5007 ὡς
1358 4938 1478 5020 περὶ
1506 4938 1673 5019 ἀχρή-

166 5037 263 5075 στου
282 5023 367 5096 μὲν
383 5024 631 5084 πλουσίου
652 5024 705 5084 δὲ
733 5026 819 5085 ἐπὶ
845 5026 1063 5106 διαὸολῇ
1086 5034 1311 5085 ποιεῖται
1336 5025 1545 5094 τούτους
1558 5024 1675 5095 τοὺς

166 5100 331 5182 λῆθ’-ις.
370 5108 511 5187 Ἐγὼ
543 5114 589 5171 δ’
622 5111 675 5171 ἓν
701 5112 980 5194 κεφάλαιον
1020 5115 1122 5194 ἐρῶ
1158 5114 1369 5173 πάντων
1408 5113 1671 5195 μέγιστον,

112 5210 149 5249 ²⁸
166 5186 273 5250 3121
286 5198 398 5273 ὑμῖν
414 5190 508 5259 οἷδ’
527 5198 607 5259 ὅτι
627 5200 757 5271 δόξει
776 5200 993 5261 δίκαιον.
1010 5200 1380 5263 Κοινώσασθαι
1394 5200 1493 5283 γὰρ
1513 5202 1673 5263 ἐθέλω

170 5286 247 5359 Τήν
264 5286 427 5353 οὐσίαν
446 5292 545 5369 τὴν
607 5288 738 5368 ἐμὴν
768 5294 835 5371 τῇ
882 5295 973 5350 τοῦ
994 5290 1203 5366 παιδός,
1227 5290 1317 5349 καὶ
1358 5290 1460 5351 εἴτε
1502 5291 1675 5351 πολλὰ

1743 721 1847 769 ctor
1864 719 1984 769 adeo
2002 720 2252 769 facultates
2275 717 2359 767 filii
2381 716 2689 781 emancipati;
2713 716 2882 782 pupilli
2907 718 3070 767 autem
3095 719 3143 767 in
3161 717 3298 767 bonis

1744 800 1872 851 baud
1891 815 2094 851 numero
2125 800 2440 851 substantiam
2471 799 2822 863 Theophontis,
2846 799 2944 849 duo
2975 800 3154 849 talenta
3185 812 3296 848 eum

1744 885 1942 935 dimidio
1959 886 2198 936 valentem
2213 922 2228 947 ,
2247 898 2394 948 quam
2426 885 2686 948 Theophon
2712 884 2878 949 pupilli
2895 884 3048 935 sorori
3065 898 3096 935 a
3111 898 3164 936 se
3181 884 3297 937 ado·

1744 970 1889 1031 ptatae
1908 970 2084 1032 legavit
2134 988 2148 1021 ε
2184 970 2254 1019 sic
2271 970 2400 1019 enim
2443 970 2580 1019 facile
2614 970 2882 1019 substantia
2929 969 3299 1019 wrrotnndetur

1746 1052 1855 1102 octo
1887 1053 2208 1115 talentorum,
2237 1066 2348 1116 quae
2379 1053 2579 1103 istorum
2603 1055 2701 1115 est;
2728 1053 2810 1103 sed
2839 1052 2948 1103 haec
2976 1052 3300 1116 Tlirophonlis

1746 1134 1873 1185 bona
1890 1148 2104 1185 seorsum
2131 1149 2312 1199 ponens
2333 1136 2436 1198 jam
2462 1148 2560 1186 non
2581 1148 2863 1186 annumero.
2939 1136 3036 1199 (46)
3065 1137 3300 1185 Proeterea

1746 1229 1849 1267 sora
1872 1217 2070 1279 quidem
2087 1217 2148 1267 ab
2169 1218 2350 1281 Hagnia
2367 1218 2484 1267 mihi
2504 1219 2666 1269 relicta
2681 1220 2811 1267 certa
2829 1220 2880 1267 et
2892 1230 3060 1267 secura
3077 1230 3175 1267 non
3193 1219 3265 1267 est
3282 1233 3296 1277 3

1748 1299 1958 1350 actiones
1979 1300 2106 1349 enim
2134 1301 2362 1351 falsorum
2383 1302 2580 1351 testium
2599 1300 2922 1351 exhibitorum
2952 1300 3000 1350 in
3023 1314 3102 1350 me
3123 1305 3301 1350 coortae

1746 1383 1886 1445 sunt,
1904 1384 1958 1433 et
1973 1382 2053 1432 lex
2071 1382 2266 1446 quidem
2280 1418 2295 1445 ,
2313 1383 2352 1432 ei
2375 1382 2482 1446 quis
2503 1380 2605 1430 falsi
2632 1380 2748 1431 dicti
2777 1381 3035 1431 testimonii
3052 1381 3302 1433 convictus

1748 1468 1918 1529 merit,
1937 1467 2124 1530 jndices
2145 1468 2240 1517 hac
2259 1466 2320 1517 de
2345 1478 2489 1517 causa
2523 1466 2584 1516 de
2607 1466 2789 1528 integro
2815 1464 2976 1515 sortiri
2998 1464 3136 1527 iubet
3163 1481 3175 1514 :
3205 1466 3301 1528 illio

1746 1556 1911 1603 autem
1941 1551 2054 1602 huic
2073 1551 2330 1603 Stratocles
2355 1550 2484 1601 bona
2503 1564 2594 1601 sua
2626 1550 2842 1600 omnium
2867 1549 3158 1601 confessione
3181 1552 3303 1601 nulli

1748 1635 2089 1685 controversiae
2113 1634 2324 1685 obnoxia
2355 1632 2564 1697 reliquit.
2630 1636 2746 1683 Haec
2765 1635 2930 1683 autem
2949 1646 3056 1683 mea
3074 1647 3186 1683 cum
3213 1634 3304 1684 illis

1748 1718 1833 1769 filii
1850 1719 2136 1783 emancipati
2163 1731 2261 1767 non
2285 1718 2425 1780 plura
2456 1728 2558 1767 esse
2587 1730 2736 1779 quam
2769 1715 2897 1778 dixi,
2925 1717 3069 1779 atque
3097 1716 3304 1766 actiones

1748 1800 1809 1851 de
1826 1801 1954 1851 falsis
1971 1800 2196 1851 exhibitis
2208 1799 2409 1850 testibus
2423 1812 2568 1863 super
2585 1798 2679 1848 hac
2695 1798 2958 1849 hereditate
2973 1798 3167 1861 Hagnioe
3185 1796 3302 1847 mihi

1749 1883 2001 1935 imminere
2017 1885 2075 1935 ut
2096 1885 2312 1946 constet,
2345 1896 2462 1945 cape
2477 1884 2533 1933 tu
2561 1882 2666 1932 haec
2683 1880 2954 1932 testimonia
2971 1883 3116 1945 atque
3139 1880 3304 1933 recita.

2327 2010 2727 2055 TESTMOMA.

1811 2125 1891 2172 47.
1916 2125 2044 2173 Num
2072 2122 2216 2185 igitur
2241 2134 2392 2185 parva
2421 2122 2545 2173 lnter
2562 2134 2651 2171 nos
2677 2123 2750 2172 est
2781 2120 2964 2171 ratione
2993 2120 3196 2171 sortium
3217 2132 3307 2169 no-

1748 2200 1958 2250 strarum
1984 2201 2332 2264 discrepantia?
2359 2214 2522 2251 annon
2551 2202 2686 2251 tanta
2707 2201 2868 2265 potius
2898 2201 2970 2251 est
3000 2203 3056 2250 ut
3073 2213 3176 2251 sors
3201 2212 3308 2249 mea

1748 2278 1811 2327 ad
1832 2282 2012 2330 sortem
2043 2280 2171 2331 illius
2199 2294 2336 2343 paene
2362 2280 2497 2330 nulla
2525 2278 2743 2330 videatur
2774 2280 2906 2331 esse?
2968 2284 3150 2331 Verum
3177 2278 3309 2329 haud

1748 2354 1887 2407 decet
1918 2369 2006 2407 vos
2035 2358 2178 2420 liujus
2203 2358 2409 2407 hominis
2439 2357 2644 2407 orationi
2665 2356 2808 2407 iidem
2840 2357 3091 2419 adbibere,
3127 2356 3214 2421 qui
3233 2358 3308 2405 ta-

1749 2434 1889 2485 metsi
1911 2434 2095 2499 pupillo
2126 2437 2229 2486 tam
2255 2435 2414 2499 ampla
2434 2447 2511 2485 res
2535 2435 2658 2486 esset
2683 2435 2877 2497 relicta,
2909 2449 3009 2499 quo
3039 2448 3119 2485 me
3148 2437 3310 2485 tamen

1750 2512 1957 2563 invisum
1986 2512 2229 2573 redderet,
2249 2526 2396 2563 ausus
2411 2514 2484 2563 est
2503 2514 2604 2563 tam
2641 2514 2856 2563 enormia
2883 2513 2944 2563 de
2963 2526 3042 2563 me
3066 2511 3312 2563 mendacia

1749 2604 1986 2654 sparger03
2004 2594 2216 2643 recenset
2233 2592 2394 2655 itaque
2411 2593 2510 2642 tres
2523 2591 2810 2643 hereditates
2823 2606 2942 2656 quas
2954 2592 3152 2655 adeptus
3161 2602 3312 2641 essem

1750 2674 1895 2735 atque
1910 2672 2076 2723 multis
2094 2672 2188 2723 hoc
2209 2670 2352 2723 modo
2370 2670 2582 2735 pecuniis
2603 2684 2682 2723 me
2697 2673 2898 2736 petitum
2917 2673 3072 2723 celare
3088 2672 3312 2724 substan-

1750 2750 1869 2800 tiam
1894 2749 2020 2800 hanc
2041 2750 2135 2811 ait,
2169 2764 2268 2813 quo
2299 2750 2512 2801 fructum
2541 2764 2706 2801 earum
2731 2763 2818 2801 voe
2847 2751 3150 2814 perciperetls
3165 2764 3314 2815 quam

1752 2828 2029 2878 minimum.
2106 2828 2298 2878 seilicet
2337 2830 2421 2891 qui
2456 2842 2570 2878 vera
2596 2830 2646 2879 et
2676 2842 2818 2891 nequa
2855 2842 2969 2892 quae
3009 2829 3179 2879 dlcant
3215 2843 3312 2879 non

1753 2905 1956 2967 habent,
1989 2904 2040 2953 hi
2066 2905 2328 2955 necessario
2355 2905 2605 2955 mendacia
2632 2905 3081 2971 comminiscuntur,
3111 2920 3209 2969 quo
3240 2908 3314 2957 in-

1751 2984 1930 3035 vidiam
1961 2986 2126 3033 creent
2151 2984 2392 3034 infamatis
2415 2986 2465 3036 et
2489 2986 2581 3035 bac
2615 2988 2718 3035 arte
2747 2984 3042 3035 adversarios
3074 2988 3309 3037 evertant.

1755 3064 1852 3127 (48)
1876 3063 1992 3113 Mihi
2015 3076 2132 3113 vero
2162 3077 2250 3115 voe
2271 3077 2438 3115 omnes
2460 3066 2608 3115 teetoe
2638 3066 2751 3116 estis
2765 3102 2782 3128 ,
2812 3064 3114 3117 Chaereleum
3139 3069 3189 3118 et
3209 3070 3314 3118 Ma-

1752 3146 2011 3208 cartarum,
2030 3144 2197 3197 uxoris
2217 3158 2340 3197 meac
2357 3147 2546 3209 fratres,
2565 3159 2662 3198 non
2681 3146 2827 3199 fuisse
2847 3148 2898 3198 in
2915 3160 3118 3198 numero
3135 3148 3312 3199 civium

1752 3224 2033 3290 sumptuosa
2067 3240 2270 3277 munera
2303 3228 2667 3291 sustinentium,
2699 3227 2784 3278 sed
2825 3241 2994 3279 eorum
3028 3228 3202 3291 quibus
3239 3240 3318 3279 ree

1754 3309 1885 3359 domi
1909 3312 1982 3361 est
2004 3312 2222 3374 angusta.
2285 3313 2580 3364 Macartatus
2596 3311 2812 3375 quidem,
2829 3312 2878 3363 id
2895 3311 3028 3375 quod
3045 3325 3133 3363 vos
3149 3325 3314 3363 omnes

1753 3393 1932 3455 nostis,
1955 3394 2109 3457 agello
2129 3393 2324 3445 vendito
2343 3394 2588 3445 triremem
2611 3394 2730 3445 emit
2744 3430 2760 3456 ,
2790 3408 2942 3457 eaque
2969 3394 3206 3445 instructa
3221 3431 3237 3457 ,
3263 3394 3310 3443 in

1754 3476 1950 3526 cretam
1975 3478 2172 3529 evectus
2199 3480 2274 3529 eet
2303 3497 2316 3529 z
2340 3491 2500 3543 neque
2519 3478 2648 3529 enim
2681 3477 2732 3528 in
2759 3478 2951 3528 occulto
2987 3477 3038 3528 id
3069 3477 3316 3541 agebatur.

1754 3556 1838 3607 sed
1855 3560 1956 3609 tam
1974 3559 2150 3623 palam,
2171 3560 2230 3611 ut
2249 3560 2396 3611 etiam
2425 3560 2589 3611 locum
2621 3560 2758 3611 daret
2792 3558 3024 3611 mentioni
3053 3558 3157 3620 eius
3174 3560 3242 3609 rei
3267 3558 3317 3607 in

1756 3641 1987 3691 concione
2001 3642 2157 3701 factm,
2176 3642 2452 3693 verentibus
2463 3642 2752 3705 quibusdam
2769 3655 2832 3691 ne
2847 3640 3193 3693 Lacedaemonii
3197 3676 3213 3703 ,
3233 3640 3318 3689 illo

1756 3730 1871 3769 auso
1902 3733 2071 3783 pacem
2088 3721 2437 3784 praetendentes
2471 3721 2700 3771 violatam
2730 3734 2833 3771 esse
2846 3758 2860 3783 ‚
2897 3720 3080 3769 bellum
3112 3732 3316 3770 renova-

1756 3802 1879 3853 rent.
1947 3803 2044 3868 (49)
2064 3804 2332 3855 Cbaereleos
2349 3806 2512 3855 autem
2535 3805 2744 3867 agellum
2764 3804 3084 3866 Prospaltium
3104 3802 3297 3866 reliquit

1756 3884 1841 3948 qui
1854 3885 2008 3949 pluris
2021 3901 2168 3951 quam
2180 3888 2376 3951 triginta
2389 3888 2532 3939 minis
2549 3887 2678 3938 baud
2695 3888 2884 3937 veneat.
2949 3887 3169 3949 Agellum
3187 3898 3310 3935 anm

1757 3968 1842 4029 qui
1878 3969 2203 4034 relinquebat,
2229 3970 2274 4020 ei
2300 3970 2609 4033 contingebat
2643 3972 2757 4019 ante
2791 3970 3110 4020 Macartatum
3147 3965 3272 4016 mori
3297 3981 3312 4015 ε

1759 4046 2024 4095 Macartato
2045 4048 2208 4097 alitem
2231 4047 2376 4098 fatale
2412 4048 2515 4097 erat
2546 4050 2604 4096 ut
2633 4060 2747 4096 cum
2777 4046 3044 4096 substantia
3066 4058 3180 4106 sua,
3205 4057 3316 4095 cuni

1758 4134 1853 4184 qua
1876 4123 2176 4186 enavigarat,
2203 4124 2407 4187 periret3
2426 4136 2539 4173 nam
2557 4126 2606 4173 et
2627 4123 2870 4173 triremem
2896 4105 3100 4185 perdidit
3123 4123 3174 4171 ln
3189 4120 3315 4171 hello

1758 4198 1928 4263 etipse
1945 4200 2102 4263 periit.
2165 4202 2330 4264 Agello
2355 4202 2520 4264 itaque
2541 4200 2806 4263 Prospaltio
2835 4200 2898 4250 ad
2923 4212 3127 4250 uxorem
3157 4209 3318 4249 meam

1758 4276 1985 4328 devoluto
1999 4313 2014 4340 ,
2037 4291 2148 4340 quae
2173 4280 2247 4329 est
2263 4278 2513 4329 Macartati
2533 4279 2584 4329 et
2604 4278 2837 4329 Gbaerelei
2858 4289 3010 4341 soror,
3029 4276 3091 4327 ab
3109 4276 3190 4327 illa
3212 4290 3318 4340 per-

1756 4366 1927 4405 suasus
1961 4355 2168 4405 alterum
2210 4355 2420 4406 liliorum
2457 4356 2722 4407 Macartato
2761 4367 2850 4418 pro
2884 4354 2985 4404 filio
3022 4354 3311 4417 subrogavi,

1758 4444 1857 4481 non
1870 4444 1971 4494 quo
1989 4432 2204 4496 liturgias
2220 4446 2318 4485 non
2337 4433 2538 4495 obirem,
2554 4434 2705 4496 agello
2722 4432 2817 4482 boc
2833 4432 2896 4483 ad
2913 4431 3164 4483 facultates
3181 4443 3316 4485 meae

1758 4509 2014 4561 accedente
2025 4528 2040 4573 ς
2125 4511 2223 4575 (50)
2253 4511 2640 4575 quandoquidem
2666 4512 2745 4561 hae
2765 4510 2883 4561 mibi
2901 4511 2979 4561 vel
2993 4511 3062 4561 sic
3079 4511 3312 4562 obeunda·

1760 4591 1925 4652 erant,
1952 4590 2140 4641 etiamsi
2166 4592 2430 4641 Macartato
2447 4590 2601 4640 fllium
2631 4590 2932 4640 instituerem
2967 4609 2980 4641 ε
3007 4590 3155 4639 nihilo
3186 4590 3316 4640 enim

1760 4670 1921 4721 minua
1955 4670 2205 4734 propterea
2238 4668 2453 4733 liturgias
2489 4669 2800 4733 proestabam,
2833 4669 2918 4720 sed
2957 4670 3102 4720 etiam
3141 4670 3192 4719 in
3225 4683 3302 4719 nu·

1760 4764 1895 4801 mero
1921 4748 2270 4800 conferentium
2308 4748 2445 4798 vobis
2473 4750 2732 4812 omniaque
2758 4748 2990 4812 imperata
3013 4749 3207 4799 strenue
3242 4748 3306 4797 sa·

1759 4829 1992 4880 cientium
2010 4842 2160 4879 eram.
2224 4826 2314 4877 Hic
2339 4828 2503 4877 autem
2529 4825 2856 4891 [adversarius
2872 4825 3036 4891 meus]
3069 4826 3162 4877 mei
3189 4827 3308 4875 insa·

1760 4908 1926 4958 mandi
1966 4920 2110 4959 causa
2145 4907 2206 4957 de
2233 4919 2310 4956 me
2343 4906 2411 4955 ita
2451 4905 2683 4969 loquitur,
2707 4919 2766 4957 ac
2800 4906 2842 4957 si
2866 4907 3001 4957 dives
3025 4904 3232 4969 quidem,
3263 4906 3314 4954 at

1759 4987 1899 5038 vobis
1919 4988 2080 5039 nmen
2102 4986 2282 5037 inutilis
2307 4985 2424 5037 civis
2445 4998 2612 5037 essem.
2678 4990 2776 5049 Ego
2805 4999 2921 5035 vero
2947 4996 3186 5035 summam
3203 4982 3308 5031 uni·

1759 5078 1910 5117 versae
1929 5078 2084 5116 causae
2101 5063 2278 5126 dicam,
2297 5076 2407 5127 quai
2424 5063 2560 5113 vobis
2576 5076 2770 5126 quoque
2787 5062 3025 5112 videbitur
3043 5060 3312 5123 aequissima

1759 5156 1879 5194 esse.
1947 5141 2256 5193 commisceri
2275 5154 2432 5191 meam
2459 5138 2774 5190 substantiam
2801 5152 2913 5189 cum
2932 5138 3196 5189 substantia
3210 5149 3301 5199 pu·

1763 5221 1865 5285 pilli
1891 5221 2005 5270 volo
2017 5255 2032 5281 ‚
2064 5232 2367 5282 quaecunque
2385 5218 2466 5267 illa
2485 5230 2593 5267 mea
2610 5219 2683 5266 eet
2698 5217 2797 5265 sive
2813 5216 2973 5278 ampla
2997 5214 3098 5264 sive
3114 5213 3285 5276 exigua

1765 5302 1815 5353 et
1850 5299 1920 5351 sio
1945 5298 2178 5350 ambabus
2200 5310 2348 5348 unam
2381 5297 2432 5347 in
2454 5308 2659 5346 massam
2672 5294 2962 5361 conglobatis
2984 5293 3315 5361 unusquisque
