3825 5842
137 424 316 479 .οΤ--Τ,.
329 434 390 457 ³ss
443 434 452 439 -

270 482 283 507 ἱ

215 622 304 665 uo.
345 597 465 660 Ἔτι
489 595 658 657 τοίνυν
685 582 946 675 γνώσεσθε
974 590 1292 677 σαφέστερον
1317 592 1374 649 ἐκ
1400 590 1504 648 τῶν
1530 584 1684 671 ῥηθήι

153 699 309 753 σεσθαι
341 685 629 767 μελλόντων
665 688 736 753 ὥς
761 682 940 764 πόρρω
962 687 1052 741 τοῦ
1083 680 1391 762 διαφθείρειν
1415 676 1532 745 τοὺς
1553 700 1687 736 νεω-

153 780 306 861 τέρους
339 774 512 854 ἐσμέν.
599 776 668 835 Ei
699 772 875 853 γάρτι
904 776 1133 829 τοιοῦτον
1165 772 1460 845 ἐποιοῦμεν,
1491 769 1586 825 οὐκ
1623 764 1686 825 ἂν

155 867 434 946 Λυσίμαχος
455 855 520 936 ἦν
543 866 571 923 δ
589 861 909 940 λυπούμενος
937 857 1066 941 ὑπὲρ
1092 861 1262 919 αὐτῶν
1288 859 1392 917 οὐδ’
1422 855 1577 923 ἄλλος
1600 858 1688 914 οὖ-

108 983 129 1023 s
151 956 236 1023 δεὶς
269 958 366 1013 τῶν
400 950 666 1025 τοιούτων,
699 949 834 1009 ἀλλὰ
869 947 986 1016 τοὺς
1014 950 1244 1029 πατέρας
1276 944 1339 1005 ἂν
1366 948 1562 1026 ἑωρᾶτε
1584 948 1688 1002 τῶν

151 1044 376 1105 συνόντων
413 1046 542 1121 ἡμῖν
579 1039 672 1100 καὶ
710 1038 826 1106 τοὺς
870 1036 1086 1104 οἰκείους
1130 1039 1549 1115 ἀγανακτοῦντας
1595 1032 1686 1091 καὶ

153 1130 474 1216 γραφομένους
502 1129 595 1189 καὶ
623 1127 772 1200 δίκην
809 1130 1088 1198 ζητοῦντας
1123 1126 1249 1205 παρ’
1285 1126 1436 1201 ἡμῶν
1469 1120 1690 1199 λαμὸοί-

151 1246 254 1284 νειν.
343 1222 456 1300 (241)
491 1222 606 1282 Νῦν
645 1218 692 1277 δ’
715 1219 899 1276 ἐκεῖνοι
940 1213 1036 1295 μὲν
1061 1223 1333 1274 συνιστᾶσι
1359 1211 1478 1279 τοὺς
1500 1212 1690 1279 παῖδας

152 1310 250 1379 τοὺς
268 1314 452 1389 αὑτῶν,
483 1309 577 1369 καὶ
598 1306 854 1390 χρήματα
886 1303 1119 1386 διδόασι,
1143 1304 1234 1365 καὶ
1258 1303 1532 1385 χαίρουσιν
1557 1299 1690 1360 ὁπό-

93 1419 132 1457 :o
151 1423 230 1459 ταν
254 1402 430 1479 ὁρῶσιν
459 1395 647 1465 αὐτοὺς
665 1396 778 1475 μεθ’
808 1397 960 1471 ἡμῶν
980 1392 1359 1475 ἡμερεύοντας,
1383 1393 1430 1450 οἱ
1456 1389 1511 1449 δὲ
1540 1412 1690 1449 συκο·

185 1488 318 1546 άνται
345 1484 690 1546 διαὸάλλουσι
715 1483 808 1544 καὶ
841 1482 1134 1566 πράγματα
1179 1479 1498 1563 παρέχουσιν
1538 1484 1688 1558 ἡμῖν,

153 1600 214 1635 ων
236 1574 358 1643 τίνες
383 1572 446 1634 ἂν
471 1573 623 1647 ἥδιον
645 1573 802 1635 ἴδοιεν
829 1572 1052 1640 πολλοὺς
1077 1575 1179 1630 τῶν
1204 1572 1434 1629 πολιτῶν
1463 1570 1688 1650 διαφθει-

155 1662 370 1745 ρομένους
389 1662 479 1723 καὶ
497 1661 756 1745 πονηροὺς
775 1656 1130 1743 γιγνομένους;
1153 1658 1301 1719 ἴσασι
1323 1656 1426 1740 γὰρ
1447 1667 1579 1739 σφᾶς
1604 1660 1693 1715 αὖ·

154 1750 254 1819 τοὺς
277 1752 328 1811 ἐν
355 1750 447 1829 μὲν
475 1760 586 1819 τοῖς
622 1749 868 1819 τοιούτοις
909 1746 1339 1819 δυναστεύοντας,
1368 1744 1470 1804 ὑπὸ
1498 1746 1552 1803 δὲ
1589 1748 1691 1802 τῶν

97 1862 136 1901 15
157 1841 308 1899 καλῶν
334 1843 578 1918 κάγαθῶν
602 1838 692 1900 καὶ
714 1844 832 1899 νοῦν
873 1838 1097 1919 ἑχόντων
1123 1833 1538 1913 ἀπολλυμένους,
1568 1830 1694 1892 ὁπό-

158 1952 238 1987 ταν
267 1930 548 2012 ληφθῶσιν.
655 1930 769 2007 (242)
815 1925 980 1989 ‘nco’
1022 1920 1162 1986 οὗτοι
1209 1924 1304 2003 μὲν
1341 1927 1692 2003 σωφρονοῦσιν

159 2019 361 2098 ἀναιρεῖν
388 2020 660 2091 ζητοῦντες
683 2014 894 2084 ἁπάσας
914 2014 1008 2082 τὰς
1038 2010 1282 2079 τοιαύτας
1310 2009 1611 2093 διατριὸἄς,
1641 2011 1693 2067 ἐν

160 2094 227 2171 αἶς
241 2109 472 2180 ἡγοῦνται
496 2104 732 2186 βελτίους
749 2103 1049 2184 γενομένους
1067 2099 1466 2183 χαλεπωτέρους
1485 2099 1694 2159 ἔσεσθαι

157 2199 254 2259 ταῖς
279 2196 438 2253 αὑτῶν
465 2192 740 2274 πονηρίαις
753 2193 844 2252 καὶ
867 2190 1259 2273 συκοφαντίαις,
1289 2194 1426 2266 ὑμᾶς
1453 2188 1508 2247 δὲ
1531 2211 1697 2269 προσ-

99 2294 141 2333 20
161 2278 263 2353 ἥκει
296 2280 544 2341 τάναντία
575 2280 773 2349 τούτοις
821 2280 1091 2361 πράττειν,
1134 2278 1226 2338 καὶ
1265 2284 1432 2337 ταῦτα
1473 2276 1698 2355 νομίζειν

162 2360 274 2429 εἶναι
289 2370 542 2429 κάλλιστα
561 2374 666 2429 τῶν
689 2366 1114 2447 ἐπιτηδευμάτων
1139 2359 1214 2435 οἷς
1233 2364 1294 2427 ἂν
1313 2364 1523 2434 τούτους
1545 2370 1698 2447 δρᾶτε

167 2458 370 2535 μάλιστα
395 2462 771 2537 πολεμοῦντας.

229 2566 316 2607 243.
358 2546 582 2608 Ἄτοπον
602 2546 659 2606 δέ
670 2571 722 2606 τι
735 2546 980 2627 τυγχάνω
997 2544 1284 2614 πεπονθώς·
1299 2544 1564 2628 εἰρήσεται
1577 2542 1698 2624 γάρ,

165 2635 203 2691 εἷ
220 2634 301 2693 καί
322 2658 449 2703 τινες
473 2635 598 2696 λίαν
626 2635 977 2715 εὖμετάὸολον
998 2626 1131 2695 εἶναί
1159 2659 1226 2713 με
1251 2633 1520 2717 φήσουσιν.
1553 2632 1702 2693 Ὀλί-

102 2738 142 2779 26
162 2744 226 2801 γῳ
253 2718 340 2799 μὲν
367 2723 469 2804 γὰρ
501 2720 752 2805 πρότερον
779 2722 956 2805 ἔλεγον
983 2727 1053 2791 ὥς
1075 2723 1262 2781 πολλοὶ
1285 2726 1388 2781 τῶν
1409 2724 1584 2781 καλῶν
1608 2723 1701 2779 κᾶ-

165 2812 312 2887 γαθῶν
331 2811 530 2894 ἀνδρῶν
555 2811 916 2892 διεψευσμένοι
942 2816 1034 2884 τῆς
1058 2810 1360 2892 φιλοσοφίας
1385 2810 1702 2891 τραχύτερον

169 2896 281 2977 πρὸς
322 2898 476 2971 αὔτὴν
512 2898 544 2959 ἔ
579 2920 713 2959 ουσι·
754 2905 844 2959 νῦν
891 2898 935 2959 δ’
983 2899 1142 2967 οὕτως
1181 2902 1412 2980 ἐναργεῖς
1441 2898 1702 2980 ὑπείληφα

167 2981 267 3051 τοὺς
291 2984 468 3065 λόγους
511 2922 646 3045 egat
672 2984 791 3056 τοὺς
819 2986 1116 3070 εἰρημένους
1143 2986 1234 3047 καὶ
1262 2998 1395 3046 πᾶσι
1422 2987 1672 3070 φανερούς
1688 3032 1704 3060 ,

167 3070 278 3130 ὥστ’
299 3075 456 3143 οὐδεὶς
481 3076 685 3154 ἀγνοεῖν
714 3096 806 3155 μοι
828 3078 970 3136 δοκεῖ
994 3074 1089 3148 τὴν
1119 3074 1336 3153 δύναμιν
1374 3079 1560 3149 αὐτῆς,
1589 3076 1705 3135 οὐδὲ

105 3176 148 3216 ³0
168 3161 586 3241 καταγιγνώσκειν
623 3168 775 3242 {ud-‘iv
805 3168 875 3233 ὥς
905 3164 1269 3247 διαφθείρομεν
1297 3165 1415 3232 τοὺς
1443 3164 1704 3242 μαθητάς,

168 3246 268 3306 οὐδὲ
287 3251 592 3310 πεπονθέναι
613 3258 844 3313 τοιοῦτον
867 3253 1014 3313 οὐδὲν
1037 3244 1142 3312 οἷον
1172 3252 1355 3321 αὐτοὺς
1381 3253 1540 3335 ὀλίγῳ
1577 3254 1708 3336 πρό-

165 3358 292 3415 τερον
309 3338 565 3419 ᾐτιώμην·
649 3341 763 3420 (244)
794 3341 912 3400 ἀλλ’
941 3343 988 3400 εἷ
1011 3342 1088 3400 δεῖ
1105 3341 1322 3415 τάληθὲς
1345 3344 1507 3401 εἰπεῖν
1531 3343 1623 3402 καὶ
1649 3342 1708 3402 τὸ

167 3428 242 3481 νῦν
259 3426 308 3484 ἐν
327 3431 390 3507 τῇ
411 3426 616 3508 διανοίᾳ
639 3452 728 3507 μοι
746 3430 1073 3509 παρεστηκός
1087 3476 1102 3503 ,
1124 3434 1356 3508 ἡγοῦμαι
1372 3430 1572 3499 πάντας
1592 3430 1709 3500 τοὺς

168 3512 426 3591 φιλοτίμως
451 3516 810 3594 διακειμένους
832 3519 1220 3597 ἐπιθυμητικῶς
1241 3518 1456 3599 ἔχοντας
1476 3525 1570 3579 τοῦ
1588 3544 1709 3603 φρο·

107 3617 148 3669 aa
169 3602 258 3658 νεῖν
281 3594 333 3661 εὖ
349 3603 438 3663 καὶ
454 3605 647 3684 λέγειν,
668 3605 854 3674 αὐτοὺς
884 3605 977 3686 μὲν
1008 3609 1220 3687 ἀμελεῖν
1242 3608 1458 3688 τούτων,
1477 3609 1596 3678 τοὺς
1616 3611 1711 3689 μὲν

171 3687 244 3746 διὰ
271 3692 542 3773 ῥᾳθυμίαν,
569 3696 688 3761 τοὺς
717 3694 770 3753 δὲ
791 3696 1296 3779 καταμεμφομένους
1315 3698 1411 3771 τὴν
1435 3700 1589 3781 φύσιν
1615 3698 1710 3771 τὴν

171 3779 342 3857 αὑτῶν,
369 3780 485 3849 τοὺς
508 3780 565 3841 δὲ
594 3782 659 3841 δι’
685 3782 849 3852 ἄλλας
871 3782 1015 3852 τινὰς
1036 3784 1318 3867 προφάσεις
1342 3789 1714 3866 (παμπληθεῖς

171 3862 210 3920 δ’
234 3866 374 3947 εἶσί),
457 3870 576 3948 (245)
608 3869 736 3951 πρὸς
763 3870 818 3930 δὲ
840 3870 959 3939 τοὺς
981 3872 1180 3947 πολλὴν
1210 3874 1512 3953 ἐπιμέλειαν
1537 3900 1714 3937 ποιου-

173 3952 336 4027 μένους
360 3956 450 4016 καὶ
477 3962 656 4039 τυχεῖν
688 3960 1030 4041 βουλομένους
1060 3952 1133 4020 ὧν
1164 3966 1236 4031 εἰς
1264 3964 1539 4043 ἐπιθυμίαν
1569 3965 1714 4025 αὐτοὶ

111 4054 154 4093 to
173 4045 462 4117 καθεστᾶσι,
487 4045 750 4114 δυσκόλως
771 4046 912 4127 ἔχειν
937 4049 1030 4108 καὶ
1052 4051 1359 4122 ζηλοτυπεῖν
1382 4051 1473 4110 καὶ
1495 4051 1590 4120 τὰς
1616 4056 1717 4135 ψυ-

173 4126 260 4205 χὰς
285 4132 680 4215 τεταραγμένως
719 4137 1009 4197 διακεῖσθαι
1047 4140 1137 4197 καὶ
1181 4139 1490 4199 πεπονθέναι
1535 4165 1716 4223 παρα-

174 4218 356 4289 πλήσια
386 4226 496 4289 τοῖς
531 4226 705 4305 ἐρῶσι·
746 4225 863 4284 τίνα
890 4226 994 4308 γὰρ
1023 4227 1086 4286 ἄν
1113 4251 1190 4295 τις
1225 4230 1399 4296 αὐτοῖς
1426 4232 1716 4309 ἐπενεγκεῖν

175 4306 326 4365 αἰτίαν
353 4307 465 4389 ἔχοι
494 4312 930 4395 πρεπωδεστέραν
955 4314 1174 4389 ταύτης;
1260 4316 1376 4399 (248)
1408 4317 1589 4388 οἵτινες
1612 4344 1716 4399 μα-

174 4394 420 4474 καρίζουσι
438 4396 534 4476 μὲν
555 4400 646 4458 καὶ
669 4403 881 4474 ζηλοῦσι
906 4402 1022 4471 τοὺς
1043 4406 1216 4473 καλῶς
1238 4412 1466 4487 χρῆσθαι
1484 4413 1560 4467 τῶ
1578 4408 1718 4488 λόγω

115 4495 156 4532 ⁴⁵
175 4480 466 4587 δυναμένους
481 4532 498 4560 ,
534 4488 815 4567 ἐπιτιμῶσι
857 4490 912 4550 δὲ
953 4495 1057 4551 τῶν
1089 4493 1352 4575 νεωτέρων
1394 4504 1500 4564 τοῖς
1532 4470 1719 4578 ’τυχεῖν

176 4590 350 4640 ταυτης
393 4576 488 4643 τῆς
531 4580 686 4653 τιμῆς
720 4578 1070 4657 βουλομένοις.
1157 4583 1268 4641 Καὶ
1311 4590 1418 4651 τοῖς
1461 4584 1554 4661 μὲν
1591 4589 1720 4653 θεοῖς

177 4656 320 4725 οὐδεὶς
354 4658 494 4719 ἔστιν
522 4660 662 4730 ὅστις
689 4666 782 4724 οὐκ
825 4666 889 4726 ἂν
921 4666 1122 4737 εὔξαιτο
1166 4671 1396 4747 μάλιστα
1427 4671 1523 4751 μὲν
1569 4674 1722 4744 αὐτὸς

177 4739 406 4806 δύνασθαι
427 4749 616 4828 λέγειν,
638 4755 684 4811 εἷ
705 4750 761 4812 δὲ
781 4754 856 4832 μή
867 4803 884 4832 ,
905 4756 1022 4824 τοὺς
1046 4759 1240 4826 παῖδας
1257 4759 1484 4829 καὶτοὺς
1507 4762 1722 4832 οἰκείους

177 4828 281 4900 τοὺς
308 4839 464 4895 αὑτοῦ
477 4860 491 4875 ·
575 4840 689 4918 (247)
723 4840 842 4910 τοὺς
870 4842 924 4902 δὲ
959 4842 1104 4927 πόνῳ
1132 4845 1223 4905 καὶ
1264 4849 1539 4933 φιλοσοφίᾳ
1569 4856 1721 4911 τοῦτο

118 4938 160 4975 ω
180 4923 586 5003 κατεργάσασθαι
624 4929 1000 5008 πειρωμένους,
1031 4932 1060 4991 ὃ
1099 4933 1248 5016 παρὰ
1275 4940 1377 4996 τῶν
1415 4941 1543 4996 θεῶν
1574 4939 1722 4999 αὐτοὶ

185 5008 440 5085 βούλονται
469 5015 667 5088 λαὸεῖν,
696 5017 842 5077 οὐδέν
870 5043 1000 5099 φασι
1039 5025 1142 5080 τῶν
1193 5022 1412 5083 δεόντων
1457 5026 1722 5107 πράττειν,

183 5096 286 5155 ἄλλ’
315 5099 473 5159 ἐνίοτε
502 5102 596 5177 μὲν
619 5107 690 5171 ὥς
711 5103 1116 5186 ἐξηπατημένων
1145 5111 1236 5171 καὶ
1263 5116 1723 5196 πεφενακισμένων

182 5192 567 5263 προσποιοῦνται
602 5197 900 5271 καταγελᾶν
941 5199 1128 5270 αὐτῶν,
1166 5198 1360 5259 ὁπόταν
1403 5200 1458 5261 δὲ
1498 5204 1722 5283 τύχωσι,

188 5274 552 5347 μεταὸαλόντες
573 5282 645 5347 ὡς
665 5280 785 5363 περὶ
812 5285 1134 5345 πλεονεκτεῖν
1165 5288 1464 5367 δυναμένων
1497 5273 1612 5361 τοὺς
1635 5294 1723 5353 λό-

969 456 1360 520 ISOCRATIS
1401 453 1692 517 ORATIO
1733 452 1834 513 DE
1877 448 2505 512 PERMUTATIONE.

1836 596 1944 645 240.
1980 591 2279 643 manifestius
2302 590 2443 641 etiam
2472 602 2531 639 ex
2558 587 2617 637 iis
2652 600 2763 651 quoe
2786 585 2958 637 dicturi
2990 598 3157 635 sumus
3180 584 3347 635 intelli·

1773 706 1895 769 getis
1918 718 2065 769 quam
2097 704 2238 765 louge
2256 700 2319 751 ab
2344 714 2401 750 eo
2433 698 2677 759 absimus,
2700 700 2755 747 ut
2776 695 3103 747 adolescentes
3136 708 3345 745 corrum-

1777 827 1967 877 pamus,
1988 816 2109 862 Nam
2130 812 2169 861 si
2184 810 2278 859 tale
2297 808 2411 872 quid
2427 808 2707 866 faceremus,
2722 820 2815 855 uon
2834 804 3145 867 Lysimachus
3164 804 3205 853 is
3224 808 3353 854 esset

1773 919 1856 985 flui
1871 931 1931 967 eo
1948 917 2139 966 nomine
2154 916 2353 974 doleret,
2371 928 2527 978 neque
2544 915 2799 977 quisquam
2814 911 3029 974 ejusdem
3042 911 3345 973 conditioniS,

1781 1025 1866 1076 sed
1903 1028 2065 1089 patres
2101 1024 2443 1087 discipulorum
2488 1027 2760 1073 nostrorum
2804 1024 2853 1072 et
2886 1022 3178 1085 propinquos
3217 1020 3357 1071 nobis

1776 1134 1988 1185 infensos
2006 1134 2258 1196 videretis,
2278 1137 2327 1183 et
2346 1133 2471 1182 diem
2493 1132 2651 1182 dicere
2664 1167 2679 1192 ,
2698 1132 2843 1194 idque
2861 1144 2999 1193 agere
3018 1135 3072 1179 ut
3086 1142 3277 1193 poenam
3297 1128 3357 1178 de

1785 1244 1927 1295 nobis
1943 1247 2202 1295 sumerent.
2239 1244 2367 1308 (241)
2391 1246 2530 1294 Nunc
2552 1254 2665 1291 vero
2683 1242 2749 1291 illi
2770 1241 2893 1291 filios
2908 1254 3036 1291 curae
3054 1244 3233 1291 nostroe
3253 1253 3355 1303 per-

1777 1351 1995 1413 mittunt,
2012 1340 2359 1415 pecuniamque
2375 1350 2605 1415 pendunt,
2622 1350 2925 1412 gaudentque
2940 1349 2980 1398 si
2996 1361 3081 1399 eos
3092 1362 3121 1397 n
3131 1348 3300 1398 obiscu
3310 1362 3355 1397 m

1779 1460 1964 1511 versari
1982 1459 2170 1522 vident5
2198 1460 2509 1523 sycophantae
2538 1462 2700 1508 autem
2720 1448 3092 1518 calumniantur,
3122 1457 3359 1520 nobisque

1778 1570 1965 1632 negotia
1983 1570 2233 1633 exhibent,
2258 1570 2436 1633 quibus
2448 1568 2645 1633 quinam
2664 1568 2893 1619 libentius
2914 1567 3093 1617 multos
3112 1567 3242 1617 cives
3258 1580 3359 1616 cor·

1781 1680 1949 1742 ruptos
1968 1684 2015 1728 et
2028 1678 2314 1743 depravatos
2334 1678 2557 1728 videant?
2573 1678 2738 1727 Sciunt
2752 1677 2877 1727 enim
2890 1690 2940 1726 se
2954 1675 3077 1725 inter
3092 1675 3211 1725 tales
3225 1675 3355 1724 cives

1781 1787 2031 1851 imperium
2068 1787 2314 1849 obtinere;
2356 1800 2383 1835 a
2416 1786 2554 1835 bouis
2585 1766 2891 1848 honestisque
2915 1787 2964 1833 et
3000 1782 3208 1833 cordatis
3234 1782 3353 1832 viris

1783 1899 1943 1945 autem
1966 1894 2259 1959 pessumdari
2273 1932 2287 1957 ,
2309 1894 2350 1944 si
2367 1894 2649 1958 deprehensi
2664 1894 2776 1943 sint.
2834 1893 2964 1956 (242)
2986 1895 3155 1955 Itaque
3174 1892 3224 1963 lii
3248 1904 3358 1954 pru-

1787 2008 1959 2059 denter
1996 2012 2170 2070 agunt,
2206 2007 2249 2057 si
2274 2006 2435 2057 omnia
2465 2004 2701 2067 ejusmodi
2730 2004 2887 2054 studia
2918 2003 3076 2055 delere
3108 2003 3360 2066 studeant,

1785 2115 1967 2180 quibus
1985 2117 2116 2166 cives
2144 2115 2362 2166 meliores
2386 2114 2536 2164 tactos
2558 2114 2661 2164 suis
2683 2113 2999 2178 pravitatibus
3028 2118 3079 2165 et
3112 2112 3364 2177 praestigiis

1789 2227 1949 2274 ninus
1961 2227 2253 2288 opportunos
2268 2224 2369 2273 sore
2383 2223 2603 2273 credant:
2625 2236 2716 2273 vos
2734 2223 2895 2272 autem
2912 2236 3021 2286 quae
3039 2222 3111 2272 llis
3127 2223 3364 2273 contraria

1785 2334 1896 2382 suut
1915 2346 1971 2382 ea
1990 2331 2143 2381 facere
2164 2330 2329 2394 decet,
2364 2332 2414 2380 et
2444 2329 2523 2379 illa
2546 2328 2709 2380 studia
2730 2342 2926 2380 censere
2952 2329 3161 2393 optima,
3187 2329 3364 2392 quibus

1789 2442 1880 2491 hos
1901 2439 2205 2505 potissimum
2222 2437 2465 2489 adversari
2484 2439 2708 2489 videatis.

1851 2554 1962 2599 243.
1987 2548 2263 2600 Absurdum
2282 2547 2398 2613 quid
2422 2546 2541 2597 mihi
2561 2546 2767 2608 accidit3
2787 2545 2972 2597 dicetur
2988 2546 3138 2607 enim,
3155 2544 3302 2598 etiam
3322 2548 3362 2597 si

1789 2653 1872 2718 qui
1885 2666 1963 2704 me
1976 2653 2117 2703 valde
2131 2652 2357 2703 mobilem
2370 2666 2475 2703 esse
2491 2652 2772 2712 affirmaturi
2800 2653 2911 2702 sint.
2931 2652 3093 2703 Paullo
3112 2657 3221 2703 ante
3235 2654 3365 2704 enim

1791 2759 2010 2810 dicebam
2034 2759 2213 2809 multos
2234 2759 2388 2809 bonos
2412 2758 2735 2823 honestosque
2754 2760 2887 2809 viros
2909 2758 3040 2809 salsis
3057 2758 3119 2810 de
3140 2760 3363 2824 eloquen-

1791 2986 1920 3023 nunc
1945 2985 2061 3023 vero
2081 2974 2182 3023 tam
2200 2972 2451 3037 perspicua
2485 2974 2536 3023 et
2556 2971 2797 3023 evidentia
2818 2973 3045 3023 omnibus
3087 2974 3233 3023 verba
3254 2986 3366 3037 quae

1793 3080 1882 3131 feci
1915 3093 2023 3131 esse
2043 3092 2244 3142 censeo,
2282 3084 2339 3129 ut
2366 3092 2511 3129 nemo
2530 3079 2633 3129 vim
2655 3080 2785 3129 illius
2821 3080 3038 3142 ignorare
3071 3094 3211 3144 posse
3248 3082 3366 3132 mibi

1793 3184 2031 3249 videatur,
2055 3198 2213 3248 neque
2238 3198 2329 3234 nos
2350 3198 2407 3234 eo
2436 3184 2630 3235 nomine
2652 3198 2908 3248 accusare,
2944 3184 3077 3249 quod
3109 3185 3369 3249 discipulos

1793 3305 2190 3356 corrumpamus,
2216 3305 2371 3355 neque
2396 3306 2453 3341 eo
2476 3292 2623 3341 animi
2646 3292 2823 3342 affectu
2857 3305 2991 3353 esse,
3026 3286 3171 3358 quem
3204 3293 3367 3357 paullo

1797 3400 1907 3449 ante
1930 3400 1978 3447 in
2002 3398 2062 3448 iis
2081 3398 2501 3461 reprehendebam.
2602 3400 2733 3464 (244)
2758 3401 2818 3451 At
2842 3400 2883 3451 si
2907 3412 3017 3453 vera
3039 3401 3197 3452 dic-ere
3218 3415 3371 3466 eaque

1795 3518 1906 3569 quae
1922 3505 2069 3555 menti
2088 3518 2210 3555 meae
2228 3504 2565 3569 obversantur,
2585 3504 2796 3569 profiteri
2818 3506 2931 3557 licet
2944 3543 2959 3570 ,
2980 3521 3149 3559 omnes
3166 3511 3255 3573 qui
3274 3524 3370 3560 am·

1797 3610 1981 3661 bitione
2005 3610 2255 3672 ducantur,
2280 3610 2483 3674 cupidos
2506 3624 2614 3661 esse
2646 3616 2695 3661 et
2726 3612 2977 3676 sapientias
2998 3619 3049 3664 et
3081 3615 3369 3679 eloquentiae

1797 3714 2018 3776 arbitror,
2058 3714 2295 3777 negligere
2335 3728 2451 3765 vero
2487 3715 2575 3765 has
2609 3722 2736 3765 artes
2770 3717 2943 3779 partim
2979 3719 3197 3769 socordia
3211 3757 3226 3782 ,
3261 3733 3365 3784 par·

1797 3824 1886 3871 tim
1915 3820 2179 3871 diffidentia
2197 3820 2372 3871 virium
2398 3834 2595 3871 suarum
2610 3858 2625 3883 ,
2648 3825 2821 3886 partim
2842 3824 2949 3874 aliis
2971 3823 3031 3875 de
3053 3826 3238 3888 causis,
3257 3841 3371 3890 qua·

1799 3939 1908 3975 rum
1930 3938 2160 3974 uumerus
2178 3937 2382 3987 magnus
2404 3928 2509 3987 est,
2545 3926 2676 3991 (245)
2700 3941 2879 3991 eosque
2900 3928 3049 3991 quiin
3072 3929 3167 3981 illis
3186 3932 3373 3983 artibus

1801 4022 2005 4071 multam
2039 4035 2233 4085 operam
2258 4026 2437 4087 ponant
2460 4038 2612 4089 eaque
2641 4040 2753 4091 quae
2779 4028 2869 4092 ipsi
2893 4030 3117 4093 cupiant,
3141 4034 3371 4097 consequi

1803 4119 2053 4183 studeant,
2067 4119 2264 4170 moleste
2283 4120 2406 4171 serre
2428 4124 2478 4172 et
2500 4123 2679 4173 invidia
2695 4128 2935 4189 persequi,
2960 4131 3009 4178 et
3030 4128 3191 4178 animo
3214 4130 3263 4179 in
3290 4144 3373 4183 eos

1802 4232 1906 4269 esse
1922 4218 2214 4282 perturbato,
2228 4219 2273 4269 in
2287 4220 2527 4284 similique
2544 4224 2727 4273 versari
2747 4225 3019 4277 conditione
3036 4231 3181 4292 atque
3212 4242 3371 4281 aman·

1805 4321 1892 4367 tes.
1911 4319 2033 4375 Quae
2053 4318 2181 4367 enim
2200 4317 2291 4366 bac
2311 4316 2581 4368 criminatio
2599 4318 2847 4371 decentior
2866 4323 2925 4373 iis
2944 4324 3206 4378 inferatur?
3241 4328 3372 4392 (246)

1806 4414 1889 4478 qui
1922 4428 2193 4477 quanquam
2238 4414 2405 4466 beatos
2433 4417 2695 4481 praedicant
2716 4418 2871 4483 iisque
2892 4420 3111 4474 invident
3141 4425 3225 4489 qui
3250 4432 3375 4478 recte

1807 4512 1880 4562 uti
1897 4512 2115 4564 oratione
2130 4516 2350 4576 possunt,
2371 4514 2695 4567 adolescentes
2708 4520 2869 4569 tamen
2880 4525 3125 4584 accusant,
3146 4525 3229 4587 qui
3246 4524 3375 4576 hunc

1807 4612 2037 4661 bonorem
2056 4614 2316 4663 sectentur.
2345 4617 2505 4679 Atque
2532 4628 2675 4665 nemo
2710 4618 2783 4667 est
2804 4619 2886 4682 qui
2906 4620 2998 4671 hoc
3021 4624 3143 4673 votis
3171 4624 3261 4674 sibi
3280 4640 3374 4676 nou

1807 4708 2111 4771 potissimum
2134 4725 2163 4761 a
2183 4711 2276 4761 diis
2299 4716 2538 4777 precetur,
2559 4718 2616 4764 ut
2637 4716 2741 4779 ipse
2763 4717 2968 4768 dicendo
2986 4720 3170 4784 valeat3
3194 4723 3267 4773 sin
3286 4726 3373 4773 mi·

1808 4822 1929 4871 nus,
1952 4815 2009 4859 ut
2025 4809 2110 4860 filii
2130 4814 2179 4862 et
2200 4814 2485 4877 necessat-in
2568 4817 2699 4880 (247)
2724 4818 2807 4881 qui
2832 4830 2946 4870 vero
2967 4820 3129 4872 labore
3150 4828 3199 4872 et
3217 4824 3375 4875 studio

1807 4904 1858 4954 id
1877 4905 2130 4969 impetrare
2148 4908 2383 4972 nituntur,
2404 4912 2535 4974 quod
2555 4912 2645 4976 ipsi
2663 4928 2691 4963 a
2710 4913 2801 4964 diis
2817 4917 3031 4979 accipere
3051 4918 3237 4981 volunt,
3256 4921 3374 4973 nihil
3408 4941 3413 4945 ·

1809 5001 1938 5064 quod
1954 5002 2156 5054 debeant
2184 5004 2335 5057 facere
2352 5007 2512 5071 aiunt,
2532 5009 2619 5059 sed
2641 5010 2881 5061 interdum
2905 5026 2958 5063 se
2984 5026 3067 5064 eos
3082 5015 3375 5081 utdeceptos

1809 5100 1859 5147 et
1881 5097 2047 5149 illusos
2085 5100 2301 5153 deridere
2337 5104 2593 5169 simulant3
2630 5111 2883 5171 postquam
2908 5122 3023 5160 vero
3048 5111 3374 5165 adolescentes

1811 5197 1940 5260 quod
1981 5203 2208 5263 quaerunt
2246 5204 2452 5253 assecuti
2488 5209 2629 5270 sunt,
2656 5209 2843 5257 mutata
2873 5213 3111 5263 sententia
3144 5215 3371 5280 tanquam

1811 5306 1987 5369 iniusta
2010 5308 2141 5359 lucra
2162 5322 2330 5372 parare
2350 5310 2439 5363 sibl
2462 5314 2650 5375 possint
2676 5314 2956 5379 loquuntur.
3023 5322 3154 5387 (248)
3181 5326 3245 5377 Et
3262 5335 3352 5377 con
