<?xml version="1.0" encoding="UTF-8"?>
<!DOCTYPE html PUBLIC "-//W3C//DTD XHTML 1.0 Transitional//EN"
    "http://www.w3.org/TR/xhtml1/DTD/xhtml1-transitional.dtd">
<html xmlns="http://www.w3.org/1999/xhtml" xml:lang="en" lang="en">
 <head>
  <title>
</title>
<meta http-equiv="Content-Type" content="text/html;charset=utf-8" />
  <meta name='ocr-system' content='tesseract 3.04.00' />
  <meta name='ocr-capabilities' content='ocr_page ocr_carea ocr_par ocr_line ocrx_word'/>
</head>
<body>
  <div class='ocr_page' id='page_1' title='image "./oratoresatticia03unkngoog/oratoresatticia03unkngoog_0461.png"; bbox 0 0 3825 5842; ppageno 0'>
   <div class='ocr_carea' id='block_1_1' title="bbox 1122 461 2248 530">
    <p class='ocr_par' dir='ltr' id='par_1_1' title="bbox 1122 461 2248 530">
     <span class='ocr_line' id='line_1_1' title="bbox 1122 461 2248 530; baseline 0.006 -8"><span class='ocrx_word' id='word_1_1' title='bbox 1122 461 1510 525; x_wconf 75' lang='lat' dir='ltr'><strong>lSOCRATlS</strong></span> <span class='ocrx_word' id='word_1_2' title='bbox 1552 463 1846 526; x_wconf 81' lang='lat' dir='ltr'>ORATIO</span> <span class='ocrx_word' id='word_1_3' title='bbox 1887 466 1994 527; x_wconf 90' lang='lat' dir='ltr'><strong>DE</strong></span> <span class='ocrx_word' id='word_1_4' title='bbox 2040 467 2248 530; x_wconf 80' lang='lat' dir='ltr'><strong>PACE.</strong></span> 
     </span>
    </p>
   </div>
   <div class='ocr_carea' id='block_1_2' title="bbox 175 585 1695 674">
    <p class='ocr_par' dir='ltr' id='par_1_2' title="bbox 175 585 1695 674">
     <span class='ocr_line' id='line_1_2' title="bbox 175 585 1695 674; baseline 0.002 -25"><span class='ocrx_word' id='word_1_5' title='bbox 175 596 293 656; x_wconf 65' lang='grc' dir='ltr'>(ὅτι.)</span> <span class='ocrx_word' id='word_1_6' title='bbox 317 589 541 659; x_wconf 74' lang='grc' dir='ltr'>διεξιέναι</span> <span class='ocrx_word' id='word_1_7' title='bbox 564 589 685 670; x_wconf 80' lang='grc' dir='ltr'>περὶ</span> <span class='ocrx_word' id='word_1_8' title='bbox 722 591 827 649; x_wconf 88' lang='grc' dir='ltr'><strong>τῶν</strong></span> <span class='ocrx_word' id='word_1_9' title='bbox 847 588 1197 669; x_wconf 70' lang='grc' dir='ltr'><strong>πραγμάτων,</strong></span> <span class='ocrx_word' id='word_1_10' title='bbox 1226 591 1438 662; x_wconf 75' lang='grc' dir='ltr'>εἰκότως</span> <span class='ocrx_word' id='word_1_11' title='bbox 1461 592 1527 654; x_wconf 80' lang='grc' dir='ltr'><strong>ἂν</strong></span> <span class='ocrx_word' id='word_1_12' title='bbox 1555 585 1695 674; x_wconf 66' lang='grc' dir='ltr'>εἶχον</span> 
     </span>
    </p>
   </div>
   <div class='ocr_carea' id='block_1_3' title="bbox 3245 481 3352 536">
    <p class='ocr_par' dir='ltr' id='par_1_3' title="bbox 3245 481 3352 536">
     <span class='ocr_line' id='line_1_3' title="bbox 3245 481 3352 536; baseline 0.009 -1"><span class='ocrx_word' id='word_1_13' title='bbox 3245 481 3352 536; x_wconf 83' lang='lat'><strong>111</strong></span> 
     </span>
    </p>
   </div>
   <div class='ocr_carea' id='block_1_4' title="bbox 1782 608 3362 676">
    <p class='ocr_par' dir='ltr' id='par_1_4' title="bbox 1782 608 3362 676">
     <span class='ocr_line' id='line_1_4' title="bbox 1782 608 3362 676; baseline 0.006 -21"><span class='ocrx_word' id='word_1_14' title='bbox 1782 617 2017 668; x_wconf 75' lang='lat' dir='ltr'><strong>sorerem,</strong></span> <span class='ocrx_word' id='word_1_15' title='bbox 2047 620 2106 657; x_wconf 93' lang='lat' dir='ltr'><strong>eo</strong></span> <span class='ocrx_word' id='word_1_16' title='bbox 2137 609 2330 660; x_wconf 75' lang='lat' dir='ltr'><strong>nornine</strong></span> <span class='ocrx_word' id='word_1_17' title='bbox 2361 608 2578 673; x_wconf 86' lang='lat' dir='ltr'><strong>culparer</strong></span> <span class='ocrx_word' id='word_1_18' title='bbox 2599 609 2730 661; x_wconf 87' lang='lat' dir='ltr'><strong>haud</strong></span> <span class='ocrx_word' id='word_1_19' title='bbox 2761 611 2940 676; x_wconf 87' lang='lat' dir='ltr'><strong>injuria</strong></span> <span class='ocrx_word' id='word_1_20' title='bbox 2966 627 3132 665; x_wconf 90' lang='lat' dir='ltr'><strong>:nnnc</strong></span> <span class='ocrx_word' id='word_1_21' title='bbox 3160 627 3274 665; x_wconf 88' lang='lat' dir='ltr'><strong>vero</strong></span> <span class='ocrx_word' id='word_1_22' title='bbox 3301 615 3362 665; x_wconf 88' lang='lat' dir='ltr'><strong>ad</strong></span> 
     </span>
    </p>
   </div>
   <div class='ocr_carea' id='block_1_5' title="bbox 174 675 3362 780">
    <p class='ocr_par' dir='ltr' id='par_1_5' title="bbox 174 675 3362 780">
     <span class='ocr_line' id='line_1_5' title="bbox 174 675 3362 780; baseline 0.004 -23"><span class='ocrx_word' id='word_1_23' title='bbox 174 700 251 747; x_wconf 63' lang='grc' dir='ltr'><strong>τίν</strong></span> <span class='ocrx_word' id='word_1_24' title='bbox 292 678 452 736; x_wconf 62' lang='grc' dir='ltr'>αἰτίαν</span> <span class='ocrx_word' id='word_1_25' title='bbox 478 675 668 748; x_wconf 54' lang='grc' dir='ltr'>ταύτην</span> <span class='ocrx_word' id='word_1_26' title='bbox 686 701 699 714; x_wconf 84' lang='grc'><strong><em>’</em></strong></span> <span class='ocrx_word' id='word_1_27' title='bbox 746 682 836 736; x_wconf 59' lang='grc' dir='ltr'><strong>νῦν</strong></span> <span class='ocrx_word' id='word_1_28' title='bbox 872 679 928 737; x_wconf 66' lang='grc' dir='ltr'><strong>δὲ</strong></span> <span class='ocrx_word' id='word_1_29' title='bbox 958 679 1086 760; x_wconf 65' lang='grc' dir='ltr'>πρὸς</span> <span class='ocrx_word' id='word_1_30' title='bbox 1126 684 1263 759; x_wconf 63' lang='grc' dir='ltr'>ὑμᾶς</span> <span class='ocrx_word' id='word_1_31' title='bbox 1291 687 1544 760; x_wconf 52' lang='grc' dir='ltr'>ποιοῦμαι</span> <span class='ocrx_word' id='word_1_32' title='bbox 1581 683 1698 750; x_wconf 62' lang='grc' dir='ltr'>τοὺς</span> <span class='ocrx_word' id='word_1_33' title='bbox 1727 701 1761 740; x_wconf 79' lang='lat' dir='ltr'>C</span> <span class='ocrx_word' id='word_1_34' title='bbox 1795 722 1883 759; x_wconf 91' lang='lat' dir='ltr'><strong>vos</strong></span> <span class='ocrx_word' id='word_1_35' title='bbox 1900 723 2008 760; x_wconf 90' lang='lat' dir='ltr'><strong>mea</strong></span> <span class='ocrx_word' id='word_1_36' title='bbox 2031 713 2336 762; x_wconf 86' lang='lat' dir='ltr'><strong>seconvertit</strong></span> <span class='ocrx_word' id='word_1_37' title='bbox 2357 713 2538 774; x_wconf 80' lang='lat' dir='ltr'><strong>oratio,</strong></span> <span class='ocrx_word' id='word_1_38' title='bbox 2561 727 2682 778; x_wconf 90' lang='lat' dir='ltr'><strong>quos</strong></span> <span class='ocrx_word' id='word_1_39' title='bbox 2712 729 2808 765; x_wconf 90' lang='lat' dir='ltr'><strong>non</strong></span> <span class='ocrx_word' id='word_1_40' title='bbox 2829 716 2956 780; x_wconf 87' lang='lat' dir='ltr'><strong>apud</strong></span> <span class='ocrx_word' id='word_1_41' title='bbox 2977 716 3097 767; x_wconf 85' lang='lat' dir='ltr'><strong>alios</strong></span> <span class='ocrx_word' id='word_1_42' title='bbox 3121 717 3362 769; x_wconf 72' lang='lat' dir='ltr'><strong>traducere</strong></span> 
     </span>
    </p>
   </div>
   <div class='ocr_carea' id='block_1_6' title="bbox 136 764 1707 1118">
    <p class='ocr_par' dir='ltr' id='par_1_6' title="bbox 136 764 1707 1118">
     <span class='ocr_line' id='line_1_6' title="bbox 179 764 1705 849; baseline 0.005 -25"><span class='ocrx_word' id='word_1_43' title='bbox 179 767 360 842; x_wconf 77' lang='grc' dir='ltr'>λόγους,</span> <span class='ocrx_word' id='word_1_44' title='bbox 391 769 444 826; x_wconf 83' lang='grc' dir='ltr'>οὗ</span> <span class='ocrx_word' id='word_1_45' title='bbox 472 764 770 826; x_wconf 75' lang='grc' dir='ltr'>διαὸάλλειν</span> <span class='ocrx_word' id='word_1_46' title='bbox 805 766 998 849; x_wconf 78' lang='grc' dir='ltr'>ἑτέροις</span> <span class='ocrx_word' id='word_1_47' title='bbox 1038 771 1331 848; x_wconf 77' lang='grc' dir='ltr'>ἐπιθυμῶν,</span> <span class='ocrx_word' id='word_1_48' title='bbox 1364 771 1479 830; x_wconf 84' lang='grc' dir='ltr'>ἀλλ’</span> <span class='ocrx_word' id='word_1_49' title='bbox 1520 770 1705 840; x_wconf 74' lang='grc' dir='ltr'>αὐτοὺς</span> 
     </span>
     <span class='ocr_line' id='line_1_7' title="bbox 182 855 1707 940; baseline 0.006 -29"><span class='ocrx_word' id='word_1_50' title='bbox 182 856 457 934; x_wconf 79' lang='grc' dir='ltr'>βουλόμενος</span> <span class='ocrx_word' id='word_1_51' title='bbox 482 861 683 914; x_wconf 80' lang='grc' dir='ltr'>παῦσαι</span> <span class='ocrx_word' id='word_1_52' title='bbox 703 859 807 914; x_wconf 88' lang='grc' dir='ltr'><strong>τῶν</strong></span> <span class='ocrx_word' id='word_1_53' title='bbox 835 857 1079 916; x_wconf 81' lang='grc' dir='ltr'>τοιούτων</span> <span class='ocrx_word' id='word_1_54' title='bbox 1104 855 1291 938; x_wconf 81' lang='grc' dir='ltr'>ἔργων,</span> <span class='ocrx_word' id='word_1_55' title='bbox 1317 859 1407 919; x_wconf 77' lang='grc' dir='ltr'><strong>καὶ</strong></span> <span class='ocrx_word' id='word_1_56' title='bbox 1434 858 1530 934; x_wconf 83' lang='grc' dir='ltr'><strong>τὴν</strong></span> <span class='ocrx_word' id='word_1_57' title='bbox 1563 860 1707 940; x_wconf 77' lang='grc' dir='ltr'>εἰρή-</span> 
     </span>
     <span class='ocr_line' id='line_1_8' title="bbox 136 935 1703 1026; baseline 0.002 -20"><span class='ocrx_word' id='word_1_58' title='bbox 136 969 157 1006; x_wconf 79' lang='lat' dir='ltr'><strong>s</strong></span> <span class='ocrx_word' id='word_1_59' title='bbox 178 968 271 1017; x_wconf 77' lang='grc' dir='ltr'>νην,</span> <span class='ocrx_word' id='word_1_60' title='bbox 292 946 401 1026; x_wconf 81' lang='grc' dir='ltr'>περὶ</span> <span class='ocrx_word' id='word_1_61' title='bbox 418 935 478 1016; x_wconf 71' lang='grc' dir='ltr'><strong>ἧς</strong></span> <span class='ocrx_word' id='word_1_62' title='bbox 502 945 639 1012; x_wconf 80' lang='grc' dir='ltr'>ἅπας</span> <span class='ocrx_word' id='word_1_63' title='bbox 664 947 691 1002; x_wconf 80' lang='grc' dir='ltr'>δ</span> <span class='ocrx_word' id='word_1_64' title='bbox 710 945 863 1023; x_wconf 81' lang='grc' dir='ltr'>λόγος</span> <span class='ocrx_word' id='word_1_65' title='bbox 888 946 1002 1005; x_wconf 81' lang='grc' dir='ltr'>ἐστί</span> <span class='ocrx_word' id='word_1_66' title='bbox 1020 991 1036 1021; x_wconf 93' lang='grc'>,</span> <span class='ocrx_word' id='word_1_67' title='bbox 1069 946 1292 1026; x_wconf 79' lang='grc' dir='ltr'>βεὸαίως</span> <span class='ocrx_word' id='word_1_68' title='bbox 1324 947 1414 1006; x_wconf 74' lang='grc' dir='ltr'><strong>καὶ</strong></span> <span class='ocrx_word' id='word_1_69' title='bbox 1442 947 1535 1021; x_wconf 83' lang='grc' dir='ltr'><strong>τὴν</strong></span> <span class='ocrx_word' id='word_1_70' title='bbox 1556 950 1703 1009; x_wconf 90' lang='grc' dir='ltr'>πόλιν</span> 
     </span>
     <span class='ocr_line' id='line_1_9' title="bbox 176 1030 1706 1118; baseline 0.005 -27"><span class='ocrx_word' id='word_1_71' title='bbox 176 1032 253 1091; x_wconf 82' lang='grc' dir='ltr'><strong>καὶ</strong></span> <span class='ocrx_word' id='word_1_72' title='bbox 274 1033 381 1101; x_wconf 80' lang='grc' dir='ltr'>τοὺς</span> <span class='ocrx_word' id='word_1_73' title='bbox 406 1034 587 1100; x_wconf 86' lang='grc' dir='ltr'>ἄλλους</span> <span class='ocrx_word' id='word_1_74' title='bbox 601 1030 869 1107; x_wconf 82' lang='grc' dir='ltr'>Ἕλληνας</span> <span class='ocrx_word' id='word_1_75' title='bbox 888 1037 1123 1116; x_wconf 80' lang='grc' dir='ltr'>ἀγαγεῖν.</span> <span class='ocrx_word' id='word_1_76' title='bbox 1154 1039 1243 1116; x_wconf 72' lang='grc'>(72)</span> <span class='ocrx_word' id='word_1_77' title='bbox 1262 1037 1486 1118; x_wconf 78' lang='grc' dir='ltr'>Ἀνάγκη</span> <span class='ocrx_word' id='word_1_78' title='bbox 1512 1035 1567 1097; x_wconf 79' lang='grc' dir='ltr'>δὲ</span> <span class='ocrx_word' id='word_1_79' title='bbox 1589 1037 1706 1108; x_wconf 79' lang='grc' dir='ltr'>τοὺς</span> 
     </span>
    </p>
   </div>
   <div class='ocr_carea' id='block_1_7' title="bbox 1796 815 3362 986">
    <p class='ocr_par' dir='ltr' id='par_1_7' title="bbox 1796 815 3362 986">
     <span class='ocr_line' id='line_1_10' title="bbox 1796 815 3360 888; baseline 0.006 -23"><span class='ocrx_word' id='word_1_80' title='bbox 1796 815 2002 879; x_wconf 84' lang='lat' dir='ltr'><strong>studeo,</strong></span> <span class='ocrx_word' id='word_1_81' title='bbox 2035 817 2120 868; x_wconf 90' lang='lat' dir='ltr'><strong>sed</strong></span> <span class='ocrx_word' id='word_1_82' title='bbox 2159 817 2265 868; x_wconf 91' lang='lat' dir='ltr'><strong>istis</strong></span> <span class='ocrx_word' id='word_1_83' title='bbox 2293 819 2430 870; x_wconf 78' lang='lat' dir='ltr'><strong>sactis</strong></span> <span class='ocrx_word' id='word_1_84' title='bbox 2462 820 2700 872; x_wconf 88' lang='lat' dir='ltr'><strong>abstinere</strong></span> <span class='ocrx_word' id='word_1_85' title='bbox 2731 823 2902 885; x_wconf 90' lang='lat' dir='ltr'><strong>cupio,</strong></span> <span class='ocrx_word' id='word_1_86' title='bbox 2932 824 3004 874; x_wconf 91' lang='lat' dir='ltr'><strong>uti</strong></span> <span class='ocrx_word' id='word_1_87' title='bbox 3028 837 3148 888; x_wconf 83' lang='lat' dir='ltr'><strong>pax,</strong></span> <span class='ocrx_word' id='word_1_88' title='bbox 3181 824 3244 874; x_wconf 96' lang='lat' dir='ltr'><strong>de</strong></span> <span class='ocrx_word' id='word_1_89' title='bbox 3266 838 3360 888; x_wconf 87' lang='lat' dir='ltr'><strong>qua</strong></span> 
     </span>
     <span class='ocr_line' id='line_1_11' title="bbox 1796 915 3362 986; baseline 0.006 -21"><span class='ocrx_word' id='word_1_90' title='bbox 1796 915 2128 984; x_wconf 35' lang='lat' dir='ltr'><strong>omnis-oratio</strong></span> <span class='ocrx_word' id='word_1_91' title='bbox 2149 918 2236 978; x_wconf 87' lang='lat' dir='ltr'><strong>est,</strong></span> <span class='ocrx_word' id='word_1_92' title='bbox 2257 921 2530 970; x_wconf 75' lang='lat' dir='ltr'><strong>constanter</strong></span> <span class='ocrx_word' id='word_1_93' title='bbox 2548 922 2598 970; x_wconf 91' lang='lat' dir='ltr'><strong>et</strong></span> <span class='ocrx_word' id='word_1_94' title='bbox 2616 932 2646 969; x_wconf 85' lang='lat' dir='ltr'><strong>a</strong></span> <span class='ocrx_word' id='word_1_95' title='bbox 2669 919 2803 970; x_wconf 86' lang='lat' dir='ltr'><strong>vobis</strong></span> <span class='ocrx_word' id='word_1_96' title='bbox 2821 925 2865 969; x_wconf 77' lang='lat' dir='ltr'><strong>el</strong></span> <span class='ocrx_word' id='word_1_97' title='bbox 2887 921 2948 972; x_wconf 88' lang='lat' dir='ltr'><strong>ab</strong></span> <span class='ocrx_word' id='word_1_98' title='bbox 2968 921 3164 986; x_wconf 89' lang='lat' dir='ltr'><strong>reliquis</strong></span> <span class='ocrx_word' id='word_1_99' title='bbox 3182 923 3362 975; x_wconf 67' lang='lat' dir='ltr'><strong>Graecis</strong></span> 
     </span>
    </p>
   </div>
   <div class='ocr_carea' id='block_1_8' title="bbox 1794 1019 3359 1087">
    <p class='ocr_par' dir='ltr' id='par_1_8' title="bbox 1794 1019 3359 1087">
     <span class='ocr_line' id='line_1_12' title="bbox 1794 1019 3359 1087; baseline 0.005 -21"><span class='ocrx_word' id='word_1_100' title='bbox 1794 1021 1980 1080; x_wconf 83' lang='lat' dir='ltr'><strong>agatur.</strong></span> <span class='ocrx_word' id='word_1_101' title='bbox 2047 1020 2092 1082; x_wconf 92' lang='grc'><strong>(7</strong></span> <span class='ocrx_word' id='word_1_102' title='bbox 2100 1019 2146 1083; x_wconf 80' lang='lat'><strong>2)</strong></span> <span class='ocrx_word' id='word_1_103' title='bbox 2171 1019 2294 1070; x_wconf 81' lang='lat' dir='ltr'>Fieri</span> <span class='ocrx_word' id='word_1_104' title='bbox 2312 1024 2472 1072; x_wconf 86' lang='lat' dir='ltr'><strong>autem</strong></span> <span class='ocrx_word' id='word_1_105' title='bbox 2495 1035 2590 1070; x_wconf 91' lang='lat' dir='ltr'><strong>uon</strong></span> <span class='ocrx_word' id='word_1_106' title='bbox 2617 1023 2775 1085; x_wconf 81' lang='lat' dir='ltr'><strong>potest</strong></span> <span class='ocrx_word' id='word_1_107' title='bbox 2794 1023 2912 1086; x_wconf 90' lang='lat' dir='ltr'><strong>quin</strong></span> <span class='ocrx_word' id='word_1_108' title='bbox 2925 1023 3076 1087; x_wconf 91' lang='lat' dir='ltr'><strong>etqui</strong></span> <span class='ocrx_word' id='word_1_109' title='bbox 3099 1026 3296 1074; x_wconf 88' lang='lat' dir='ltr'><strong>monent</strong></span> <span class='ocrx_word' id='word_1_110' title='bbox 3312 1027 3359 1074; x_wconf 85' lang='lat' dir='ltr'><strong>et</strong></span> 
     </span>
    </p>
   </div>
   <div class='ocr_carea' id='block_1_9' title="bbox 178 1116 3358 1207">
    <p class='ocr_par' dir='ltr' id='par_1_9' title="bbox 178 1116 3358 1207">
     <span class='ocr_line' id='line_1_13' title="bbox 178 1116 3358 1207; baseline -0.003 -25"><span class='ocrx_word' id='word_1_111' title='bbox 178 1128 504 1189; x_wconf 70' lang='grc' dir='ltr'>νουθετοῦντας</span> <span class='ocrx_word' id='word_1_112' title='bbox 532 1121 624 1182; x_wconf 77' lang='grc' dir='ltr'><strong>καὶ</strong></span> <span class='ocrx_word' id='word_1_113' title='bbox 652 1122 767 1190; x_wconf 75' lang='grc' dir='ltr'>τοὺς</span> <span class='ocrx_word' id='word_1_114' title='bbox 806 1129 1224 1206; x_wconf 77' lang='grc' dir='ltr'>κατηγοροῦντας</span> <span class='ocrx_word' id='word_1_115' title='bbox 1258 1133 1367 1193; x_wconf 88' lang='grc' dir='ltr'>τοῖς</span> <span class='ocrx_word' id='word_1_116' title='bbox 1404 1125 1500 1204; x_wconf 78' lang='grc' dir='ltr'><strong>μὲν</strong></span> <span class='ocrx_word' id='word_1_117' title='bbox 1536 1126 1706 1207; x_wconf 71' lang='grc' dir='ltr'>λόγοις</span> <span class='ocrx_word' id='word_1_118' title='bbox 1792 1116 1876 1180; x_wconf 86' lang='lat' dir='ltr'><strong>qui</strong></span> <span class='ocrx_word' id='word_1_119' title='bbox 1892 1120 2143 1180; x_wconf 84' lang='lat' dir='ltr'><strong>accusant,</strong></span> <span class='ocrx_word' id='word_1_120' title='bbox 2163 1118 2324 1169; x_wconf 89' lang='lat' dir='ltr'><strong>verbis</strong></span> <span class='ocrx_word' id='word_1_121' title='bbox 2339 1120 2536 1169; x_wconf 86' lang='lat' dir='ltr'><strong>utantur</strong></span> <span class='ocrx_word' id='word_1_122' title='bbox 2553 1133 2649 1170; x_wconf 89' lang='lat' dir='ltr'><strong>nou</strong></span> <span class='ocrx_word' id='word_1_123' title='bbox 2662 1119 3269 1185; x_wconf 75' lang='lat' dir='ltr'><strong>ieredissimilibus,quum</strong></span> <span class='ocrx_word' id='word_1_124' title='bbox 3285 1122 3358 1173; x_wconf 79' lang='lat' dir='ltr'><strong>vis</strong></span> 
     </span>
    </p>
   </div>
   <div class='ocr_carea' id='block_1_10' title="bbox 175 1211 3359 1395">
    <p class='ocr_par' dir='ltr' id='par_1_10' title="bbox 175 1211 3359 1395">
     <span class='ocr_line' id='line_1_14' title="bbox 175 1211 1704 1294; baseline 0.003 -25"><span class='ocrx_word' id='word_1_125' title='bbox 175 1214 372 1290; x_wconf 71' lang='grc' dir='ltr'>χρῆσθαι</span> <span class='ocrx_word' id='word_1_126' title='bbox 396 1211 807 1292; x_wconf 69' lang='grc' dir='ltr'>παραπλησίοις,</span> <span class='ocrx_word' id='word_1_127' title='bbox 827 1212 922 1281; x_wconf 77' lang='grc' dir='ltr'><strong>τὰς</strong></span> <span class='ocrx_word' id='word_1_128' title='bbox 946 1211 1003 1272; x_wconf 80' lang='grc' dir='ltr'>δὲ</span> <span class='ocrx_word' id='word_1_129' title='bbox 1037 1214 1266 1283; x_wconf 80' lang='grc' dir='ltr'>διανοίας</span> <span class='ocrx_word' id='word_1_130' title='bbox 1290 1214 1429 1294; x_wconf 74' lang='grc' dir='ltr'>ἔχειν</span> <span class='ocrx_word' id='word_1_131' title='bbox 1458 1215 1704 1288; x_wconf 76' lang='grc' dir='ltr'>ἀλλήλοις</span> 
     </span>
     <span class='ocr_line' id='line_1_15' title="bbox 919 1298 3359 1395; baseline 0.005 -27"><span class='ocrx_word' id='word_1_132' title='bbox 919 1298 1096 1361; x_wconf 70' lang='grc' dir='ltr'>Ὥστε</span> <span class='ocrx_word' id='word_1_133' title='bbox 1130 1303 1251 1384; x_wconf 70' lang='grc' dir='ltr'>περὶ</span> <span class='ocrx_word' id='word_1_134' title='bbox 1274 1307 1379 1361; x_wconf 75' lang='grc' dir='ltr'><strong>τῶν</strong></span> <span class='ocrx_word' id='word_1_135' title='bbox 1414 1303 1581 1364; x_wconf 73' lang='grc' dir='ltr'><strong>ταῦτᾶ</strong></span> <span class='ocrx_word' id='word_1_136' title='bbox 1612 1305 1704 1364; x_wconf 71' lang='grc' dir='ltr'><strong>λε·</strong></span> <span class='ocrx_word' id='word_1_137' title='bbox 1736 1301 1777 1366; x_wconf 85' lang='lat' dir='ltr'><strong>d</strong></span> <span class='ocrx_word' id='word_1_138' title='bbox 1795 1335 1883 1372; x_wconf 92' lang='lat' dir='ltr'><strong>vos</strong></span> <span class='ocrx_word' id='word_1_139' title='bbox 1896 1337 1994 1373; x_wconf 86' lang='lat' dir='ltr'><strong>non</strong></span> <span class='ocrx_word' id='word_1_140' title='bbox 2012 1323 2150 1376; x_wconf 89' lang='lat' dir='ltr'><strong>decet</strong></span> <span class='ocrx_word' id='word_1_141' title='bbox 2164 1325 2224 1378; x_wconf 89' lang='lat' dir='ltr'><strong>de</strong></span> <span class='ocrx_word' id='word_1_142' title='bbox 2238 1325 2333 1387; x_wconf 83' lang='lat' dir='ltr'><strong>bis,</strong></span> <span class='ocrx_word' id='word_1_143' title='bbox 2349 1326 2432 1389; x_wconf 91' lang='lat' dir='ltr'><strong>qui</strong></span> <span class='ocrx_word' id='word_1_144' title='bbox 2447 1327 2613 1377; x_wconf 86' lang='lat' dir='ltr'><strong>eadem</strong></span> <span class='ocrx_word' id='word_1_145' title='bbox 2633 1327 2816 1390; x_wconf 88' lang='lat' dir='ltr'><strong>dicunt,</strong></span> <span class='ocrx_word' id='word_1_146' title='bbox 2825 1328 2996 1380; x_wconf 88' lang='lat' dir='ltr'><strong>eodem</strong></span> <span class='ocrx_word' id='word_1_147' title='bbox 3013 1330 3154 1381; x_wconf 87' lang='lat' dir='ltr'><strong>modo</strong></span> <span class='ocrx_word' id='word_1_148' title='bbox 3169 1343 3359 1395; x_wconf 79' lang='lat' dir='ltr'>semper</span> 
     </span>
    </p>
   </div>
   <div class='ocr_carea' id='block_1_11' title="bbox 174 1290 811 1368">
    <p class='ocr_par' dir='ltr' id='par_1_11' title="bbox 174 1290 811 1368">
     <span class='ocr_line' id='line_1_16' title="bbox 174 1290 811 1368; baseline 0.006 -12"><span class='ocrx_word' id='word_1_149' title='bbox 174 1302 233 1365; x_wconf 76' lang='grc' dir='ltr'><strong>ὡς</strong></span> <span class='ocrx_word' id='word_1_150' title='bbox 257 1290 393 1360; x_wconf 78' lang='grc' dir='ltr'>οἶόντ’</span> <span class='ocrx_word' id='word_1_151' title='bbox 418 1300 811 1368; x_wconf 79' lang='grc' dir='ltr'>ἐναντιωτάτας.</span> 
     </span>
    </p>
   </div>
   <div class='ocr_carea' id='block_1_12' title="bbox 1792 1220 3360 1290">
    <p class='ocr_par' dir='ltr' id='par_1_12' title="bbox 1792 1220 3360 1290">
     <span class='ocr_line' id='line_1_17' title="bbox 1792 1220 3360 1290; baseline 0.004 -20"><span class='ocrx_word' id='word_1_152' title='bbox 1792 1220 1954 1270; x_wconf 81' lang='lat' dir='ltr'><strong>tamen</strong></span> <span class='ocrx_word' id='word_1_153' title='bbox 1969 1221 2220 1286; x_wconf 83' lang='lat' dir='ltr'><strong>utriusque</strong></span> <span class='ocrx_word' id='word_1_154' title='bbox 2229 1222 2456 1274; x_wconf 83' lang='lat' dir='ltr'><strong>orationis</strong></span> <span class='ocrx_word' id='word_1_155' title='bbox 2464 1235 2608 1286; x_wconf 89' lang='lat' dir='ltr'><strong>quam</strong></span> <span class='ocrx_word' id='word_1_156' title='bbox 2625 1224 2894 1287; x_wconf 81' lang='lat' dir='ltr'><strong>longissime</strong></span> <span class='ocrx_word' id='word_1_157' title='bbox 2914 1224 3170 1290; x_wconf 76' lang='lat' dir='ltr'><strong>discrepet.</strong></span> <span class='ocrx_word' id='word_1_158' title='bbox 3200 1231 3360 1287; x_wconf 84' lang='lat' dir='ltr'><strong>Quare</strong></span> 
     </span>
    </p>
   </div>
   <div class='ocr_carea' id='block_1_13' title="bbox 114 1386 3356 1494">
    <p class='ocr_par' dir='ltr' id='par_1_13' title="bbox 114 1386 3356 1494">
     <span class='ocr_line' id='line_1_18' title="bbox 114 1386 3356 1494; baseline 0.003 -29"><span class='ocrx_word' id='word_1_159' title='bbox 114 1419 153 1457; x_wconf 87' lang='lat'><strong>¹⁰</strong></span> <span class='ocrx_word' id='word_1_160' title='bbox 172 1386 339 1465; x_wconf 61' lang='grc' dir='ltr'>Ὑάντων</span> <span class='ocrx_word' id='word_1_161' title='bbox 356 1389 447 1448; x_wconf 58' lang='lat'><strong>⁰¹⁹³*</strong></span> <span class='ocrx_word' id='word_1_162' title='bbox 466 1388 547 1448; x_wconf 60' lang='grc' dir='ltr'><strong>ἀεὶ</strong></span> <span class='ocrx_word' id='word_1_163' title='bbox 565 1388 822 1470; x_wconf 58' lang='grc' dir='ltr'>προσῆν-Ξῖ</span> <span class='ocrx_word' id='word_1_164' title='bbox 846 1387 945 1462; x_wconf 62' lang='grc' dir='ltr'><strong>τὴν</strong></span> <span class='ocrx_word' id='word_1_165' title='bbox 968 1391 1129 1464; x_wconf 64' lang='grc' dir='ltr'>αὐτὴν</span> <span class='ocrx_word' id='word_1_166' title='bbox 1152 1395 1289 1468; x_wconf 61' lang='grc' dir='ltr'>ὑμᾶς</span> <span class='ocrx_word' id='word_1_167' title='bbox 1301 1389 1517 1472; x_wconf 69' lang='grc' dir='ltr'>γνώμην</span> <span class='ocrx_word' id='word_1_168' title='bbox 1544 1393 1704 1475; x_wconf 63' lang='grc' dir='ltr'>ἔχεῑνν</span> <span class='ocrx_word' id='word_1_169' title='bbox 1732 1483 1739 1494; x_wconf 90' lang='lat'><strong>.</strong></span> <span class='ocrx_word' id='word_1_170' title='bbox 1795 1422 2003 1486; x_wconf 85' lang='lat' dir='ltr'><strong>sentire;</strong></span> <span class='ocrx_word' id='word_1_171' title='bbox 2031 1423 2116 1474; x_wconf 89' lang='lat' dir='ltr'><strong>sed</strong></span> <span class='ocrx_word' id='word_1_172' title='bbox 2153 1423 2238 1487; x_wconf 88' lang='lat' dir='ltr'><strong>qui</strong></span> <span class='ocrx_word' id='word_1_173' title='bbox 2273 1423 2475 1474; x_wconf 88' lang='lat' dir='ltr'><strong>nocendi</strong></span> <span class='ocrx_word' id='word_1_174' title='bbox 2513 1423 2764 1476; x_wconf 86' lang='lat' dir='ltr'><strong>voluntate</strong></span> <span class='ocrx_word' id='word_1_175' title='bbox 2797 1425 3144 1488; x_wconf 79' lang='lat' dir='ltr'><strong>conviciantur,</strong></span> <span class='ocrx_word' id='word_1_176' title='bbox 3185 1431 3239 1477; x_wconf 92' lang='lat' dir='ltr'><strong>ut</strong></span> <span class='ocrx_word' id='word_1_177' title='bbox 3275 1427 3356 1492; x_wconf 89' lang='lat' dir='ltr'><strong>qui</strong></span> 
     </span>
    </p>
   </div>
   <div class='ocr_carea' id='block_1_14' title="bbox 169 1476 1707 1738">
    <p class='ocr_par' dir='ltr' id='par_1_14' title="bbox 169 1476 1707 1738">
     <span class='ocr_line' id='line_1_19' title="bbox 172 1476 1706 1560; baseline 0.005 -24"><span class='ocrx_word' id='word_1_178' title='bbox 172 1477 287 1536; x_wconf 75' lang='grc' dir='ltr'>ἀλλὰ</span> <span class='ocrx_word' id='word_1_179' title='bbox 310 1476 421 1545; x_wconf 73' lang='grc' dir='ltr'>τοὺς</span> <span class='ocrx_word' id='word_1_180' title='bbox 440 1477 535 1558; x_wconf 73' lang='grc' dir='ltr'><strong>μὲν</strong></span> <span class='ocrx_word' id='word_1_181' title='bbox 564 1479 653 1538; x_wconf 71' lang='grc' dir='ltr'>ἐπὶ</span> <span class='ocrx_word' id='word_1_182' title='bbox 690 1477 865 1560; x_wconf 78' lang='grc' dir='ltr'>βλάὸῃ</span> <span class='ocrx_word' id='word_1_183' title='bbox 908 1479 1267 1560; x_wconf 79' lang='grc' dir='ltr'>λοιδοροῦντας</span> <span class='ocrx_word' id='word_1_184' title='bbox 1312 1482 1485 1559; x_wconf 82' lang='grc' dir='ltr'>μισεῖν</span> <span class='ocrx_word' id='word_1_185' title='bbox 1510 1486 1581 1550; x_wconf 80' lang='grc' dir='ltr'><strong>ὡς</strong></span> <span class='ocrx_word' id='word_1_186' title='bbox 1605 1506 1706 1543; x_wconf 90' lang='grc' dir='ltr'><strong>κα-</strong></span> 
     </span>
     <span class='ocr_line' id='line_1_20' title="bbox 170 1566 1707 1651; baseline 0.003 -26"><span class='ocrx_word' id='word_1_187' title='bbox 170 1566 323 1634; x_wconf 81' lang='grc' dir='ltr'>κόνους</span> <span class='ocrx_word' id='word_1_188' title='bbox 338 1567 480 1636; x_wconf 81' lang='grc' dir='ltr'>ὄντας</span> <span class='ocrx_word' id='word_1_189' title='bbox 498 1571 567 1646; x_wconf 78' lang='grc' dir='ltr'><strong>τῇ</strong></span> <span class='ocrx_word' id='word_1_190' title='bbox 590 1567 767 1640; x_wconf 86' lang='grc' dir='ltr'>πόλει,</span> <span class='ocrx_word' id='word_1_191' title='bbox 786 1566 904 1636; x_wconf 81' lang='grc' dir='ltr'>τοὺς</span> <span class='ocrx_word' id='word_1_192' title='bbox 925 1569 971 1627; x_wconf 87' lang='grc' dir='ltr'>δ’</span> <span class='ocrx_word' id='word_1_193' title='bbox 994 1568 1080 1627; x_wconf 75' lang='grc' dir='ltr'><strong>ἐπ’</strong></span> <span class='ocrx_word' id='word_1_194' title='bbox 1097 1569 1323 1651; x_wconf 76' lang='grc' dir='ltr'>ὠφελείᾳ</span> <span class='ocrx_word' id='word_1_195' title='bbox 1346 1575 1707 1641; x_wconf 76' lang='grc' dir='ltr'>νουθετοῦντας</span> 
     </span>
     <span class='ocr_line' id='line_1_21' title="bbox 169 1653 1704 1738; baseline 0.002 -23"><span class='ocrx_word' id='word_1_196' title='bbox 169 1660 367 1716; x_wconf 79' lang='grc' dir='ltr'>ἐπαινεῖν</span> <span class='ocrx_word' id='word_1_197' title='bbox 398 1655 486 1716; x_wconf 81' lang='grc' dir='ltr'><strong>καὶ</strong></span> <span class='ocrx_word' id='word_1_198' title='bbox 516 1653 814 1735; x_wconf 78' lang='grc' dir='ltr'>βελτίστους</span> <span class='ocrx_word' id='word_1_199' title='bbox 840 1658 943 1714; x_wconf 91' lang='grc' dir='ltr'><strong>τῶν</strong></span> <span class='ocrx_word' id='word_1_200' title='bbox 966 1658 1196 1716; x_wconf 89' lang='grc' dir='ltr'>πολιτῶν</span> <span class='ocrx_word' id='word_1_201' title='bbox 1221 1657 1466 1736; x_wconf 88' lang='grc' dir='ltr'>νομίζειν,</span> <span class='ocrx_word' id='word_1_202' title='bbox 1502 1661 1589 1738; x_wconf 64' lang='grc'>(7.3)</span> <span class='ocrx_word' id='word_1_203' title='bbox 1615 1660 1704 1719; x_wconf 74' lang='grc' dir='ltr'><strong>καὶ</strong></span> 
     </span>
    </p>
   </div>
   <div class='ocr_carea' id='block_1_15' title="bbox 1732 1525 3356 1594">
    <p class='ocr_par' dir='ltr' id='par_1_15' title="bbox 1732 1525 3356 1594">
     <span class='ocr_line' id='line_1_22' title="bbox 1732 1525 3356 1594; baseline 0.004 -21"><span class='ocrx_word' id='word_1_204' title='bbox 1732 1535 1755 1573; x_wconf 84' lang='grc'><strong>.·</strong></span> <span class='ocrx_word' id='word_1_205' title='bbox 1794 1525 2137 1589; x_wconf 74' lang='lat' dir='ltr'><strong>rempublicam</strong></span> <span class='ocrx_word' id='word_1_206' title='bbox 2156 1541 2372 1580; x_wconf 81' lang='lat' dir='ltr'><strong>eversam</strong></span> <span class='ocrx_word' id='word_1_207' title='bbox 2398 1528 2622 1592; x_wconf 86' lang='lat' dir='ltr'><strong>cupiant,</strong></span> <span class='ocrx_word' id='word_1_208' title='bbox 2648 1528 2777 1592; x_wconf 85' lang='lat' dir='ltr'><strong>digni</strong></span> <span class='ocrx_word' id='word_1_209' title='bbox 2794 1529 2906 1580; x_wconf 84' lang='lat' dir='ltr'><strong>odio</strong></span> <span class='ocrx_word' id='word_1_210' title='bbox 2923 1532 3065 1593; x_wconf 87' lang='lat' dir='ltr'><strong>sunt;</strong></span> <span class='ocrx_word' id='word_1_211' title='bbox 3091 1530 3176 1594; x_wconf 89' lang='lat' dir='ltr'><strong>qui</strong></span> <span class='ocrx_word' id='word_1_212' title='bbox 3197 1533 3356 1580; x_wconf 85' lang='lat' dir='ltr'><strong>autem</strong></span> 
     </span>
    </p>
   </div>
   <div class='ocr_carea' id='block_1_16' title="bbox 1794 1626 3353 1694">
    <p class='ocr_par' dir='ltr' id='par_1_16' title="bbox 1794 1626 3353 1694">
     <span class='ocr_line' id='line_1_23' title="bbox 1794 1626 3353 1694; baseline 0.005 -20"><span class='ocrx_word' id='word_1_213' title='bbox 1794 1626 1968 1675; x_wconf 66' lang='lat' dir='ltr'><strong>vestrae</strong></span> <span class='ocrx_word' id='word_1_214' title='bbox 1995 1626 2215 1677; x_wconf 76' lang='lat' dir='ltr'><strong>utilitatis</strong></span> <span class='ocrx_word' id='word_1_215' title='bbox 2248 1641 2394 1678; x_wconf 87' lang='lat' dir='ltr'><strong>causa</strong></span> <span class='ocrx_word' id='word_1_216' title='bbox 2429 1633 2654 1692; x_wconf 88' lang='lat' dir='ltr'><strong>monent,</strong></span> <span class='ocrx_word' id='word_1_217' title='bbox 2683 1628 2912 1680; x_wconf 86' lang='lat' dir='ltr'><strong>laudandi</strong></span> <span class='ocrx_word' id='word_1_218' title='bbox 2938 1637 2987 1682; x_wconf 89' lang='lat' dir='ltr'><strong>et</strong></span> <span class='ocrx_word' id='word_1_219' title='bbox 3019 1630 3191 1694; x_wconf 89' lang='lat' dir='ltr'><strong>optimi</strong></span> <span class='ocrx_word' id='word_1_220' title='bbox 3223 1629 3353 1682; x_wconf 86' lang='lat' dir='ltr'><strong>cives</strong></span> 
     </span>
    </p>
   </div>
   <div class='ocr_carea' id='block_1_17' title="bbox 112 1713 3356 1921">
    <p class='ocr_par' dir='ltr' id='par_1_17' title="bbox 112 1713 3356 1921">
     <span class='ocr_line' id='line_1_24' title="bbox 170 1713 3356 1826; baseline 0.003 -24"><span class='ocrx_word' id='word_1_221' title='bbox 170 1743 337 1803; x_wconf 82' lang='grc' dir='ltr'>τούτων</span> <span class='ocrx_word' id='word_1_222' title='bbox 379 1747 545 1803; x_wconf 73' lang='grc' dir='ltr'>αὐτῶν</span> <span class='ocrx_word' id='word_1_223' title='bbox 595 1742 826 1822; x_wconf 87' lang='grc' dir='ltr'>μάλιστα</span> <span class='ocrx_word' id='word_1_224' title='bbox 879 1742 968 1802; x_wconf 80' lang='grc' dir='ltr'><strong>τὸν</strong></span> <span class='ocrx_word' id='word_1_225' title='bbox 1015 1741 1369 1825; x_wconf 80' lang='grc' dir='ltr'>ἐναργέστατα</span> <span class='ocrx_word' id='word_1_226' title='bbox 1421 1746 1705 1826; x_wconf 78' lang='grc' dir='ltr'>δυνάμενον</span> <span class='ocrx_word' id='word_1_227' title='bbox 1793 1713 2063 1791; x_wconf 53' lang='grc' dir='ltr'><strong>Ῐ“ὥώ“ὀί’</strong></span> <span class='ocrx_word' id='word_1_228' title='bbox 2090 1729 2189 1793; x_wconf 72' lang='grc'>(73)</span> <span class='ocrx_word' id='word_1_229' title='bbox 2220 1730 2508 1794; x_wconf 43' lang='lat' dir='ltr'><strong>aquenum</strong></span> <span class='ocrx_word' id='word_1_230' title='bbox 2532 1731 2622 1782; x_wconf 75' lang='lat'><strong>¹¹⁰⁵</strong></span> <span class='ocrx_word' id='word_1_231' title='bbox 2645 1731 2688 1782; x_wconf 49' lang='grc' dir='ltr'><strong>ῖς</strong></span> <span class='ocrx_word' id='word_1_232' title='bbox 2717 1733 2957 1797; x_wconf 64' lang='lat' dir='ltr'>mmme’</span> <span class='ocrx_word' id='word_1_233' title='bbox 2990 1733 3074 1797; x_wconf 58' lang='lat'>‘¹¹¹5</span> <span class='ocrx_word' id='word_1_234' title='bbox 3096 1732 3356 1786; x_wconf 42' lang='lat' dir='ltr'><strong>eademi*</strong></span> 
     </span>
     <span class='ocr_line' id='line_1_25' title="bbox 112 1824 3356 1921; baseline 0.004 -51"><span class='ocrx_word' id='word_1_235' title='bbox 112 1852 149 1891; x_wconf 72' lang='lat'><strong>1⁵</strong></span> <span class='ocrx_word' id='word_1_236' title='bbox 170 1835 374 1904; x_wconf 57' lang='grc' dir='ltr'>δηλῶσαι</span> <span class='ocrx_word' id='word_1_237' title='bbox 398 1832 488 1901; x_wconf 66' lang='grc' dir='ltr'><strong>τὰς</strong></span> <span class='ocrx_word' id='word_1_238' title='bbox 518 1832 750 1912; x_wconf 65' lang='grc' dir='ltr'>πονηρὰς</span> <span class='ocrx_word' id='word_1_239' title='bbox 780 1835 883 1892; x_wconf 64' lang='grc' dir='ltr'><strong>τῶν</strong></span> <span class='ocrx_word' id='word_1_240' title='bbox 912 1856 954 1890; x_wconf 72' lang='grc' dir='ltr'>π</span> <span class='ocrx_word' id='word_1_241' title='bbox 989 1831 1151 1902; x_wconf 49' lang='lat' dir='ltr'><strong>&amp;gem</strong></span> <span class='ocrx_word' id='word_1_242' title='bbox 1182 1833 1271 1893; x_wconf 63' lang='grc' dir='ltr'><strong>καὶ</strong></span> <span class='ocrx_word' id='word_1_243' title='bbox 1308 1833 1400 1904; x_wconf 64' lang='grc' dir='ltr'><strong>τὰς</strong></span> <span class='ocrx_word' id='word_1_244' title='bbox 1433 1835 1705 1921; x_wconf 63' lang='grc' dir='ltr'>συμφορὰς</span> <span class='ocrx_word' id='word_1_245' title='bbox 1793 1824 1916 1876; x_wconf 87' lang='lat' dir='ltr'><strong>sime</strong></span> <span class='ocrx_word' id='word_1_246' title='bbox 1945 1827 2098 1889; x_wconf 89' lang='lat' dir='ltr'><strong>possit</strong></span> <span class='ocrx_word' id='word_1_247' title='bbox 2127 1826 2280 1878; x_wconf 85' lang='lat' dir='ltr'><strong>malas</strong></span> <span class='ocrx_word' id='word_1_248' title='bbox 2309 1828 2520 1881; x_wconf 74' lang='lat' dir='ltr'><strong>actiones</strong></span> <span class='ocrx_word' id='word_1_249' title='bbox 2543 1833 2593 1879; x_wconf 91' lang='lat' dir='ltr'><strong>et</strong></span> <span class='ocrx_word' id='word_1_250' title='bbox 2619 1830 2752 1880; x_wconf 87' lang='lat' dir='ltr'><strong>ortas</strong></span> <span class='ocrx_word' id='word_1_251' title='bbox 2775 1829 2886 1880; x_wconf 87' lang='lat' dir='ltr'><strong>inde</strong></span> <span class='ocrx_word' id='word_1_252' title='bbox 2921 1830 3218 1883; x_wconf 75' lang='lat' dir='ltr'><strong>calamitates</strong></span> <span class='ocrx_word' id='word_1_253' title='bbox 3253 1834 3356 1884; x_wconf 88' lang='lat' dir='ltr'><strong>suis</strong></span> 
     </span>
    </p>
   </div>
   <div class='ocr_carea' id='block_1_18' title="bbox 168 1919 1695 2004">
    <p class='ocr_par' dir='ltr' id='par_1_18' title="bbox 168 1919 1695 2004">
     <span class='ocr_line' id='line_1_26' title="bbox 168 1919 1695 2004; baseline 0.005 -26"><span class='ocrx_word' id='word_1_254' title='bbox 168 1921 245 1988; x_wconf 79' lang='grc' dir='ltr'><strong>τὰς</strong></span> <span class='ocrx_word' id='word_1_255' title='bbox 264 1925 347 1982; x_wconf 78' lang='grc' dir='ltr'><strong>ἀπ’</strong></span> <span class='ocrx_word' id='word_1_256' title='bbox 366 1925 534 1982; x_wconf 79' lang='grc' dir='ltr'>αὐτῶν</span> <span class='ocrx_word' id='word_1_257' title='bbox 559 1919 867 2001; x_wconf 80' lang='grc' dir='ltr'>γιγνομένας</span> <span class='ocrx_word' id='word_1_258' title='bbox 882 1941 898 1956; x_wconf 88' lang='grc'><em>·</em></span> <span class='ocrx_word' id='word_1_259' title='bbox 920 1944 949 1980; x_wconf 93' lang='grc' dir='ltr'>ο</span> <span class='ocrx_word' id='word_1_260' title='bbox 983 1945 1068 1989; x_wconf 92' lang='grc' dir='ltr'><strong>τος</strong></span> <span class='ocrx_word' id='word_1_261' title='bbox 1089 1919 1192 2004; x_wconf 74' lang='grc' dir='ltr'><strong>γὰρ</strong></span> <span class='ocrx_word' id='word_1_262' title='bbox 1218 1921 1281 1981; x_wconf 79' lang='grc' dir='ltr'><strong>ἂν</strong></span> <span class='ocrx_word' id='word_1_263' title='bbox 1300 1923 1528 2004; x_wconf 78' lang='grc' dir='ltr'>τάχιστα</span> <span class='ocrx_word' id='word_1_264' title='bbox 1544 1924 1695 1997; x_wconf 81' lang='grc' dir='ltr'>ποιή-</span> 
     </span>
    </p>
   </div>
   <div class='ocr_carea' id='block_1_19' title="bbox 1791 1926 3349 1994">
    <p class='ocr_par' dir='ltr' id='par_1_19' title="bbox 1791 1926 3349 1994">
     <span class='ocr_line' id='line_1_27' title="bbox 1791 1926 3349 1994; baseline 0.005 -19"><span class='ocrx_word' id='word_1_265' title='bbox 1791 1926 1932 1989; x_wconf 85' lang='lat' dir='ltr'><strong>quasi</strong></span> <span class='ocrx_word' id='word_1_266' title='bbox 1949 1926 2191 1978; x_wconf 86' lang='lat' dir='ltr'><strong>coloribus</strong></span> <span class='ocrx_word' id='word_1_267' title='bbox 2207 1927 2480 1992; x_wconf 79' lang='lat' dir='ltr'><strong>depingere.</strong></span> <span class='ocrx_word' id='word_1_268' title='bbox 2497 1929 2588 1980; x_wconf 81' lang='lat' dir='ltr'><strong>llic</strong></span> <span class='ocrx_word' id='word_1_269' title='bbox 2609 1929 2740 1980; x_wconf 88' lang='lat' dir='ltr'><strong>enim</strong></span> <span class='ocrx_word' id='word_1_270' title='bbox 2757 1931 3117 1994; x_wconf 73' lang='lat' dir='ltr'><strong>quamprimum</strong></span> <span class='ocrx_word' id='word_1_271' title='bbox 3136 1931 3349 1984; x_wconf 74' lang='lat' dir='ltr'><strong>effecerit</strong></span> 
     </span>
    </p>
   </div>
   <div class='ocr_carea' id='block_1_20' title="bbox 169 2007 3352 2094">
    <p class='ocr_par' dir='ltr' id='par_1_20' title="bbox 169 2007 3352 2094">
     <span class='ocr_line' id='line_1_28' title="bbox 169 2007 3352 2094; baseline 0.005 -27"><span class='ocrx_word' id='word_1_272' title='bbox 169 2031 281 2068; x_wconf 81' lang='grc' dir='ltr'>σειεν</span> <span class='ocrx_word' id='word_1_273' title='bbox 313 2013 469 2089; x_wconf 68' lang='grc' dir='ltr'>ὑμᾶς,</span> <span class='ocrx_word' id='word_1_274' title='bbox 500 2008 831 2088; x_wconf 70' lang='grc' dir='ltr'>μισήσαντας</span> <span class='ocrx_word' id='word_1_275' title='bbox 858 2007 894 2067; x_wconf 78' lang='grc' dir='ltr'><strong>ἃ</strong></span> <span class='ocrx_word' id='word_1_276' title='bbox 923 2010 1027 2083; x_wconf 89' lang='grc' dir='ltr'>δεῖ,</span> <span class='ocrx_word' id='word_1_277' title='bbox 1061 2010 1340 2090; x_wconf 84' lang='grc' dir='ltr'>βελτιόνων</span> <span class='ocrx_word' id='word_1_278' title='bbox 1367 2015 1693 2091; x_wconf 78' lang='grc' dir='ltr'>ἐπιθυμῆσαι</span> <span class='ocrx_word' id='word_1_279' title='bbox 1724 2037 1759 2078; x_wconf 88' lang='lat' dir='ltr'><strong>e</strong></span> <span class='ocrx_word' id='word_1_280' title='bbox 1792 2030 1920 2078; x_wconf 84' lang='lat' dir='ltr'><strong>utet</strong></span> <span class='ocrx_word' id='word_1_281' title='bbox 1953 2027 2152 2080; x_wconf 88' lang='lat' dir='ltr'><strong>oderitis</strong></span> <span class='ocrx_word' id='word_1_282' title='bbox 2172 2041 2230 2079; x_wconf 83' lang='lat' dir='ltr'><strong>ea</strong></span> <span class='ocrx_word' id='word_1_283' title='bbox 2259 2043 2372 2094; x_wconf 76' lang='lat' dir='ltr'><strong>quoe</strong></span> <span class='ocrx_word' id='word_1_284' title='bbox 2401 2031 2595 2094; x_wconf 84' lang='lat' dir='ltr'><strong>oportet</strong></span> <span class='ocrx_word' id='word_1_285' title='bbox 2623 2035 2674 2082; x_wconf 89' lang='lat' dir='ltr'><strong>et</strong></span> <span class='ocrx_word' id='word_1_286' title='bbox 2701 2045 2778 2082; x_wconf 89' lang='lat' dir='ltr'><strong>res</strong></span> <span class='ocrx_word' id='word_1_287' title='bbox 2805 2032 3027 2083; x_wconf 85' lang='lat' dir='ltr'><strong>meliores</strong></span> <span class='ocrx_word' id='word_1_288' title='bbox 3051 2032 3352 2086; x_wconf 76' lang='lat' dir='ltr'><strong>desideretis.</strong></span> 
     </span>
    </p>
   </div>
   <div class='ocr_carea' id='block_1_21' title="bbox 105 2088 1698 2446">
    <p class='ocr_par' dir='ltr' id='par_1_21' title="bbox 166 2088 1698 2270">
     <span class='ocr_line' id='line_1_29' title="bbox 168 2088 1693 2182; baseline 0.003 -25"><span class='ocrx_word' id='word_1_289' title='bbox 168 2100 475 2180; x_wconf 71' lang='grc' dir='ltr'>πραγμάτων.</span> <span class='ocrx_word' id='word_1_290' title='bbox 503 2096 673 2178; x_wconf 79' lang='grc' dir='ltr'>Ὑπὲρ</span> <span class='ocrx_word' id='word_1_291' title='bbox 692 2095 785 2174; x_wconf 79' lang='grc' dir='ltr'><strong>μὲν</strong></span> <span class='ocrx_word' id='word_1_292' title='bbox 809 2088 897 2156; x_wconf 66' lang='grc' dir='ltr'><strong>οὖν</strong></span> <span class='ocrx_word' id='word_1_293' title='bbox 915 2103 1009 2171; x_wconf 76' lang='grc' dir='ltr'><strong>τῆς</strong></span> <span class='ocrx_word' id='word_1_294' title='bbox 1035 2103 1141 2158; x_wconf 86' lang='grc' dir='ltr'><strong>τῶν</strong></span> <span class='ocrx_word' id='word_1_295' title='bbox 1167 2098 1339 2180; x_wconf 89' lang='grc' dir='ltr'>λόγων</span> <span class='ocrx_word' id='word_1_296' title='bbox 1364 2101 1693 2182; x_wconf 86' lang='grc' dir='ltr'>τραχύτητος</span> 
     </span>
     <span class='ocr_line' id='line_1_30' title="bbox 166 2185 1698 2270; baseline 0.004 -24"><span class='ocrx_word' id='word_1_297' title='bbox 166 2187 241 2246; x_wconf 78' lang='grc' dir='ltr'><strong>καὶ</strong></span> <span class='ocrx_word' id='word_1_298' title='bbox 282 2193 378 2249; x_wconf 83' lang='grc' dir='ltr'><strong>τῶν</strong></span> <span class='ocrx_word' id='word_1_299' title='bbox 416 2186 704 2270; x_wconf 77' lang='grc' dir='ltr'>εἰρημένων</span> <span class='ocrx_word' id='word_1_300' title='bbox 750 2185 844 2247; x_wconf 73' lang='grc' dir='ltr'><strong>καὶ</strong></span> <span class='ocrx_word' id='word_1_301' title='bbox 884 2191 989 2247; x_wconf 85' lang='grc' dir='ltr'><strong>τῶν</strong></span> <span class='ocrx_word' id='word_1_302' title='bbox 1038 2187 1355 2268; x_wconf 77' lang='grc' dir='ltr'>ῥηθήσεσθαι</span> <span class='ocrx_word' id='word_1_303' title='bbox 1404 2192 1698 2269; x_wconf 73' lang='grc' dir='ltr'>μελλόντων</span> 
     </span>
    </p>

    <p class='ocr_par' dir='ltr' id='par_1_22' title="bbox 105 2275 1698 2446">
     <span class='ocr_line' id='line_1_31' title="bbox 105 2275 1698 2358; baseline 0.004 -24"><span class='ocrx_word' id='word_1_304' title='bbox 105 2303 151 2336; x_wconf 74' lang='grc' dir='ltr'>ω</span> <span class='ocrx_word' id='word_1_305' title='bbox 166 2277 289 2336; x_wconf 80' lang='grc' dir='ltr'>ταῦτ’</span> <span class='ocrx_word' id='word_1_306' title='bbox 324 2277 427 2358; x_wconf 77' lang='grc' dir='ltr'>ἔχω</span> <span class='ocrx_word' id='word_1_307' title='bbox 452 2276 629 2357; x_wconf 72' lang='grc' dir='ltr'>λέγειν</span> <span class='ocrx_word' id='word_1_308' title='bbox 654 2275 785 2358; x_wconf 82' lang='grc' dir='ltr'>πρὸς</span> <span class='ocrx_word' id='word_1_309' title='bbox 812 2279 949 2354; x_wconf 77' lang='grc' dir='ltr'>ὑμᾶς</span> <span class='ocrx_word' id='word_1_310' title='bbox 966 2299 981 2314; x_wconf 89' lang='grc'><em>·</em></span> <span class='ocrx_word' id='word_1_311' title='bbox 1010 2275 1123 2336; x_wconf 78' lang='grc' dir='ltr'>ὅθεν</span> <span class='ocrx_word' id='word_1_312' title='bbox 1154 2278 1199 2338; x_wconf 90' lang='grc' dir='ltr'>δ’</span> <span class='ocrx_word' id='word_1_313' title='bbox 1226 2277 1505 2358; x_wconf 78' lang='grc' dir='ltr'>ἀπέλιπον,</span> <span class='ocrx_word' id='word_1_314' title='bbox 1537 2281 1698 2341; x_wconf 87' lang='grc' dir='ltr'>πάλιν</span> 
     </span>
     <span class='ocr_line' id='line_1_32' title="bbox 166 2365 759 2446; baseline 0.003 -21"><span class='ocrx_word' id='word_1_315' title='bbox 166 2366 419 2445; x_wconf 80' lang='grc' dir='ltr'>ποιήσομαι</span> <span class='ocrx_word' id='word_1_316' title='bbox 442 2366 539 2439; x_wconf 84' lang='grc' dir='ltr'><strong>τὴν</strong></span> <span class='ocrx_word' id='word_1_317' title='bbox 564 2365 759 2446; x_wconf 72' lang='grc' dir='ltr'>ἀρχήν.</span> 
     </span>
    </p>
   </div>
   <div class='ocr_carea' id='block_1_22' title="bbox 1787 2127 3356 2400">
    <p class='ocr_par' dir='ltr' id='par_1_23' title="bbox 1787 2127 3356 2400">
     <span class='ocr_line' id='line_1_33' title="bbox 1790 2127 3353 2197; baseline 0.006 -19"><span class='ocrx_word' id='word_1_318' title='bbox 1790 2130 1853 2178; x_wconf 88' lang='lat' dir='ltr'><strong>Et</strong></span> <span class='ocrx_word' id='word_1_319' title='bbox 1885 2127 1993 2178; x_wconf 78' lang='lat' dir='ltr'><strong>liaec</strong></span> <span class='ocrx_word' id='word_1_320' title='bbox 2015 2131 2130 2181; x_wconf 87' lang='lat' dir='ltr'><strong>sunt</strong></span> <span class='ocrx_word' id='word_1_321' title='bbox 2159 2143 2270 2194; x_wconf 81' lang='lat' dir='ltr'><strong>quae</strong></span> <span class='ocrx_word' id='word_1_322' title='bbox 2302 2144 2390 2195; x_wconf 90' lang='lat' dir='ltr'><strong>pro</strong></span> <span class='ocrx_word' id='word_1_323' title='bbox 2407 2129 2685 2183; x_wconf 71' lang='lat' dir='ltr'><strong>defensione</strong></span> <span class='ocrx_word' id='word_1_324' title='bbox 2711 2133 2963 2197; x_wconf 79' lang='lat' dir='ltr'><strong>asperioris</strong></span> <span class='ocrx_word' id='word_1_325' title='bbox 2995 2133 3224 2186; x_wconf 85' lang='lat' dir='ltr'><strong>orationis</strong></span> <span class='ocrx_word' id='word_1_326' title='bbox 3257 2139 3353 2186; x_wconf 88' lang='lat' dir='ltr'><strong>tam</strong></span> 
     </span>
     <span class='ocr_line' id='line_1_34' title="bbox 1789 2231 3356 2326; baseline 0.004 -44"><span class='ocrx_word' id='word_1_327' title='bbox 1789 2231 2024 2284; x_wconf 73' lang='lat' dir='ltr'><strong>habendae</strong></span> <span class='ocrx_word' id='word_1_328' title='bbox 2047 2246 2194 2298; x_wconf 87' lang='lat' dir='ltr'><strong>quam</strong></span> <span class='ocrx_word' id='word_1_329' title='bbox 2213 2234 2390 2286; x_wconf 78' lang='lat' dir='ltr'><strong>habitae</strong></span> <span class='ocrx_word' id='word_1_330' title='bbox 2415 2235 2658 2286; x_wconf 74' lang='lat' dir='ltr'><strong>afferenda</strong></span> <span class='ocrx_word' id='word_1_331' title='bbox 2677 2237 2724 2287; x_wconf 91' lang='lat' dir='ltr'><strong>in</strong></span> <span class='ocrx_word' id='word_1_332' title='bbox 2751 2236 2963 2326; x_wconf 86' lang='lat' dir='ltr'><strong>medium</strong></span> <span class='ocrx_word' id='word_1_333' title='bbox 2990 2238 3174 2290; x_wconf 88' lang='lat' dir='ltr'><strong>censui.</strong></span> <span class='ocrx_word' id='word_1_334' title='bbox 3219 2242 3356 2290; x_wconf 83' lang='lat' dir='ltr'><strong>Nunc</strong></span> 
     </span>
     <span class='ocr_line' id='line_1_35' title="bbox 1787 2333 2588 2400; baseline 0.002 -16"><span class='ocrx_word' id='word_1_335' title='bbox 1787 2347 1845 2384; x_wconf 90' lang='lat' dir='ltr'><strong>eo</strong></span> <span class='ocrx_word' id='word_1_336' title='bbox 1861 2333 2032 2395; x_wconf 90' lang='lat' dir='ltr'><strong>redeo,</strong></span> <span class='ocrx_word' id='word_1_337' title='bbox 2055 2333 2180 2385; x_wconf 86' lang='lat' dir='ltr'><strong>unde</strong></span> <span class='ocrx_word' id='word_1_338' title='bbox 2199 2348 2306 2385; x_wconf 89' lang='lat' dir='ltr'><strong>sum</strong></span> <span class='ocrx_word' id='word_1_339' title='bbox 2325 2335 2588 2400; x_wconf 79' lang='lat' dir='ltr'><strong>digressus.</strong></span> 
     </span>
    </p>
   </div>
   <div class='ocr_carea' id='block_1_23' title="bbox 91 2452 3356 2538">
    <p class='ocr_par' dir='ltr' id='par_1_24' title="bbox 91 2452 3356 2538">
     <span class='ocr_line' id='line_1_36' title="bbox 91 2452 3356 2538; baseline 0 -23"><span class='ocrx_word' id='word_1_340' title='bbox 91 2472 165 2523; x_wconf 69' lang='lat'><strong>174</strong></span> <span class='ocrx_word' id='word_1_341' title='bbox 231 2475 293 2518; x_wconf 76' lang='grc' dir='ltr'><strong>τι.</strong></span> <span class='ocrx_word' id='word_1_342' title='bbox 330 2452 602 2538; x_wconf 81' lang='grc' dir='ltr'>Ἔφασκον</span> <span class='ocrx_word' id='word_1_343' title='bbox 635 2455 738 2536; x_wconf 80' lang='grc' dir='ltr'><strong>γὰρ</strong></span> <span class='ocrx_word' id='word_1_344' title='bbox 777 2454 973 2514; x_wconf 79' lang='grc' dir='ltr'>ἐκεῖθεν</span> <span class='ocrx_word' id='word_1_345' title='bbox 1009 2453 1248 2515; x_wconf 79' lang='grc' dir='ltr'>κάλλιστ’</span> <span class='ocrx_word' id='word_1_346' title='bbox 1278 2454 1340 2516; x_wconf 76' lang='grc' dir='ltr'><strong>ἂν</strong></span> <span class='ocrx_word' id='word_1_347' title='bbox 1376 2459 1510 2534; x_wconf 77' lang='grc' dir='ltr'>ὗμᾶς</span> <span class='ocrx_word' id='word_1_348' title='bbox 1535 2481 1696 2520; x_wconf 84' lang='grc' dir='ltr'>κατα·</span> <span class='ocrx_word' id='word_1_349' title='bbox 1722 2484 1760 2526; x_wconf 76' lang='lat' dir='ltr'><strong>a</strong></span> <span class='ocrx_word' id='word_1_350' title='bbox 1848 2463 1929 2512; x_wconf 72' lang='lat'><strong>74-</strong></span> <span class='ocrx_word' id='word_1_351' title='bbox 1953 2460 2074 2512; x_wconf 82' lang='lat' dir='ltr'><strong>Inde</strong></span> <span class='ocrx_word' id='word_1_352' title='bbox 2093 2460 2260 2525; x_wconf 78' lang='lat' dir='ltr'><strong>igitur,</strong></span> <span class='ocrx_word' id='word_1_353' title='bbox 2280 2459 2504 2525; x_wconf 86' lang='lat' dir='ltr'><strong>inquam,</strong></span> <span class='ocrx_word' id='word_1_354' title='bbox 2533 2460 2802 2512; x_wconf 88' lang='lat' dir='ltr'><strong>rectissime</strong></span> <span class='ocrx_word' id='word_1_355' title='bbox 2817 2461 3114 2526; x_wconf 82' lang='lat' dir='ltr'><strong>perspicietis</strong></span> <span class='ocrx_word' id='word_1_356' title='bbox 3131 2477 3226 2514; x_wconf 91' lang='lat' dir='ltr'><strong>non</strong></span> <span class='ocrx_word' id='word_1_357' title='bbox 3249 2477 3356 2516; x_wconf 87' lang='lat' dir='ltr'><strong>esse</strong></span> 
     </span>
    </p>
   </div>
   <div class='ocr_carea' id='block_1_24' title="bbox 104 2540 1697 3063">
    <p class='ocr_par' dir='ltr' id='par_1_25' title="bbox 164 2540 1697 2717">
     <span class='ocr_line' id='line_1_37' title="bbox 166 2540 1697 2630; baseline 0.003 -28"><span class='ocrx_word' id='word_1_358' title='bbox 166 2547 320 2620; x_wconf 78' lang='grc' dir='ltr'>μαθεῖν</span> <span class='ocrx_word' id='word_1_359' title='bbox 348 2546 415 2612; x_wconf 80' lang='grc' dir='ltr'><strong>ὥς</strong></span> <span class='ocrx_word' id='word_1_360' title='bbox 440 2545 499 2602; x_wconf 81' lang='grc' dir='ltr'>οὗ</span> <span class='ocrx_word' id='word_1_361' title='bbox 530 2540 791 2624; x_wconf 79' lang='grc' dir='ltr'>συμφέρει</span> <span class='ocrx_word' id='word_1_362' title='bbox 815 2540 997 2602; x_wconf 79' lang='grc' dir='ltr'>λαὸεἶν</span> <span class='ocrx_word' id='word_1_363' title='bbox 1026 2543 1124 2616; x_wconf 73' lang='grc' dir='ltr'><strong>τὴν</strong></span> <span class='ocrx_word' id='word_1_364' title='bbox 1150 2543 1288 2604; x_wconf 71' lang='grc' dir='ltr'>κατὰ</span> <span class='ocrx_word' id='word_1_365' title='bbox 1312 2543 1573 2606; x_wconf 87' lang='grc' dir='ltr'>θάλατταν</span> <span class='ocrx_word' id='word_1_366' title='bbox 1600 2550 1697 2630; x_wconf 78' lang='grc' dir='ltr'><strong>ἀρ·</strong></span> 
     </span>
     <span class='ocr_line' id='line_1_38' title="bbox 164 2631 1695 2717; baseline 0.004 -29"><span class='ocrx_word' id='word_1_367' title='bbox 164 2631 265 2710; x_wconf 73' lang='grc' dir='ltr'>χήν,</span> <span class='ocrx_word' id='word_1_368' title='bbox 291 2634 332 2690; x_wconf 84' lang='grc' dir='ltr'><strong>εἷ</strong></span> <span class='ocrx_word' id='word_1_369' title='bbox 371 2632 657 2714; x_wconf 76' lang='grc' dir='ltr'>σκέψαισθε</span> <span class='ocrx_word' id='word_1_370' title='bbox 697 2631 814 2690; x_wconf 90' lang='grc' dir='ltr'>τίνα</span> <span class='ocrx_word' id='word_1_371' title='bbox 847 2632 1038 2711; x_wconf 88' lang='grc' dir='ltr'>τρόπον</span> <span class='ocrx_word' id='word_1_372' title='bbox 1066 2636 1101 2703; x_wconf 81' lang='grc' dir='ltr'>ἡ</span> <span class='ocrx_word' id='word_1_373' title='bbox 1128 2631 1279 2700; x_wconf 85' lang='grc' dir='ltr'>πόλις</span> <span class='ocrx_word' id='word_1_374' title='bbox 1315 2633 1533 2694; x_wconf 78' lang='grc' dir='ltr'>διέκειτο</span> <span class='ocrx_word' id='word_1_375' title='bbox 1572 2635 1695 2717; x_wconf 75' lang='grc' dir='ltr'>πρὶν</span> 
     </span>
    </p>

    <p class='ocr_par' dir='ltr' id='par_1_26' title="bbox 104 2718 1697 3063">
     <span class='ocr_line' id='line_1_39' title="bbox 104 2718 1694 2798; baseline 0.001 -17"><span class='ocrx_word' id='word_1_376' title='bbox 104 2735 149 2781; x_wconf 77' lang='lat'><strong>25</strong></span> <span class='ocrx_word' id='word_1_377' title='bbox 166 2719 243 2791; x_wconf 74' lang='grc' dir='ltr'><strong>τὴν</strong></span> <span class='ocrx_word' id='word_1_378' title='bbox 262 2719 463 2798; x_wconf 88' lang='grc' dir='ltr'>δύναμιν</span> <span class='ocrx_word' id='word_1_379' title='bbox 490 2718 689 2792; x_wconf 87' lang='grc' dir='ltr'>ταύτην</span> <span class='ocrx_word' id='word_1_380' title='bbox 714 2718 1011 2792; x_wconf 79' lang='grc' dir='ltr'>κτήσασθαι</span> <span class='ocrx_word' id='word_1_381' title='bbox 1027 2765 1043 2792; x_wconf 90' lang='grc'>,</span> <span class='ocrx_word' id='word_1_382' title='bbox 1066 2719 1157 2778; x_wconf 71' lang='grc' dir='ltr'><strong>καὶ</strong></span> <span class='ocrx_word' id='word_1_383' title='bbox 1186 2725 1299 2789; x_wconf 83' lang='grc' dir='ltr'><strong>πῶς</strong></span> <span class='ocrx_word' id='word_1_384' title='bbox 1333 2721 1509 2796; x_wconf 81' lang='grc' dir='ltr'>ἐπειδὴ</span> <span class='ocrx_word' id='word_1_385' title='bbox 1540 2723 1694 2783; x_wconf 77' lang='grc' dir='ltr'>κατέ-</span> 
     </span>
     <span class='ocr_line' id='line_1_40' title="bbox 165 2807 1697 2895; baseline 0.003 -29"><span class='ocrx_word' id='word_1_386' title='bbox 165 2831 268 2887; x_wconf 73' lang='grc' dir='ltr'>αχεν</span> <span class='ocrx_word' id='word_1_387' title='bbox 300 2809 483 2882; x_wconf 74' lang='grc' dir='ltr'>αὐτήν·</span> <span class='ocrx_word' id='word_1_388' title='bbox 522 2807 591 2882; x_wconf 85' lang='grc' dir='ltr'><strong>ἢν</strong></span> <span class='ocrx_word' id='word_1_389' title='bbox 636 2809 740 2888; x_wconf 79' lang='grc' dir='ltr'><strong>γὰρ</strong></span> <span class='ocrx_word' id='word_1_390' title='bbox 775 2813 941 2867; x_wconf 74' lang='grc' dir='ltr'>ταῦτα</span> <span class='ocrx_word' id='word_1_391' title='bbox 982 2811 1109 2890; x_wconf 89' lang='grc' dir='ltr'>παρ’</span> <span class='ocrx_word' id='word_1_392' title='bbox 1146 2807 1351 2884; x_wconf 83' lang='grc' dir='ltr'>ἄλληλα</span> <span class='ocrx_word' id='word_1_393' title='bbox 1393 2815 1460 2891; x_wconf 80' lang='grc' dir='ltr'><strong>τῇ</strong></span> <span class='ocrx_word' id='word_1_394' title='bbox 1495 2811 1697 2895; x_wconf 72' lang='grc' dir='ltr'>διανοίᾳ</span> 
     </span>
     <span class='ocr_line' id='line_1_41' title="bbox 166 2895 1696 2981; baseline 0.003 -25"><span class='ocrx_word' id='word_1_395' title='bbox 166 2897 453 2980; x_wconf 77' lang='grc' dir='ltr'>θεωρήσῃ-τε,</span> <span class='ocrx_word' id='word_1_396' title='bbox 480 2897 733 2978; x_wconf 84' lang='grc' dir='ltr'>γνώσεσθ’</span> <span class='ocrx_word' id='word_1_397' title='bbox 761 2895 898 2956; x_wconf 83' lang='grc' dir='ltr'>ὅσων</span> <span class='ocrx_word' id='word_1_398' title='bbox 923 2900 1099 2956; x_wconf 85' lang='grc' dir='ltr'>κακῶν</span> <span class='ocrx_word' id='word_1_399' title='bbox 1132 2896 1274 2957; x_wconf 77' lang='grc' dir='ltr'>αἰτία</span> <span class='ocrx_word' id='word_1_400' title='bbox 1310 2903 1375 2981; x_wconf 86' lang='grc' dir='ltr'><strong>τῇ</strong></span> <span class='ocrx_word' id='word_1_401' title='bbox 1407 2898 1559 2960; x_wconf 87' lang='grc' dir='ltr'>πόλει</span> <span class='ocrx_word' id='word_1_402' title='bbox 1591 2899 1696 2979; x_wconf 74' lang='grc' dir='ltr'>γέ-</span> 
     </span>
     <span class='ocr_line' id='line_1_42' title="bbox 162 3009 299 3063; baseline 0.036 -20"><span class='ocrx_word' id='word_1_403' title='bbox 162 3009 299 3063; x_wconf 81' lang='grc' dir='ltr'>γονεν.</span> 
     </span>
    </p>
   </div>
   <div class='ocr_carea' id='block_1_25' title="bbox 1783 2562 3356 2840">
    <p class='ocr_par' dir='ltr' id='par_1_27' title="bbox 1783 2562 3356 2840">
     <span class='ocr_line' id='line_1_43' title="bbox 1783 2562 3356 2628; baseline 0.002 -14"><span class='ocrx_word' id='word_1_404' title='bbox 1783 2576 1812 2614; x_wconf 87' lang='lat' dir='ltr'><strong>e</strong></span> <span class='ocrx_word' id='word_1_405' title='bbox 1834 2562 2080 2628; x_wconf 82' lang='lat' dir='ltr'><strong>republica</strong></span> <span class='ocrx_word' id='word_1_406' title='bbox 2105 2567 2161 2614; x_wconf 91' lang='lat' dir='ltr'><strong>ut</strong></span> <span class='ocrx_word' id='word_1_407' title='bbox 2181 2563 2384 2627; x_wconf 88' lang='lat' dir='ltr'><strong>capiatis</strong></span> <span class='ocrx_word' id='word_1_408' title='bbox 2407 2562 2554 2614; x_wconf 88' lang='lat' dir='ltr'><strong>maris</strong></span> <span class='ocrx_word' id='word_1_409' title='bbox 2577 2564 2852 2628; x_wconf 86' lang='lat' dir='ltr'><strong>imperium,</strong></span> <span class='ocrx_word' id='word_1_410' title='bbox 2877 2565 2920 2615; x_wconf 89' lang='lat' dir='ltr'><strong>si</strong></span> <span class='ocrx_word' id='word_1_411' title='bbox 2942 2565 3356 2617; x_wconf 81' lang='lat' dir='ltr'><strong>consideraveritis</strong></span> 
     </span>
     <span class='ocr_line' id='line_1_44' title="bbox 1785 2670 3354 2737; baseline 0.002 -17"><span class='ocrx_word' id='word_1_412' title='bbox 1785 2683 1881 2737; x_wconf 91' lang='lat' dir='ltr'><strong>quo</strong></span> <span class='ocrx_word' id='word_1_413' title='bbox 1919 2676 2061 2734; x_wconf 88' lang='lat' dir='ltr'><strong>pacto</strong></span> <span class='ocrx_word' id='word_1_414' title='bbox 2095 2671 2208 2721; x_wconf 88' lang='lat' dir='ltr'><strong>ante</strong></span> <span class='ocrx_word' id='word_1_415' title='bbox 2236 2673 2424 2733; x_wconf 85' lang='lat' dir='ltr'><strong>partam</strong></span> <span class='ocrx_word' id='word_1_416' title='bbox 2465 2670 2610 2720; x_wconf 86' lang='lat' dir='ltr'><strong>istam</strong></span> <span class='ocrx_word' id='word_1_417' title='bbox 2648 2671 2909 2735; x_wconf 89' lang='lat' dir='ltr'><strong>potentiam</strong></span> <span class='ocrx_word' id='word_1_418' title='bbox 2943 2672 3061 2723; x_wconf 88' lang='lat' dir='ltr'><strong>urbs</strong></span> <span class='ocrx_word' id='word_1_419' title='bbox 3095 2671 3354 2723; x_wconf 83' lang='lat' dir='ltr'><strong>constituta</strong></span> 
     </span>
     <span class='ocr_line' id='line_1_45' title="bbox 1784 2771 3354 2840; baseline 0 -16"><span class='ocrx_word' id='word_1_420' title='bbox 1784 2774 1960 2838; x_wconf 79' lang='lat' dir='ltr'><strong>suerit,</strong></span> <span class='ocrx_word' id='word_1_421' title='bbox 1983 2776 2032 2824; x_wconf 89' lang='lat' dir='ltr'><strong>ct</strong></span> <span class='ocrx_word' id='word_1_422' title='bbox 2059 2771 2300 2840; x_wconf 87' lang='lat' dir='ltr'><strong>quomodo</strong></span> <span class='ocrx_word' id='word_1_423' title='bbox 2317 2809 2334 2837; x_wconf 90' lang='lat'><strong>,</strong></span> <span class='ocrx_word' id='word_1_424' title='bbox 2353 2786 2506 2838; x_wconf 85' lang='lat' dir='ltr'><strong>quum</strong></span> <span class='ocrx_word' id='word_1_425' title='bbox 2529 2785 2634 2824; x_wconf 84' lang='lat' dir='ltr'><strong>eam</strong></span> <span class='ocrx_word' id='word_1_426' title='bbox 2655 2771 2756 2836; x_wconf 72' lang='lat' dir='ltr'><strong>jam</strong></span> <span class='ocrx_word' id='word_1_427' title='bbox 2781 2779 3070 2826; x_wconf 84' lang='lat' dir='ltr'><strong>teneremus.</strong></span> <span class='ocrx_word' id='word_1_428' title='bbox 3159 2778 3282 2834; x_wconf 82' lang='lat' dir='ltr'><strong>Quoe</strong></span> <span class='ocrx_word' id='word_1_429' title='bbox 3312 2775 3354 2825; x_wconf 87' lang='lat' dir='ltr'><strong>si</strong></span> 
     </span>
    </p>
   </div>
   <div class='ocr_carea' id='block_1_26' title="bbox 1784 2872 3354 3036">
    <p class='ocr_par' dir='ltr' id='par_1_28' title="bbox 1784 2872 3354 3036">
     <span class='ocr_line' id='line_1_46' title="bbox 1784 2872 3354 2941; baseline 0.001 -16"><span class='ocrx_word' id='word_1_430' title='bbox 1784 2875 1915 2940; x_wconf 89' lang='lat' dir='ltr'><strong>apud</strong></span> <span class='ocrx_word' id='word_1_431' title='bbox 1938 2874 2123 2925; x_wconf 85' lang='lat' dir='ltr'><strong>animos</strong></span> <span class='ocrx_word' id='word_1_432' title='bbox 2164 2875 2356 2925; x_wconf 86' lang='lat' dir='ltr'><strong>vestros</strong></span> <span class='ocrx_word' id='word_1_433' title='bbox 2391 2873 2517 2924; x_wconf 89' lang='lat' dir='ltr'><strong>inter</strong></span> <span class='ocrx_word' id='word_1_434' title='bbox 2546 2886 2599 2924; x_wconf 90' lang='lat' dir='ltr'><strong>se</strong></span> <span class='ocrx_word' id='word_1_435' title='bbox 2625 2872 2956 2939; x_wconf 88' lang='lat' dir='ltr'><strong>contuleritis,</strong></span> <span class='ocrx_word' id='word_1_436' title='bbox 2984 2878 3218 2941; x_wconf 87' lang='lat' dir='ltr'><strong>quantum</strong></span> <span class='ocrx_word' id='word_1_437' title='bbox 3241 2875 3354 2926; x_wconf 88' lang='lat' dir='ltr'><strong>iude</strong></span> 
     </span>
     <span class='ocr_line' id='line_1_47' title="bbox 1784 2970 2904 3036; baseline -0.004 -10"><span class='ocrx_word' id='word_1_438' title='bbox 1784 2975 2022 3026; x_wconf 86' lang='lat' dir='ltr'><strong>malorum</strong></span> <span class='ocrx_word' id='word_1_439' title='bbox 2045 2972 2095 3024; x_wconf 91' lang='lat' dir='ltr'><strong>in</strong></span> <span class='ocrx_word' id='word_1_440' title='bbox 2119 2971 2288 3024; x_wconf 88' lang='lat' dir='ltr'><strong>urbem</strong></span> <span class='ocrx_word' id='word_1_441' title='bbox 2310 2970 2569 3036; x_wconf 82' lang='lat' dir='ltr'><strong>invaserit,</strong></span> <span class='ocrx_word' id='word_1_442' title='bbox 2589 2971 2904 3036; x_wconf 85' lang='lat' dir='ltr'><strong>perspicietis.</strong></span> 
     </span>
    </p>
   </div>
   <div class='ocr_carea' id='block_1_27' title="bbox 228 3069 3354 3158">
    <p class='ocr_par' dir='ltr' id='par_1_29' title="bbox 228 3069 3354 3158">
     <span class='ocr_line' id='line_1_48' title="bbox 228 3069 3354 3158; baseline 0 -22"><span class='ocrx_word' id='word_1_443' title='bbox 228 3095 294 3136; x_wconf 64' lang='grc' dir='ltr'><strong>τε.</strong></span> <span class='ocrx_word' id='word_1_444' title='bbox 334 3075 401 3137; x_wconf 86' lang='grc' dir='ltr'><strong><em>Ἦ</em></strong></span> <span class='ocrx_word' id='word_1_445' title='bbox 430 3073 525 3156; x_wconf 65' lang='grc' dir='ltr'><strong>μὲν</strong></span> <span class='ocrx_word' id='word_1_446' title='bbox 548 3074 723 3135; x_wconf 78' lang='grc' dir='ltr'>τοίνυν</span> <span class='ocrx_word' id='word_1_447' title='bbox 750 3073 989 3135; x_wconf 73' lang='grc' dir='ltr'>πολιτεία</span> <span class='ocrx_word' id='word_1_448' title='bbox 1006 3074 1240 3158; x_wconf 77' lang='grc' dir='ltr'>τοσούτῳ</span> <span class='ocrx_word' id='word_1_449' title='bbox 1273 3077 1489 3157; x_wconf 80' lang='grc' dir='ltr'>βελτίων</span> <span class='ocrx_word' id='word_1_450' title='bbox 1516 3069 1581 3152; x_wconf 73' lang='grc' dir='ltr'><strong>ἦν</strong></span> <span class='ocrx_word' id='word_1_451' title='bbox 1601 3078 1693 3138; x_wconf 75' lang='grc' dir='ltr'><strong>καὶ</strong></span> <span class='ocrx_word' id='word_1_452' title='bbox 1716 3076 1759 3140; x_wconf 90' lang='lat' dir='ltr'><strong>b</strong></span> <span class='ocrx_word' id='word_1_453' title='bbox 1843 3085 1921 3132; x_wconf 83' lang='lat'><strong>75·</strong></span> <span class='ocrx_word' id='word_1_454' title='bbox 1955 3079 2246 3146; x_wconf 74' lang='lat' dir='ltr'><strong>Respublica</strong></span> <span class='ocrx_word' id='word_1_455' title='bbox 2274 3081 2406 3132; x_wconf 80' lang='lat' dir='ltr'><strong>certe</strong></span> <span class='ocrx_word' id='word_1_456' title='bbox 2428 3078 2674 3144; x_wconf 77' lang='lat' dir='ltr'><strong>superiore</strong></span> <span class='ocrx_word' id='word_1_457' title='bbox 2697 3084 2912 3142; x_wconf 80' lang='lat' dir='ltr'><strong>tempore</strong></span> <span class='ocrx_word' id='word_1_458' title='bbox 2933 3081 3075 3130; x_wconf 77' lang='lat' dir='ltr'><strong>tanto</strong></span> <span class='ocrx_word' id='word_1_459' title='bbox 3099 3081 3268 3132; x_wconf 84' lang='lat' dir='ltr'><strong>melior</strong></span> <span class='ocrx_word' id='word_1_460' title='bbox 3302 3085 3354 3132; x_wconf 81' lang='lat' dir='ltr'><strong>et</strong></span> 
     </span>
    </p>
   </div>
   <div class='ocr_carea' id='block_1_28' title="bbox 92 3153 1696 3690">
    <p class='ocr_par' dir='ltr' id='par_1_30' title="bbox 92 3153 1696 3602">
     <span class='ocr_line' id='line_1_49' title="bbox 92 3153 1695 3251; baseline 0.001 -25"><span class='ocrx_word' id='word_1_461' title='bbox 92 3153 145 3226; x_wconf 63' lang='lat' dir='ltr'><strong>&#39;so</strong></span> <span class='ocrx_word' id='word_1_462' title='bbox 162 3165 377 3244; x_wconf 80' lang='grc' dir='ltr'>κρείττων</span> <span class='ocrx_word' id='word_1_463' title='bbox 421 3169 457 3238; x_wconf 77' lang='grc' dir='ltr'>ἡ</span> <span class='ocrx_word' id='word_1_464' title='bbox 495 3163 619 3224; x_wconf 71' lang='grc' dir='ltr'>τότε</span> <span class='ocrx_word' id='word_1_465' title='bbox 659 3167 755 3236; x_wconf 80' lang='grc' dir='ltr'><strong>τῆς</strong></span> <span class='ocrx_word' id='word_1_466' title='bbox 791 3162 1003 3246; x_wconf 77' lang='grc' dir='ltr'>ὕστερον</span> <span class='ocrx_word' id='word_1_467' title='bbox 1040 3165 1379 3239; x_wconf 76' lang='grc' dir='ltr'>καταστάσης</span> <span class='ocrx_word' id='word_1_468' title='bbox 1395 3213 1413 3242; x_wconf 93' lang='grc'>,</span> <span class='ocrx_word' id='word_1_469' title='bbox 1452 3165 1560 3248; x_wconf 74' lang='grc' dir='ltr'><strong>ὅσῳ</strong></span> <span class='ocrx_word' id='word_1_470' title='bbox 1594 3191 1695 3251; x_wconf 88' lang='grc' dir='ltr'><strong>περ</strong></span> 
     </span>
     <span class='ocr_line' id='line_1_50' title="bbox 162 3251 1696 3337; baseline 0.004 -25"><span class='ocrx_word' id='word_1_471' title='bbox 162 3251 439 3335; x_wconf 76' lang='grc' dir='ltr'>Ἀριστείδης</span> <span class='ocrx_word' id='word_1_472' title='bbox 486 3253 579 3314; x_wconf 77' lang='grc' dir='ltr'><strong>καὶ</strong></span> <span class='ocrx_word' id='word_1_473' title='bbox 622 3255 989 3331; x_wconf 76' lang='grc' dir='ltr'>Θεμιστοκλῆς</span> <span class='ocrx_word' id='word_1_474' title='bbox 1031 3254 1123 3314; x_wconf 76' lang='grc' dir='ltr'><strong>καὶ</strong></span> <span class='ocrx_word' id='word_1_475' title='bbox 1165 3255 1463 3330; x_wconf 89' lang='grc' dir='ltr'>Μιλτιάδης</span> <span class='ocrx_word' id='word_1_476' title='bbox 1513 3256 1696 3337; x_wconf 83' lang='grc' dir='ltr'>ἄνδρες</span> 
     </span>
     <span class='ocr_line' id='line_1_51' title="bbox 162 3335 1695 3426; baseline 0.005 -28"><span class='ocrx_word' id='word_1_477' title='bbox 162 3342 367 3418; x_wconf 78' lang='grc' dir='ltr'>ἀμείνους</span> <span class='ocrx_word' id='word_1_478' title='bbox 408 3335 543 3417; x_wconf 75' lang='grc' dir='ltr'>ἦσαν</span> <span class='ocrx_word' id='word_1_479' title='bbox 578 3341 907 3424; x_wconf 78' lang='grc' dir='ltr'>Ὑπερόόλου</span> <span class='ocrx_word' id='word_1_480' title='bbox 949 3341 1041 3402; x_wconf 82' lang='grc' dir='ltr'><strong>καὶ</strong></span> <span class='ocrx_word' id='word_1_481' title='bbox 1087 3345 1421 3426; x_wconf 74' lang='grc' dir='ltr'>Κλεοφῶντος</span> <span class='ocrx_word' id='word_1_482' title='bbox 1459 3344 1550 3405; x_wconf 71' lang='grc' dir='ltr'><strong>καὶ</strong></span> <span class='ocrx_word' id='word_1_483' title='bbox 1591 3349 1695 3406; x_wconf 86' lang='grc' dir='ltr'><strong>τῶν</strong></span> 
     </span>
     <span class='ocr_line' id='line_1_52' title="bbox 161 3428 1693 3514; baseline 0.004 -28"><span class='ocrx_word' id='word_1_484' title='bbox 161 3434 235 3488; x_wconf 73' lang='grc' dir='ltr'><strong>νῦν</strong></span> <span class='ocrx_word' id='word_1_485' title='bbox 268 3431 693 3514; x_wconf 73' lang='grc' dir='ltr'>δημηγορούντων</span> <span class='ocrx_word' id='word_1_486' title='bbox 711 3453 725 3468; x_wconf 92' lang='grc'><em>·</em></span> <span class='ocrx_word' id='word_1_487' title='bbox 765 3429 855 3489; x_wconf 81' lang='grc' dir='ltr'><strong>τὸν</strong></span> <span class='ocrx_word' id='word_1_488' title='bbox 896 3428 951 3490; x_wconf 84' lang='grc' dir='ltr'>δὲ</span> <span class='ocrx_word' id='word_1_489' title='bbox 980 3431 1145 3508; x_wconf 79' lang='grc' dir='ltr'>δῆμον</span> <span class='ocrx_word' id='word_1_490' title='bbox 1176 3431 1424 3512; x_wconf 76' lang='grc' dir='ltr'>εὑρήσετε</span> <span class='ocrx_word' id='word_1_491' title='bbox 1457 3431 1545 3492; x_wconf 77' lang='grc' dir='ltr'><strong>τὸν</strong></span> <span class='ocrx_word' id='word_1_492' title='bbox 1574 3430 1693 3493; x_wconf 88' lang='grc' dir='ltr'>τότε</span> 
     </span>
     <span class='ocr_line' id='line_1_53' title="bbox 162 3517 1695 3602; baseline 0.002 -26"><span class='ocrx_word' id='word_1_493' title='bbox 162 3520 521 3598; x_wconf 85' lang='grc' dir='ltr'>πολιτευόμενον</span> <span class='ocrx_word' id='word_1_494' title='bbox 558 3522 657 3580; x_wconf 78' lang='grc' dir='ltr'><strong>οὔκ</strong></span> <span class='ocrx_word' id='word_1_495' title='bbox 688 3517 873 3599; x_wconf 83' lang='grc' dir='ltr'>ἀργίας</span> <span class='ocrx_word' id='word_1_496' title='bbox 910 3519 1017 3578; x_wconf 78' lang='grc' dir='ltr'>οὔδ’</span> <span class='ocrx_word' id='word_1_497' title='bbox 1056 3518 1279 3602; x_wconf 81' lang='grc' dir='ltr'>ἀπορίας</span> <span class='ocrx_word' id='word_1_498' title='bbox 1327 3521 1435 3580; x_wconf 79' lang='grc' dir='ltr'>οὐδ’</span> <span class='ocrx_word' id='word_1_499' title='bbox 1468 3521 1695 3581; x_wconf 82' lang='grc' dir='ltr'>ἐλπίδων</span> 
     </span>
    </p>

    <p class='ocr_par' dir='ltr' id='par_1_31' title="bbox 102 3607 1695 3690">
     <span class='ocr_line' id='line_1_54' title="bbox 102 3607 1695 3690; baseline 0.006 -29"><span class='ocrx_word' id='word_1_500' title='bbox 102 3620 143 3661; x_wconf 68' lang='lat'><strong>³5</strong></span> <span class='ocrx_word' id='word_1_501' title='bbox 162 3613 299 3667; x_wconf 82' lang='grc' dir='ltr'>κενῶν</span> <span class='ocrx_word' id='word_1_502' title='bbox 330 3609 449 3669; x_wconf 86' lang='grc' dir='ltr'>ὄντα</span> <span class='ocrx_word' id='word_1_503' title='bbox 487 3608 700 3688; x_wconf 85' lang='grc' dir='ltr'>μεστόν,</span> <span class='ocrx_word' id='word_1_504' title='bbox 732 3607 819 3690; x_wconf 77' lang='grc' dir='ltr'>(7ο)</span> <span class='ocrx_word' id='word_1_505' title='bbox 851 3607 988 3667; x_wconf 80' lang='grc' dir='ltr'>ἀλλὰ</span> <span class='ocrx_word' id='word_1_506' title='bbox 1010 3617 1161 3668; x_wconf 76' lang='grc' dir='ltr'>νικᾶν</span> <span class='ocrx_word' id='word_1_507' title='bbox 1192 3607 1287 3686; x_wconf 80' lang='grc' dir='ltr'><strong>μὲν</strong></span> <span class='ocrx_word' id='word_1_508' title='bbox 1328 3608 1612 3688; x_wconf 81' lang='grc' dir='ltr'>δυνάμενον</span> <span class='ocrx_word' id='word_1_509' title='bbox 1641 3613 1695 3671; x_wconf 76' lang='grc' dir='ltr'><strong>ἐν</strong></span> 
     </span>
    </p>
   </div>
   <div class='ocr_carea' id='block_1_29' title="bbox 1783 3175 3353 3720">
    <p class='ocr_par' dir='ltr' id='par_1_32' title="bbox 1783 3175 3353 3720">
     <span class='ocr_line' id='line_1_55' title="bbox 1783 3175 3350 3240; baseline 0 -14"><span class='ocrx_word' id='word_1_510' title='bbox 1783 3175 2085 3240; x_wconf 77' lang='lat' dir='ltr'><strong>praestantior</strong></span> <span class='ocrx_word' id='word_1_511' title='bbox 2125 3175 2242 3235; x_wconf 77' lang='lat' dir='ltr'><strong>ruit,</strong></span> <span class='ocrx_word' id='word_1_512' title='bbox 2279 3185 2426 3239; x_wconf 86' lang='lat' dir='ltr'><strong>quam</strong></span> <span class='ocrx_word' id='word_1_513' title='bbox 2467 3185 2526 3224; x_wconf 85' lang='lat' dir='ltr'><strong>ea</strong></span> <span class='ocrx_word' id='word_1_514' title='bbox 2563 3186 2675 3238; x_wconf 73' lang='lat' dir='ltr'><strong>quae</strong></span> <span class='ocrx_word' id='word_1_515' title='bbox 2711 3176 2878 3224; x_wconf 85' lang='lat' dir='ltr'><strong>secuta</strong></span> <span class='ocrx_word' id='word_1_516' title='bbox 2920 3177 3014 3236; x_wconf 89' lang='lat' dir='ltr'><strong>est,</strong></span> <span class='ocrx_word' id='word_1_517' title='bbox 3047 3181 3230 3238; x_wconf 88' lang='lat' dir='ltr'><strong>quanto</strong></span> <span class='ocrx_word' id='word_1_518' title='bbox 3261 3176 3350 3227; x_wconf 86' lang='lat' dir='ltr'><strong>viri</strong></span> 
     </span>
     <span class='ocr_line' id='line_1_56' title="bbox 1784 3270 3350 3324; baseline -0.001 0"><span class='ocrx_word' id='word_1_519' title='bbox 1784 3273 2006 3324; x_wconf 85' lang='lat' dir='ltr'><strong>meliores</strong></span> <span class='ocrx_word' id='word_1_520' title='bbox 2045 3273 2243 3324; x_wconf 74' lang='lat' dir='ltr'><strong>ruerunt</strong></span> <span class='ocrx_word' id='word_1_521' title='bbox 2282 3270 2517 3321; x_wconf 79' lang='lat' dir='ltr'><strong>Aristides</strong></span> <span class='ocrx_word' id='word_1_522' title='bbox 2547 3275 2597 3322; x_wconf 91' lang='lat' dir='ltr'><strong>et</strong></span> <span class='ocrx_word' id='word_1_523' title='bbox 2635 3270 2984 3322; x_wconf 82' lang='lat' dir='ltr'><strong>Themistocles</strong></span> <span class='ocrx_word' id='word_1_524' title='bbox 3019 3274 3070 3322; x_wconf 89' lang='lat' dir='ltr'><strong>et</strong></span> <span class='ocrx_word' id='word_1_525' title='bbox 3111 3271 3350 3323; x_wconf 76' lang='lat' dir='ltr'><strong>Miltiades</strong></span> 
     </span>
     <span class='ocr_line' id='line_1_57' title="bbox 1786 3363 3345 3432; baseline -0.003 -12"><span class='ocrx_word' id='word_1_526' title='bbox 1786 3366 2062 3432; x_wconf 75' lang='lat' dir='ltr'><strong>Hyperbolo</strong></span> <span class='ocrx_word' id='word_1_527' title='bbox 2093 3370 2143 3417; x_wconf 91' lang='lat' dir='ltr'><strong>et</strong></span> <span class='ocrx_word' id='word_1_528' title='bbox 2169 3363 2468 3430; x_wconf 79' lang='lat' dir='ltr'><strong>Cleophonte</strong></span> <span class='ocrx_word' id='word_1_529' title='bbox 2501 3366 2554 3415; x_wconf 85' lang='lat' dir='ltr'><strong>et</strong></span> <span class='ocrx_word' id='word_1_530' title='bbox 2573 3363 2683 3415; x_wconf 87' lang='lat' dir='ltr'><strong>istis</strong></span> <span class='ocrx_word' id='word_1_531' title='bbox 2715 3364 2800 3430; x_wconf 91' lang='lat' dir='ltr'><strong>qui</strong></span> <span class='ocrx_word' id='word_1_532' title='bbox 2830 3377 2960 3414; x_wconf 88' lang='lat' dir='ltr'><strong>nunc</strong></span> <span class='ocrx_word' id='word_1_533' title='bbox 2983 3365 3345 3416; x_wconf 83' lang='lat' dir='ltr'><strong>concionantur.</strong></span> 
     </span>
     <span class='ocr_line' id='line_1_58' title="bbox 1786 3461 3352 3530; baseline -0.003 -13"><span class='ocrx_word' id='word_1_534' title='bbox 1786 3466 1998 3530; x_wconf 87' lang='lat' dir='ltr'><strong>Populus</strong></span> <span class='ocrx_word' id='word_1_535' title='bbox 2020 3463 2216 3528; x_wconf 70' lang='lat' dir='ltr'><strong>autem,</strong></span> <span class='ocrx_word' id='word_1_536' title='bbox 2237 3465 2319 3530; x_wconf 88' lang='lat' dir='ltr'><strong>qui</strong></span> <span class='ocrx_word' id='word_1_537' title='bbox 2346 3466 2451 3515; x_wconf 89' lang='lat' dir='ltr'><strong>tum</strong></span> <span class='ocrx_word' id='word_1_538' title='bbox 2483 3461 2832 3528; x_wconf 85' lang='lat' dir='ltr'><strong>rempublicam</strong></span> <span class='ocrx_word' id='word_1_539' title='bbox 2856 3463 3034 3526; x_wconf 84' lang='lat' dir='ltr'><strong>gessit,</strong></span> <span class='ocrx_word' id='word_1_540' title='bbox 3065 3477 3161 3514; x_wconf 90' lang='lat' dir='ltr'><strong>non</strong></span> <span class='ocrx_word' id='word_1_541' title='bbox 3196 3477 3352 3514; x_wconf 88' lang='lat' dir='ltr'><strong>socor-</strong></span> 
     </span>
     <span class='ocr_line' id='line_1_59' title="bbox 1785 3558 3353 3624; baseline -0.001 -13"><span class='ocrx_word' id='word_1_542' title='bbox 1785 3560 1904 3622; x_wconf 84' lang='lat' dir='ltr'><strong>diae,</strong></span> <span class='ocrx_word' id='word_1_543' title='bbox 1925 3575 2020 3611; x_wconf 91' lang='lat' dir='ltr'><strong>non</strong></span> <span class='ocrx_word' id='word_1_544' title='bbox 2038 3560 2234 3624; x_wconf 76' lang='lat' dir='ltr'><strong>inopiae.</strong></span> <span class='ocrx_word' id='word_1_545' title='bbox 2249 3572 2346 3609; x_wconf 89' lang='lat' dir='ltr'><strong>non</strong></span> <span class='ocrx_word' id='word_1_546' title='bbox 2373 3558 2527 3609; x_wconf 85' lang='lat' dir='ltr'><strong>inanis</strong></span> <span class='ocrx_word' id='word_1_547' title='bbox 2551 3559 2654 3623; x_wconf 87' lang='lat' dir='ltr'><strong>spei</strong></span> <span class='ocrx_word' id='word_1_548' title='bbox 2685 3559 2884 3622; x_wconf 76' lang='lat' dir='ltr'><strong>plenuS,</strong></span> <span class='ocrx_word' id='word_1_549' title='bbox 2901 3559 3003 3623; x_wconf 81' lang='grc'>(76)</span> <span class='ocrx_word' id='word_1_550' title='bbox 3037 3559 3120 3609; x_wconf 88' lang='lat' dir='ltr'><strong>sed</strong></span> <span class='ocrx_word' id='word_1_551' title='bbox 3139 3558 3182 3609; x_wconf 86' lang='lat' dir='ltr'><strong>is</strong></span> <span class='ocrx_word' id='word_1_552' title='bbox 3205 3559 3353 3610; x_wconf 80' lang='lat' dir='ltr'><strong>fuisse</strong></span> 
     </span>
     <span class='ocr_line' id='line_1_60' title="bbox 1785 3653 3352 3720; baseline -0.001 -14"><span class='ocrx_word' id='word_1_553' title='bbox 1785 3655 2126 3720; x_wconf 86' lang='lat' dir='ltr'><strong>comperietur,</strong></span> <span class='ocrx_word' id='word_1_554' title='bbox 2159 3653 2243 3720; x_wconf 90' lang='lat' dir='ltr'><strong>qui</strong></span> <span class='ocrx_word' id='word_1_555' title='bbox 2276 3656 2329 3705; x_wconf 91' lang='lat' dir='ltr'><strong>et</strong></span> <span class='ocrx_word' id='word_1_556' title='bbox 2363 3654 2616 3718; x_wconf 79' lang='lat' dir='ltr'><strong>profligare</strong></span> <span class='ocrx_word' id='word_1_557' title='bbox 2647 3654 2812 3717; x_wconf 89' lang='lat' dir='ltr'><strong>posset</strong></span> <span class='ocrx_word' id='word_1_558' title='bbox 2841 3667 3010 3704; x_wconf 90' lang='lat' dir='ltr'><strong>omnes</strong></span> <span class='ocrx_word' id='word_1_559' title='bbox 3033 3653 3116 3717; x_wconf 88' lang='lat' dir='ltr'><strong>qui</strong></span> <span class='ocrx_word' id='word_1_560' title='bbox 3144 3653 3352 3704; x_wconf 79' lang='lat' dir='ltr'><strong>Atticam</strong></span> 
     </span>
    </p>
   </div>
   <div class='ocr_carea' id='block_1_30' title="bbox 160 3694 3351 3811">
    <p class='ocr_par' dir='ltr' id='par_1_33' title="bbox 160 3694 3351 3811">
     <span class='ocr_line' id='line_1_61' title="bbox 160 3694 3351 3811; baseline 0 -13"><span class='ocrx_word' id='word_1_561' title='bbox 160 3697 253 3765; x_wconf 62' lang='grc' dir='ltr'>ταῖς</span> <span class='ocrx_word' id='word_1_562' title='bbox 272 3697 460 3779; x_wconf 55' lang='grc' dir='ltr'>μάχαις</span> <span class='ocrx_word' id='word_1_563' title='bbox 478 3697 721 3765; x_wconf 61' lang='grc' dir='ltr'>ἅπαντας</span> <span class='ocrx_word' id='word_1_564' title='bbox 744 3694 865 3764; x_wconf 59' lang='grc' dir='ltr'>τοὺς</span> <span class='ocrx_word' id='word_1_565' title='bbox 890 3698 963 3764; x_wconf 59' lang='grc' dir='ltr'><strong>εἰς</strong></span> <span class='ocrx_word' id='word_1_566' title='bbox 980 3695 1075 3770; x_wconf 59' lang='grc' dir='ltr'><strong>τὴν</strong></span> <span class='ocrx_word' id='word_1_567' title='bbox 1097 3695 1279 3778; x_wconf 61' lang='grc' dir='ltr'>χώραν</span> <span class='ocrx_word' id='word_1_568' title='bbox 1298 3697 1697 3776; x_wconf 59' lang='lat' dir='ltr'><strong>stceduomc,</strong></span> <span class='ocrx_word' id='word_1_569' title='bbox 1728 3753 1763 3782; x_wconf 46' lang='grc' dir='ltr'>ἱ</span> <span class='ocrx_word' id='word_1_570' title='bbox 1790 3751 2109 3811; x_wconf 79' lang='lat' dir='ltr'><strong>invasissent,</strong></span> <span class='ocrx_word' id='word_1_571' title='bbox 2143 3751 2194 3799; x_wconf 91' lang='lat' dir='ltr'><strong>et</strong></span> <span class='ocrx_word' id='word_1_572' title='bbox 2225 3749 2274 3797; x_wconf 91' lang='lat' dir='ltr'><strong>in</strong></span> <span class='ocrx_word' id='word_1_573' title='bbox 2305 3747 2539 3798; x_wconf 88' lang='lat' dir='ltr'><strong>adeundis</strong></span> <span class='ocrx_word' id='word_1_574' title='bbox 2573 3759 2662 3810; x_wconf 89' lang='lat' dir='ltr'><strong>pro</strong></span> <span class='ocrx_word' id='word_1_575' title='bbox 2694 3747 2878 3798; x_wconf 81' lang='lat' dir='ltr'><strong>Graecia</strong></span> <span class='ocrx_word' id='word_1_576' title='bbox 2913 3746 3135 3811; x_wconf 89' lang='lat' dir='ltr'><strong>periculis</strong></span> <span class='ocrx_word' id='word_1_577' title='bbox 3173 3747 3351 3810; x_wconf 90' lang='lat' dir='ltr'><strong>primas</strong></span> 
     </span>
    </p>
   </div>
   <div class='ocr_carea' id='block_1_31' title="bbox 165 3784 1755 3866">
    <p class='ocr_par' dir='ltr' id='par_1_34' title="bbox 165 3784 1755 3866">
     <span class='ocr_line' id='line_1_62' title="bbox 165 3784 1755 3866; baseline 0.006 -26"><span class='ocrx_word' id='word_1_578' title='bbox 165 3787 405 3864; x_wconf 74' lang='grc' dir='ltr'>ἀριστείων</span> <span class='ocrx_word' id='word_1_579' title='bbox 432 3788 477 3845; x_wconf 86' lang='grc' dir='ltr'>δ’</span> <span class='ocrx_word' id='word_1_580' title='bbox 502 3786 809 3863; x_wconf 76' lang='grc' dir='ltr'>ἀξιούμενον</span> <span class='ocrx_word' id='word_1_581' title='bbox 828 3786 881 3844; x_wconf 80' lang='grc' dir='ltr'><strong>ἐν</strong></span> <span class='ocrx_word' id='word_1_582' title='bbox 909 3786 1015 3853; x_wconf 83' lang='grc' dir='ltr'>τοῖς</span> <span class='ocrx_word' id='word_1_583' title='bbox 1040 3785 1171 3866; x_wconf 74' lang='grc' dir='ltr'>ὑπὲρ</span> <span class='ocrx_word' id='word_1_584' title='bbox 1192 3789 1284 3857; x_wconf 80' lang='grc' dir='ltr'><strong>τῆς</strong></span> <span class='ocrx_word' id='word_1_585' title='bbox 1312 3784 1566 3855; x_wconf 83' lang='grc' dir='ltr'>Ἑλλάδος</span> <span class='ocrx_word' id='word_1_586' title='bbox 1592 3811 1694 3846; x_wconf 91' lang='grc' dir='ltr'>κιν·</span> <span class='ocrx_word' id='word_1_587' title='bbox 1720 3809 1755 3850; x_wconf 95' lang='lat' dir='ltr'><strong>c</strong></span> 
     </span>
    </p>
   </div>
   <div class='ocr_carea' id='block_1_32' title="bbox 104 3871 1697 4670">
    <p class='ocr_par' dir='ltr' id='par_1_35' title="bbox 104 3871 1697 4670">
     <span class='ocr_line' id='line_1_63' title="bbox 162 3871 1695 3958; baseline 0.003 -28"><span class='ocrx_word' id='word_1_588' title='bbox 162 3871 325 3950; x_wconf 83' lang='grc' dir='ltr'>δύνοις,</span> <span class='ocrx_word' id='word_1_589' title='bbox 352 3875 487 3936; x_wconf 77' lang='grc' dir='ltr'>οὕτω</span> <span class='ocrx_word' id='word_1_590' title='bbox 514 3873 571 3934; x_wconf 80' lang='grc' dir='ltr'>δὲ</span> <span class='ocrx_word' id='word_1_591' title='bbox 599 3872 971 3950; x_wconf 84' lang='grc' dir='ltr'>πιστευόμενον</span> <span class='ocrx_word' id='word_1_592' title='bbox 998 3872 1135 3933; x_wconf 82' lang='grc' dir='ltr'>ὥστε</span> <span class='ocrx_word' id='word_1_593' title='bbox 1161 3872 1255 3942; x_wconf 72' lang='grc' dir='ltr'><strong>τὰς</strong></span> <span class='ocrx_word' id='word_1_594' title='bbox 1274 3873 1524 3942; x_wconf 88' lang='grc' dir='ltr'>πλείστας</span> <span class='ocrx_word' id='word_1_595' title='bbox 1552 3877 1695 3958; x_wconf 77' lang='grc' dir='ltr'>αὐτῷ</span> 
     </span>
     <span class='ocr_line' id='line_1_64' title="bbox 160 3961 1695 4044; baseline 0.003 -26"><span class='ocrx_word' id='word_1_596' title='bbox 160 3965 243 4020; x_wconf 81' lang='grc' dir='ltr'><strong>τῶν</strong></span> <span class='ocrx_word' id='word_1_597' title='bbox 262 3963 451 4024; x_wconf 84' lang='grc' dir='ltr'>πόλεων</span> <span class='ocrx_word' id='word_1_598' title='bbox 474 3962 697 4030; x_wconf 74' lang='grc' dir='ltr'>ἑκούσας</span> <span class='ocrx_word' id='word_1_599' title='bbox 723 3961 1013 4044; x_wconf 81' lang='grc' dir='ltr'>ἐγχειρίσαι</span> <span class='ocrx_word' id='word_1_600' title='bbox 1041 3972 1173 4044; x_wconf 78' lang='grc' dir='ltr'>σφᾶς</span> <span class='ocrx_word' id='word_1_601' title='bbox 1200 3962 1385 4032; x_wconf 79' lang='grc' dir='ltr'>αὐτάς.</span> <span class='ocrx_word' id='word_1_602' title='bbox 1433 3965 1523 4042; x_wconf 83' lang='grc'>(77)</span> <span class='ocrx_word' id='word_1_603' title='bbox 1555 3965 1695 4026; x_wconf 92' lang='grc' dir='ltr'>Τού-</span> 
     </span>
     <span class='ocr_line' id='line_1_65' title="bbox 104 4048 1696 4136; baseline 0.003 -28"><span class='ocrx_word' id='word_1_604' title='bbox 104 4059 143 4100; x_wconf 83' lang='lat'><strong>⁴0</strong></span> <span class='ocrx_word' id='word_1_605' title='bbox 162 4071 242 4108; x_wconf 82' lang='grc' dir='ltr'><strong>των</strong></span> <span class='ocrx_word' id='word_1_606' title='bbox 267 4052 307 4110; x_wconf 85' lang='grc' dir='ltr'>δ’</span> <span class='ocrx_word' id='word_1_607' title='bbox 343 4051 703 4136; x_wconf 77' lang='grc' dir='ltr'>ὑπαρχόντων,</span> <span class='ocrx_word' id='word_1_608' title='bbox 735 4050 848 4110; x_wconf 76' lang='grc' dir='ltr'>ἀντὶ</span> <span class='ocrx_word' id='word_1_609' title='bbox 880 4048 973 4128; x_wconf 81' lang='grc' dir='ltr'><strong>μὲν</strong></span> <span class='ocrx_word' id='word_1_610' title='bbox 1002 4055 1097 4124; x_wconf 77' lang='grc' dir='ltr'><strong>τῆς</strong></span> <span class='ocrx_word' id='word_1_611' title='bbox 1126 4051 1392 4120; x_wconf 87' lang='grc' dir='ltr'>πολιτείας</span> <span class='ocrx_word' id='word_1_612' title='bbox 1430 4056 1525 4124; x_wconf 75' lang='grc' dir='ltr'><strong>τῆς</strong></span> <span class='ocrx_word' id='word_1_613' title='bbox 1547 4051 1696 4132; x_wconf 78' lang='grc' dir='ltr'>παρὰ</span> 
     </span>
     <span class='ocr_line' id='line_1_66' title="bbox 160 4139 1696 4222; baseline 0.003 -27"><span class='ocrx_word' id='word_1_614' title='bbox 160 4147 291 4198; x_wconf 68' lang='grc' dir='ltr'>πᾶσιν</span> <span class='ocrx_word' id='word_1_615' title='bbox 321 4140 691 4222; x_wconf 82' lang='grc' dir='ltr'>εὖδοκιμούσης</span> <span class='ocrx_word' id='word_1_616' title='bbox 718 4140 804 4200; x_wconf 70' lang='grc' dir='ltr'>ἐπὶ</span> <span class='ocrx_word' id='word_1_617' title='bbox 825 4139 1071 4211; x_wconf 85' lang='grc' dir='ltr'>τοιαύτην</span> <span class='ocrx_word' id='word_1_618' title='bbox 1099 4139 1386 4200; x_wconf 83' lang='grc' dir='ltr'>ἀκολασίαν</span> <span class='ocrx_word' id='word_1_619' title='bbox 1412 4144 1445 4214; x_wconf 82' lang='grc' dir='ltr'>ἠ</span> <span class='ocrx_word' id='word_1_620' title='bbox 1480 4140 1696 4218; x_wconf 86' lang='grc' dir='ltr'>δύναμις</span> 
     </span>
     <span class='ocr_line' id='line_1_67' title="bbox 164 4228 1697 4314; baseline 0.002 -28"><span class='ocrx_word' id='word_1_621' title='bbox 164 4231 277 4303; x_wconf 69' lang='grc' dir='ltr'>ἡμᾶς</span> <span class='ocrx_word' id='word_1_622' title='bbox 302 4230 429 4304; x_wconf 76' lang='grc' dir='ltr'>αὕτη</span> <span class='ocrx_word' id='word_1_623' title='bbox 455 4231 775 4314; x_wconf 77' lang='grc' dir='ltr'>προήγαγεν,</span> <span class='ocrx_word' id='word_1_624' title='bbox 804 4229 870 4302; x_wconf 83' lang='grc' dir='ltr'><strong>ἣν</strong></span> <span class='ocrx_word' id='word_1_625' title='bbox 904 4229 1064 4297; x_wconf 75' lang='grc' dir='ltr'>οὐδεὶς</span> <span class='ocrx_word' id='word_1_626' title='bbox 1087 4228 1151 4287; x_wconf 73' lang='grc' dir='ltr'><strong>ἂν</strong></span> <span class='ocrx_word' id='word_1_627' title='bbox 1176 4229 1461 4311; x_wconf 79' lang='grc' dir='ltr'>ἀνθρώπων</span> <span class='ocrx_word' id='word_1_628' title='bbox 1488 4229 1697 4289; x_wconf 72' lang='grc' dir='ltr'>ἐπαινέ-</span> 
     </span>
     <span class='ocr_line' id='line_1_68' title="bbox 161 4315 1690 4400; baseline 0.005 -29"><span class='ocrx_word' id='word_1_629' title='bbox 161 4335 294 4374; x_wconf 85' lang='grc' dir='ltr'>σειεν·</span> <span class='ocrx_word' id='word_1_630' title='bbox 334 4320 447 4379; x_wconf 76' lang='grc' dir='ltr'>ἀντὶ</span> <span class='ocrx_word' id='word_1_631' title='bbox 489 4319 545 4379; x_wconf 70' lang='grc' dir='ltr'>δὶ</span> <span class='ocrx_word' id='word_1_632' title='bbox 584 4323 677 4378; x_wconf 75' lang='grc' dir='ltr'><strong>τοῦ</strong></span> <span class='ocrx_word' id='word_1_633' title='bbox 713 4326 861 4378; x_wconf 76' lang='grc' dir='ltr'>νικᾶν</span> <span class='ocrx_word' id='word_1_634' title='bbox 898 4315 1016 4386; x_wconf 75' lang='grc' dir='ltr'>τοὺς</span> <span class='ocrx_word' id='word_1_635' title='bbox 1050 4316 1515 4400; x_wconf 72' lang='grc' dir='ltr'>ἔπιστρατεύοντας</span> <span class='ocrx_word' id='word_1_636' title='bbox 1554 4315 1690 4378; x_wconf 78' lang='grc' dir='ltr'>οὕτω</span> 
     </span>
     <span class='ocr_line' id='line_1_69' title="bbox 160 4403 1686 4488; baseline 0.003 -26"><span class='ocrx_word' id='word_1_637' title='bbox 160 4403 255 4472; x_wconf 74' lang='grc' dir='ltr'>τοὺς</span> <span class='ocrx_word' id='word_1_638' title='bbox 278 4409 487 4477; x_wconf 86' lang='grc' dir='ltr'>πολίτας</span> <span class='ocrx_word' id='word_1_639' title='bbox 522 4407 845 4481; x_wconf 68' lang='grc' dir='ltr'>ἐπαίδευσεν,</span> <span class='ocrx_word' id='word_1_640' title='bbox 875 4403 1013 4466; x_wconf 76' lang='grc' dir='ltr'>ὥστε</span> <span class='ocrx_word' id='word_1_641' title='bbox 1042 4403 1177 4484; x_wconf 76' lang='grc' dir='ltr'>μηδὲ</span> <span class='ocrx_word' id='word_1_642' title='bbox 1217 4408 1321 4487; x_wconf 83' lang='grc' dir='ltr'><strong>πρὸ</strong></span> <span class='ocrx_word' id='word_1_643' title='bbox 1351 4410 1457 4467; x_wconf 86' lang='grc' dir='ltr'><strong>τῶν</strong></span> <span class='ocrx_word' id='word_1_644' title='bbox 1495 4409 1686 4488; x_wconf 82' lang='grc' dir='ltr'>τειχῶν</span> 
     </span>
     <span class='ocr_line' id='line_1_70' title="bbox 108 4492 1691 4575; baseline 0.001 -20"><span class='ocrx_word' id='word_1_645' title='bbox 108 4503 141 4542; x_wconf 68' lang='lat'><strong>⁴³¹</strong></span> <span class='ocrx_word' id='word_1_646' title='bbox 158 4493 326 4572; x_wconf 75' lang='grc' dir='ltr'>τολμᾶν</span> <span class='ocrx_word' id='word_1_647' title='bbox 364 4497 619 4568; x_wconf 66' lang='grc' dir='ltr'>ἐπεξιέναι</span> <span class='ocrx_word' id='word_1_648' title='bbox 652 4498 758 4564; x_wconf 81' lang='grc' dir='ltr'>τοῖς</span> <span class='ocrx_word' id='word_1_649' title='bbox 792 4494 1085 4573; x_wconf 78' lang='grc' dir='ltr'>πολεμίοις·</span> <span class='ocrx_word' id='word_1_650' title='bbox 1118 4495 1217 4575; x_wconf 77' lang='grc'>(78)</span> <span class='ocrx_word' id='word_1_651' title='bbox 1239 4495 1355 4555; x_wconf 76' lang='grc' dir='ltr'>ἀντὶ</span> <span class='ocrx_word' id='word_1_652' title='bbox 1395 4492 1451 4554; x_wconf 84' lang='grc' dir='ltr'>δὲ</span> <span class='ocrx_word' id='word_1_653' title='bbox 1478 4499 1571 4568; x_wconf 76' lang='grc' dir='ltr'><strong>τῆς</strong></span> <span class='ocrx_word' id='word_1_654' title='bbox 1599 4498 1691 4556; x_wconf 76' lang='grc' dir='ltr'><strong>εὖ·</strong></span> 
     </span>
     <span class='ocr_line' id='line_1_71' title="bbox 163 4581 1691 4670; baseline 0.003 -31"><span class='ocrx_word' id='word_1_655' title='bbox 163 4581 277 4652; x_wconf 79' lang='grc' dir='ltr'>νοίας</span> <span class='ocrx_word' id='word_1_656' title='bbox 300 4591 388 4658; x_wconf 76' lang='grc' dir='ltr'><strong>τῆς</strong></span> <span class='ocrx_word' id='word_1_657' title='bbox 413 4585 563 4670; x_wconf 76' lang='grc' dir='ltr'>παρὰ</span> <span class='ocrx_word' id='word_1_658' title='bbox 580 4590 685 4647; x_wconf 88' lang='grc' dir='ltr'><strong>τῶν</strong></span> <span class='ocrx_word' id='word_1_659' title='bbox 710 4584 1009 4665; x_wconf 83' lang='grc' dir='ltr'>συμμάχων</span> <span class='ocrx_word' id='word_1_660' title='bbox 1040 4585 1215 4653; x_wconf 74' lang='grc' dir='ltr'>αὐτοῖς</span> <span class='ocrx_word' id='word_1_661' title='bbox 1242 4582 1583 4666; x_wconf 70' lang='grc' dir='ltr'>ὑπαρχούσης</span> <span class='ocrx_word' id='word_1_662' title='bbox 1602 4583 1691 4644; x_wconf 77' lang='grc' dir='ltr'><strong>καὶ</strong></span> 
     </span>
    </p>
   </div>
   <div class='ocr_carea' id='block_1_33' title="bbox 162 4673 1760 4760">
    <p class='ocr_par' dir='ltr' id='par_1_36' title="bbox 162 4673 1760 4760">
     <span class='ocr_line' id='line_1_72' title="bbox 162 4673 1760 4760; baseline 0.002 -31"><span class='ocrx_word' id='word_1_663' title='bbox 162 4675 233 4743; x_wconf 70' lang='grc' dir='ltr'><strong>τῆς</strong></span> <span class='ocrx_word' id='word_1_664' title='bbox 254 4675 390 4750; x_wconf 76' lang='grc' dir='ltr'>δόξης</span> <span class='ocrx_word' id='word_1_665' title='bbox 410 4683 505 4751; x_wconf 75' lang='grc' dir='ltr'><strong>τῆς</strong></span> <span class='ocrx_word' id='word_1_666' title='bbox 530 4675 677 4760; x_wconf 66' lang='grc' dir='ltr'>παρὰ</span> <span class='ocrx_word' id='word_1_667' title='bbox 706 4679 809 4737; x_wconf 83' lang='grc' dir='ltr'><strong>τῶν</strong></span> <span class='ocrx_word' id='word_1_668' title='bbox 838 4675 1015 4736; x_wconf 84' lang='grc' dir='ltr'>ἄλλων</span> <span class='ocrx_word' id='word_1_669' title='bbox 1041 4673 1317 4746; x_wconf 81' lang='grc' dir='ltr'>Ἑλλήνων</span> <span class='ocrx_word' id='word_1_670' title='bbox 1346 4677 1417 4742; x_wconf 83' lang='grc' dir='ltr'><strong>εἷς</strong></span> <span class='ocrx_word' id='word_1_671' title='bbox 1444 4679 1687 4736; x_wconf 80' lang='grc' dir='ltr'>τοσοῦτον</span> <span class='ocrx_word' id='word_1_672' title='bbox 1718 4678 1760 4744; x_wconf 84' lang='lat' dir='ltr'><strong>d</strong></span> 
     </span>
    </p>
   </div>
   <div class='ocr_carea' id='block_1_34' title="bbox 112 4761 1694 5290">
    <p class='ocr_par' dir='ltr' id='par_1_37' title="bbox 112 4761 1694 5290">
     <span class='ocr_line' id='line_1_73' title="bbox 164 4761 1691 4846; baseline 0.001 -23"><span class='ocrx_word' id='word_1_673' title='bbox 164 4761 285 4834; x_wconf 77' lang='grc' dir='ltr'>μῖσος</span> <span class='ocrx_word' id='word_1_674' title='bbox 315 4767 654 4841; x_wconf 81' lang='grc' dir='ltr'>κατέστησεν,</span> <span class='ocrx_word' id='word_1_675' title='bbox 684 4764 822 4826; x_wconf 80' lang='grc' dir='ltr'>ὥστε</span> <span class='ocrx_word' id='word_1_676' title='bbox 848 4764 996 4846; x_wconf 80' lang='grc' dir='ltr'>παρὰ</span> <span class='ocrx_word' id='word_1_677' title='bbox 1022 4763 1207 4844; x_wconf 78' lang='grc' dir='ltr'>μικρὸν</span> <span class='ocrx_word' id='word_1_678' title='bbox 1244 4764 1410 4824; x_wconf 85' lang='grc' dir='ltr'>ἐλθεῖν</span> <span class='ocrx_word' id='word_1_679' title='bbox 1438 4762 1691 4845; x_wconf 79' lang='grc' dir='ltr'>ἐξανδρα-</span> 
     </span>
     <span class='ocr_line' id='line_1_74' title="bbox 164 4849 1692 4931; baseline 0.004 -25"><span class='ocrx_word' id='word_1_680' title='bbox 164 4849 435 4926; x_wconf 76' lang='grc' dir='ltr'>ποδισθῆναι</span> <span class='ocrx_word' id='word_1_681' title='bbox 478 4853 577 4926; x_wconf 78' lang='grc' dir='ltr'><strong>τὴν</strong></span> <span class='ocrx_word' id='word_1_682' title='bbox 622 4851 797 4928; x_wconf 87' lang='grc' dir='ltr'>πόλιν,</span> <span class='ocrx_word' id='word_1_683' title='bbox 841 4855 888 4912; x_wconf 81' lang='grc' dir='ltr'><strong>εἰ</strong></span> <span class='ocrx_word' id='word_1_684' title='bbox 920 4849 996 4931; x_wconf 81' lang='grc' dir='ltr'>μὴ</span> <span class='ocrx_word' id='word_1_685' title='bbox 1029 4850 1464 4931; x_wconf 80' lang='grc' dir='ltr'>Λακεδαιμονίων</span> <span class='ocrx_word' id='word_1_686' title='bbox 1490 4854 1593 4910; x_wconf 87' lang='grc' dir='ltr'><strong>τῶν</strong></span> <span class='ocrx_word' id='word_1_687' title='bbox 1640 4851 1692 4922; x_wconf 74' lang='grc' dir='ltr'><strong>ἐξ</strong></span> 
     </span>
     <span class='ocr_line' id='line_1_75' title="bbox 112 4935 1691 5024; baseline 0 -24"><span class='ocrx_word' id='word_1_688' title='bbox 112 4947 149 4990; x_wconf 74' lang='lat'><strong>⁵⁰</strong></span> <span class='ocrx_word' id='word_1_689' title='bbox 166 4935 300 5016; x_wconf 55' lang='grc' dir='ltr'>ἀρχῆς</span> <span class='ocrx_word' id='word_1_690' title='bbox 324 4942 687 5020; x_wconf 86' lang='grc' dir='ltr'>πολεμούντων</span> <span class='ocrx_word' id='word_1_691' title='bbox 712 4941 1058 5024; x_wconf 82' lang='grc' dir='ltr'>εὖνουστέρων</span> <span class='ocrx_word' id='word_1_692' title='bbox 1086 4939 1341 5022; x_wconf 79' lang='grc' dir='ltr'>ἐτύχομεν</span> <span class='ocrx_word' id='word_1_693' title='bbox 1368 4937 1403 5014; x_wconf 81' lang='grc' dir='ltr'>ἢ</span> <span class='ocrx_word' id='word_1_694' title='bbox 1431 4943 1536 5000; x_wconf 88' lang='grc' dir='ltr'><strong>τῶν</strong></span> <span class='ocrx_word' id='word_1_695' title='bbox 1562 4939 1691 5020; x_wconf 87' lang='grc' dir='ltr'>πρό·</span> 
     </span>
     <span class='ocr_line' id='line_1_76' title="bbox 166 5022 1694 5112; baseline -0.001 -22"><span class='ocrx_word' id='word_1_696' title='bbox 166 5045 284 5106; x_wconf 76' lang='grc' dir='ltr'>τερον</span> <span class='ocrx_word' id='word_1_697' title='bbox 300 5032 420 5108; x_wconf 81' lang='grc' dir='ltr'>ἡμῖν</span> <span class='ocrx_word' id='word_1_698' title='bbox 448 5030 747 5112; x_wconf 80' lang='grc' dir='ltr'>συμμάχων</span> <span class='ocrx_word' id='word_1_699' title='bbox 771 5030 950 5092; x_wconf 84' lang='grc' dir='ltr'>ὄντων.</span> <span class='ocrx_word' id='word_1_700' title='bbox 1034 5030 1131 5112; x_wconf 83' lang='grc'>(79)</span> <span class='ocrx_word' id='word_1_701' title='bbox 1164 5022 1261 5099; x_wconf 75' lang='grc' dir='ltr'><strong>Οἷς</strong></span> <span class='ocrx_word' id='word_1_702' title='bbox 1284 5033 1377 5090; x_wconf 79' lang='grc' dir='ltr'><strong>οὐκ</strong></span> <span class='ocrx_word' id='word_1_703' title='bbox 1398 5027 1460 5089; x_wconf 75' lang='grc' dir='ltr'><strong>ἂν</strong></span> <span class='ocrx_word' id='word_1_704' title='bbox 1482 5029 1694 5100; x_wconf 87' lang='grc' dir='ltr'>δικαίως</span> 
     </span>
     <span class='ocr_line' id='line_1_77' title="bbox 168 5115 1692 5203; baseline -0.001 -26"><span class='ocrx_word' id='word_1_705' title='bbox 168 5115 462 5200; x_wconf 69' lang='grc' dir='ltr'>ἕγκαλοῖμεν,</span> <span class='ocrx_word' id='word_1_706' title='bbox 478 5121 561 5181; x_wconf 80' lang='grc' dir='ltr'><strong>ὅτι</strong></span> <span class='ocrx_word' id='word_1_707' title='bbox 584 5123 829 5202; x_wconf 71' lang='grc' dir='ltr'>χαλεπῶς</span> <span class='ocrx_word' id='word_1_708' title='bbox 852 5121 980 5203; x_wconf 80' lang='grc' dir='ltr'>πρὸς</span> <span class='ocrx_word' id='word_1_709' title='bbox 1002 5125 1143 5199; x_wconf 72' lang='grc' dir='ltr'>ἡμᾶς</span> <span class='ocrx_word' id='word_1_710' title='bbox 1167 5116 1494 5192; x_wconf 84' lang='grc' dir='ltr'>διετέθησαν·</span> <span class='ocrx_word' id='word_1_711' title='bbox 1515 5117 1573 5176; x_wconf 83' lang='grc' dir='ltr'>οὗ</span> <span class='ocrx_word' id='word_1_712' title='bbox 1591 5116 1692 5200; x_wconf 79' lang='grc' dir='ltr'><strong>γὰρ</strong></span> 
     </span>
     <span class='ocr_line' id='line_1_78' title="bbox 170 5204 1691 5290; baseline -0.002 -20"><span class='ocrx_word' id='word_1_713' title='bbox 170 5205 447 5290; x_wconf 71' lang='grc' dir='ltr'>ὓπᾶρχοντες</span> <span class='ocrx_word' id='word_1_714' title='bbox 476 5212 596 5272; x_wconf 83' lang='grc' dir='ltr'>ἀλλ’</span> <span class='ocrx_word' id='word_1_715' title='bbox 627 5210 939 5290; x_wconf 80' lang='grc' dir='ltr'>ἀμυνόμενοι</span> <span class='ocrx_word' id='word_1_716' title='bbox 976 5210 1068 5270; x_wconf 75' lang='grc' dir='ltr'><strong>καὶ</strong></span> <span class='ocrx_word' id='word_1_717' title='bbox 1094 5208 1268 5270; x_wconf 79' lang='grc' dir='ltr'>πολλὰ</span> <span class='ocrx_word' id='word_1_718' title='bbox 1298 5207 1389 5268; x_wconf 76' lang='grc' dir='ltr'><strong>καὶ</strong></span> <span class='ocrx_word' id='word_1_719' title='bbox 1417 5204 1559 5268; x_wconf 74' lang='grc' dir='ltr'>δεινὰ</span> <span class='ocrx_word' id='word_1_720' title='bbox 1581 5230 1691 5267; x_wconf 87' lang='grc' dir='ltr'>πα·-</span> 
     </span>
    </p>
   </div>
   <div class='ocr_carea' id='block_1_35' title="bbox 1777 3842 3350 5175">
    <p class='ocr_par' dir='ltr' id='par_1_38' title="bbox 1777 3842 3350 5175">
     <span class='ocr_line' id='line_1_79' title="bbox 1783 3842 3350 3908; baseline -0.002 -11"><span class='ocrx_word' id='word_1_721' title='bbox 1783 3847 1928 3897; x_wconf 74' lang='lat' dir='ltr'><strong>ferret</strong></span> <span class='ocrx_word' id='word_1_722' title='bbox 1965 3845 2029 3896; x_wconf 90' lang='lat' dir='ltr'><strong>ob</strong></span> <span class='ocrx_word' id='word_1_723' title='bbox 2064 3844 2412 3905; x_wconf 78' lang='lat' dir='ltr'><strong>fortitudinem,</strong></span> <span class='ocrx_word' id='word_1_724' title='bbox 2435 3847 2716 3908; x_wconf 84' lang='lat' dir='ltr'><strong>tantamque</strong></span> <span class='ocrx_word' id='word_1_725' title='bbox 2749 3842 2842 3893; x_wconf 87' lang='lat' dir='ltr'><strong>sibi</strong></span> <span class='ocrx_word' id='word_1_726' title='bbox 2873 3842 3020 3892; x_wconf 83' lang='lat' dir='ltr'><strong>fidem</strong></span> <span class='ocrx_word' id='word_1_727' title='bbox 3042 3842 3350 3906; x_wconf 84' lang='lat' dir='ltr'><strong>adjungeret,</strong></span> 
     </span>
     <span class='ocr_line' id='line_1_80' title="bbox 1782 3937 3349 4006; baseline -0.005 -14"><span class='ocrx_word' id='word_1_728' title='bbox 1782 3947 1839 3992; x_wconf 87' lang='lat' dir='ltr'><strong>ut</strong></span> <span class='ocrx_word' id='word_1_729' title='bbox 1860 3941 2080 4006; x_wconf 86' lang='lat' dir='ltr'><strong>plurimae</strong></span> <span class='ocrx_word' id='word_1_730' title='bbox 2094 3941 2313 3990; x_wconf 79' lang='lat' dir='ltr'><strong>civitates</strong></span> <span class='ocrx_word' id='word_1_731' title='bbox 2337 3937 2464 3990; x_wconf 90' lang='lat' dir='ltr'><strong>ultro</strong></span> <span class='ocrx_word' id='word_1_732' title='bbox 2487 3938 2608 3989; x_wconf 90' lang='lat' dir='ltr'><strong>sein</strong></span> <span class='ocrx_word' id='word_1_733' title='bbox 2627 3938 2769 3989; x_wconf 83' lang='lat' dir='ltr'><strong>fldem</strong></span> <span class='ocrx_word' id='word_1_734' title='bbox 2793 3937 2897 4001; x_wconf 85' lang='lat' dir='ltr'><strong>ejus</strong></span> <span class='ocrx_word' id='word_1_735' title='bbox 2921 3939 3211 3988; x_wconf 80' lang='lat' dir='ltr'><strong>conferrent.</strong></span> <span class='ocrx_word' id='word_1_736' title='bbox 3250 3941 3349 4002; x_wconf 83' lang='grc'>(77)</span> 
     </span>
     <span class='ocr_line' id='line_1_81' title="bbox 1783 4035 3350 4104; baseline -0.001 -14"><span class='ocrx_word' id='word_1_737' title='bbox 1783 4044 1904 4100; x_wconf 73' lang='lat' dir='ltr'><strong>Quae</strong></span> <span class='ocrx_word' id='word_1_738' title='bbox 1931 4053 2084 4104; x_wconf 88' lang='lat' dir='ltr'><strong>quum</strong></span> <span class='ocrx_word' id='word_1_739' title='bbox 2106 4037 2174 4088; x_wconf 86' lang='lat' dir='ltr'><strong>ita</strong></span> <span class='ocrx_word' id='word_1_740' title='bbox 2191 4040 2378 4100; x_wconf 87' lang='lat' dir='ltr'><strong>essent,</strong></span> <span class='ocrx_word' id='word_1_741' title='bbox 2413 4035 2690 4087; x_wconf 85' lang='lat' dir='ltr'><strong>dominatus</strong></span> <span class='ocrx_word' id='word_1_742' title='bbox 2722 4036 2814 4088; x_wconf 87' lang='lat' dir='ltr'><strong>iste</strong></span> <span class='ocrx_word' id='word_1_743' title='bbox 2845 4050 2936 4088; x_wconf 84' lang='lat' dir='ltr'><strong>nos</strong></span> <span class='ocrx_word' id='word_1_744' title='bbox 2963 4036 3142 4086; x_wconf 87' lang='lat' dir='ltr'><strong>amissa</strong></span> <span class='ocrx_word' id='word_1_745' title='bbox 3177 4038 3350 4088; x_wconf 82' lang='lat' dir='ltr'><strong>veteris</strong></span> 
     </span>
     <span class='ocr_line' id='line_1_82' title="bbox 1782 4129 3348 4199; baseline -0.004 -13"><span class='ocrx_word' id='word_1_746' title='bbox 1782 4134 2058 4199; x_wconf 79' lang='lat' dir='ltr'><strong>reipublicae</strong></span> <span class='ocrx_word' id='word_1_747' title='bbox 2084 4132 2212 4196; x_wconf 89' lang='lat' dir='ltr'><strong>apud</strong></span> <span class='ocrx_word' id='word_1_748' title='bbox 2241 4143 2408 4183; x_wconf 87' lang='lat' dir='ltr'><strong>omnes</strong></span> <span class='ocrx_word' id='word_1_749' title='bbox 2423 4129 2630 4195; x_wconf 83' lang='lat' dir='ltr'><strong>gloriain</strong></span> <span class='ocrx_word' id='word_1_750' title='bbox 2644 4131 3176 4194; x_wconf 86' lang='lat' dir='ltr'><strong>eamintemperantiarn</strong></span> <span class='ocrx_word' id='word_1_751' title='bbox 3195 4130 3348 4196; x_wconf 87' lang='lat' dir='ltr'><strong>impu·</strong></span> 
     </span>
     <span class='ocr_line' id='line_1_83' title="bbox 1784 4227 3349 4295; baseline -0.001 -13"><span class='ocrx_word' id='word_1_752' title='bbox 1784 4233 1865 4295; x_wconf 90' lang='lat' dir='ltr'><strong>lit,</strong></span> <span class='ocrx_word' id='word_1_753' title='bbox 1890 4245 2036 4295; x_wconf 84' lang='lat' dir='ltr'><strong>quam</strong></span> <span class='ocrx_word' id='word_1_754' title='bbox 2061 4229 2334 4281; x_wconf 86' lang='lat' dir='ltr'><strong>mortalium</strong></span> <span class='ocrx_word' id='word_1_755' title='bbox 2353 4241 2494 4280; x_wconf 87' lang='lat' dir='ltr'><strong>nemo</strong></span> <span class='ocrx_word' id='word_1_756' title='bbox 2511 4227 2805 4290; x_wconf 85' lang='lat' dir='ltr'><strong>laudaverit,</strong></span> <span class='ocrx_word' id='word_1_757' title='bbox 2827 4233 2878 4278; x_wconf 89' lang='lat' dir='ltr'><strong>ct</strong></span> <span class='ocrx_word' id='word_1_758' title='bbox 2894 4241 3042 4292; x_wconf 88' lang='lat' dir='ltr'><strong>quum</strong></span> <span class='ocrx_word' id='word_1_759' title='bbox 3073 4233 3214 4278; x_wconf 84' lang='lat' dir='ltr'><strong>antea</strong></span> <span class='ocrx_word' id='word_1_760' title='bbox 3233 4243 3318 4280; x_wconf 87' lang='lat' dir='ltr'><strong>eos</strong></span> <span class='ocrx_word' id='word_1_761' title='bbox 3332 4265 3349 4293; x_wconf 93' lang='lat'><strong>,</strong></span> 
     </span>
     <span class='ocr_line' id='line_1_84' title="bbox 1784 4322 3350 4392; baseline -0.001 -14"><span class='ocrx_word' id='word_1_762' title='bbox 1784 4327 1868 4392; x_wconf 87' lang='lat' dir='ltr'><strong>qui</strong></span> <span class='ocrx_word' id='word_1_763' title='bbox 1890 4327 2070 4378; x_wconf 86' lang='lat' dir='ltr'><strong>bellum</strong></span> <span class='ocrx_word' id='word_1_764' title='bbox 2099 4325 2359 4386; x_wconf 79' lang='lat' dir='ltr'><strong>inferrent,</strong></span> <span class='ocrx_word' id='word_1_765' title='bbox 2377 4323 2524 4374; x_wconf 89' lang='lat' dir='ltr'><strong>armis</strong></span> <span class='ocrx_word' id='word_1_766' title='bbox 2543 4322 2847 4374; x_wconf 82' lang='lat' dir='ltr'><strong>vinceremus</strong></span> <span class='ocrx_word' id='word_1_767' title='bbox 2864 4359 2880 4386; x_wconf 87' lang='lat'>‚</span> <span class='ocrx_word' id='word_1_768' title='bbox 2905 4323 2977 4374; x_wconf 87' lang='lat' dir='ltr'><strong>sic</strong></span> <span class='ocrx_word' id='word_1_769' title='bbox 2999 4323 3132 4376; x_wconf 86' lang='lat' dir='ltr'><strong>cives</strong></span> <span class='ocrx_word' id='word_1_770' title='bbox 3157 4325 3350 4376; x_wconf 82' lang='lat' dir='ltr'><strong>nostros</strong></span> 
     </span>
     <span class='ocr_line' id='line_1_85' title="bbox 1777 4421 3331 4488; baseline -0.003 -11"><span class='ocrx_word' id='word_1_771' title='bbox 1777 4425 2003 4488; x_wconf 88' lang='lat' dir='ltr'><strong>instituit,</strong></span> <span class='ocrx_word' id='word_1_772' title='bbox 2023 4429 2154 4476; x_wconf 89' lang='lat' dir='ltr'><strong>utne</strong></span> <span class='ocrx_word' id='word_1_773' title='bbox 2166 4437 2252 4487; x_wconf 89' lang='lat' dir='ltr'><strong>pro</strong></span> <span class='ocrx_word' id='word_1_774' title='bbox 2265 4421 2506 4473; x_wconf 84' lang='lat' dir='ltr'><strong>moenibus</strong></span> <span class='ocrx_word' id='word_1_775' title='bbox 2523 4421 2716 4486; x_wconf 87' lang='lat' dir='ltr'><strong>quidem</strong></span> <span class='ocrx_word' id='word_1_776' title='bbox 2738 4422 2785 4471; x_wconf 89' lang='lat' dir='ltr'><strong>in</strong></span> <span class='ocrx_word' id='word_1_777' title='bbox 2799 4424 3110 4486; x_wconf 84' lang='lat' dir='ltr'><strong>conspectum</strong></span> <span class='ocrx_word' id='word_1_778' title='bbox 3135 4423 3331 4476; x_wconf 83' lang='lat' dir='ltr'><strong>hostiun</strong></span> 
     </span>
     <span class='ocr_line' id='line_1_86' title="bbox 1779 4519 3346 4589; baseline 0.001 -15"><span class='ocrx_word' id='word_1_779' title='bbox 1779 4523 1972 4589; x_wconf 88' lang='lat' dir='ltr'><strong>prodire</strong></span> <span class='ocrx_word' id='word_1_780' title='bbox 1988 4522 2268 4574; x_wconf 84' lang='lat' dir='ltr'><strong>audeamus.</strong></span> <span class='ocrx_word' id='word_1_781' title='bbox 2298 4519 2396 4585; x_wconf 87' lang='grc'>(78)</span> <span class='ocrx_word' id='word_1_782' title='bbox 2417 4523 2567 4572; x_wconf 85' lang='lat' dir='ltr'><strong>Porro</strong></span> <span class='ocrx_word' id='word_1_783' title='bbox 2587 4533 2740 4584; x_wconf 84' lang='lat' dir='ltr'><strong>quum</strong></span> <span class='ocrx_word' id='word_1_784' title='bbox 2758 4520 2964 4584; x_wconf 82' lang='lat' dir='ltr'><strong>maiores</strong></span> <span class='ocrx_word' id='word_1_785' title='bbox 2981 4522 3132 4572; x_wconf 87' lang='lat' dir='ltr'><strong>nostri</strong></span> <span class='ocrx_word' id='word_1_786' title='bbox 3150 4523 3200 4574; x_wconf 92' lang='lat' dir='ltr'><strong>et</strong></span> <span class='ocrx_word' id='word_1_787' title='bbox 3221 4523 3346 4588; x_wconf 87' lang='lat' dir='ltr'><strong>apud</strong></span> 
     </span>
     <span class='ocr_line' id='line_1_87' title="bbox 1782 4622 3347 4688; baseline -0.001 -12"><span class='ocrx_word' id='word_1_788' title='bbox 1782 4622 1938 4676; x_wconf 87' lang='lat' dir='ltr'><strong>socios</strong></span> <span class='ocrx_word' id='word_1_789' title='bbox 1951 4623 2280 4676; x_wconf 85' lang='lat' dir='ltr'><strong>benevolentia</strong></span> <span class='ocrx_word' id='word_1_790' title='bbox 2289 4625 2339 4676; x_wconf 92' lang='lat' dir='ltr'><strong>et</strong></span> <span class='ocrx_word' id='word_1_791' title='bbox 2351 4622 2478 4688; x_wconf 89' lang='lat' dir='ltr'><strong>apud</strong></span> <span class='ocrx_word' id='word_1_792' title='bbox 2492 4625 2677 4674; x_wconf 87' lang='lat' dir='ltr'><strong>ceteros</strong></span> <span class='ocrx_word' id='word_1_793' title='bbox 2689 4624 2883 4674; x_wconf 80' lang='lat' dir='ltr'><strong>Groecos</strong></span> <span class='ocrx_word' id='word_1_794' title='bbox 2897 4622 3042 4686; x_wconf 85' lang='lat' dir='ltr'><strong>gloria</strong></span> <span class='ocrx_word' id='word_1_795' title='bbox 3056 4623 3347 4686; x_wconf 83' lang='lat' dir='ltr'><strong>floruissent,</strong></span> 
     </span>
     <span class='ocr_line' id='line_1_88' title="bbox 1783 4718 3344 4778; baseline -0.001 -8"><span class='ocrx_word' id='word_1_796' title='bbox 1783 4720 2063 4771; x_wconf 87' lang='lat' dir='ltr'><strong>dominatus</strong></span> <span class='ocrx_word' id='word_1_797' title='bbox 2097 4719 2188 4771; x_wconf 86' lang='lat' dir='ltr'><strong>iste</strong></span> <span class='ocrx_word' id='word_1_798' title='bbox 2225 4722 2418 4770; x_wconf 85' lang='lat' dir='ltr'><strong>tantum</strong></span> <span class='ocrx_word' id='word_1_799' title='bbox 2452 4718 2594 4769; x_wconf 88' lang='lat' dir='ltr'><strong>nobis</strong></span> <span class='ocrx_word' id='word_1_800' title='bbox 2623 4718 2788 4768; x_wconf 90' lang='lat' dir='ltr'><strong>odium</strong></span> <span class='ocrx_word' id='word_1_801' title='bbox 2821 4718 3116 4778; x_wconf 88' lang='lat' dir='ltr'><strong>concitavit,</strong></span> <span class='ocrx_word' id='word_1_802' title='bbox 3158 4723 3215 4768; x_wconf 91' lang='lat' dir='ltr'><strong>ut</strong></span> <span class='ocrx_word' id='word_1_803' title='bbox 3249 4733 3344 4769; x_wconf 89' lang='lat' dir='ltr'><strong>non</strong></span> 
     </span>
     <span class='ocr_line' id='line_1_89' title="bbox 1780 4818 3343 4885; baseline 0 -15"><span class='ocrx_word' id='word_1_804' title='bbox 1780 4820 1989 4871; x_wconf 86' lang='lat' dir='ltr'><strong>multum</strong></span> <span class='ocrx_word' id='word_1_805' title='bbox 1997 4820 2186 4872; x_wconf 86' lang='lat' dir='ltr'><strong>abesset</strong></span> <span class='ocrx_word' id='word_1_806' title='bbox 2196 4820 2312 4885; x_wconf 89' lang='lat' dir='ltr'><strong>quin</strong></span> <span class='ocrx_word' id='word_1_807' title='bbox 2324 4819 2444 4870; x_wconf 92' lang='lat' dir='ltr'><strong>urbs</strong></span> <span class='ocrx_word' id='word_1_808' title='bbox 2453 4818 2825 4880; x_wconf 83' lang='lat' dir='ltr'><strong>exscinderetur,</strong></span> <span class='ocrx_word' id='word_1_809' title='bbox 2839 4818 2930 4868; x_wconf 90' lang='lat' dir='ltr'><strong>nisi</strong></span> <span class='ocrx_word' id='word_1_810' title='bbox 2941 4818 3343 4882; x_wconf 86' lang='lat' dir='ltr'><strong>Lacedaemonios,</strong></span> 
     </span>
     <span class='ocr_line' id='line_1_90' title="bbox 1780 4911 3344 4976; baseline -0.001 -10"><span class='ocrx_word' id='word_1_811' title='bbox 1780 4919 1969 4966; x_wconf 88' lang='lat' dir='ltr'><strong>veteres</strong></span> <span class='ocrx_word' id='word_1_812' title='bbox 1991 4915 2182 4976; x_wconf 87' lang='lat' dir='ltr'><strong>hostes,</strong></span> <span class='ocrx_word' id='word_1_813' title='bbox 2215 4915 2624 4966; x_wconf 87' lang='lat' dir='ltr'><strong>benevolentiores</strong></span> <span class='ocrx_word' id='word_1_814' title='bbox 2651 4911 2992 4964; x_wconf 85' lang='lat' dir='ltr'><strong>habuissemus</strong></span> <span class='ocrx_word' id='word_1_815' title='bbox 3020 4926 3165 4976; x_wconf 90' lang='lat' dir='ltr'><strong>quarn</strong></span> <span class='ocrx_word' id='word_1_816' title='bbox 3192 4914 3344 4964; x_wconf 87' lang='lat' dir='ltr'><strong>socios</strong></span> 
     </span>
     <span class='ocr_line' id='line_1_91' title="bbox 1782 5007 3342 5076; baseline -0.003 -14"><span class='ocrx_word' id='word_1_817' title='bbox 1782 5011 1968 5076; x_wconf 87' lang='lat' dir='ltr'><strong>pridem</strong></span> <span class='ocrx_word' id='word_1_818' title='bbox 2003 5013 2208 5062; x_wconf 84' lang='lat' dir='ltr'><strong>nostros.</strong></span> <span class='ocrx_word' id='word_1_819' title='bbox 2274 5009 2376 5075; x_wconf 87' lang='grc'>(79)</span> <span class='ocrx_word' id='word_1_820' title='bbox 2403 5013 2538 5070; x_wconf 88' lang='lat' dir='ltr'><strong>Quos</strong></span> <span class='ocrx_word' id='word_1_821' title='bbox 2555 5007 2664 5070; x_wconf 83' lang='lat' dir='ltr'><strong>jure</strong></span> <span class='ocrx_word' id='word_1_822' title='bbox 2688 5019 2912 5056; x_wconf 89' lang='lat' dir='ltr'><strong>accusare</strong></span> <span class='ocrx_word' id='word_1_823' title='bbox 2929 5019 3024 5056; x_wconf 92' lang='lat' dir='ltr'><strong>non</strong></span> <span class='ocrx_word' id='word_1_824' title='bbox 3057 5019 3342 5069; x_wconf 84' lang='lat' dir='ltr'><strong>possumus.</strong></span> 
     </span>
     <span class='ocr_line' id='line_1_92' title="bbox 1781 5102 3339 5175; baseline -0.003 -15"><span class='ocrx_word' id='word_1_825' title='bbox 1781 5109 1915 5175; x_wconf 84' lang='lat' dir='ltr'><strong>quod</strong></span> <span class='ocrx_word' id='word_1_826' title='bbox 1931 5108 2106 5160; x_wconf 77' lang='lat' dir='ltr'><strong>infensi</strong></span> <span class='ocrx_word' id='word_1_827' title='bbox 2119 5109 2260 5160; x_wconf 87' lang='lat' dir='ltr'><strong>nobis</strong></span> <span class='ocrx_word' id='word_1_828' title='bbox 2281 5108 2476 5159; x_wconf 80' lang='lat' dir='ltr'><strong>suerunt</strong></span> <span class='ocrx_word' id='word_1_829' title='bbox 2497 5119 2682 5171; x_wconf 84' lang='lat' dir='ltr'><strong>:neque</strong></span> <span class='ocrx_word' id='word_1_830' title='bbox 2703 5104 2830 5154; x_wconf 79' lang='lat' dir='ltr'><strong>enirn</strong></span> <span class='ocrx_word' id='word_1_831' title='bbox 2849 5103 2948 5154; x_wconf 88' lang='lat' dir='ltr'><strong>vim</strong></span> <span class='ocrx_word' id='word_1_832' title='bbox 2973 5102 3244 5164; x_wconf 79' lang='lat' dir='ltr'><strong>inserentes,</strong></span> <span class='ocrx_word' id='word_1_833' title='bbox 3259 5103 3339 5156; x_wconf 78' lang='lat' dir='ltr'><strong>sed</strong></span> 
     </span>
    </p>
   </div>
   <div class='ocr_carea' id='block_1_36' title="bbox 1782 5199 3346 5278">
    <p class='ocr_par' dir='ltr' id='par_1_39' title="bbox 1782 5199 3346 5278">
     <span class='ocr_line' id='line_1_93' title="bbox 1782 5199 3346 5278; baseline -0.007 -16"><span class='ocrx_word' id='word_1_834' title='bbox 1782 5212 2114 5278; x_wconf 83' lang='lat' dir='ltr'><strong>propulsantes</strong></span> <span class='ocrx_word' id='word_1_835' title='bbox 2136 5213 2184 5261; x_wconf 88' lang='lat' dir='ltr'><strong>et</strong></span> <span class='ocrx_word' id='word_1_836' title='bbox 2205 5209 2358 5262; x_wconf 85' lang='lat' dir='ltr'><strong>multa</strong></span> <span class='ocrx_word' id='word_1_837' title='bbox 2389 5206 2646 5272; x_wconf 81' lang='lat' dir='ltr'><strong>graviaque</strong></span> <span class='ocrx_word' id='word_1_838' title='bbox 2671 5204 2797 5254; x_wconf 88' lang='lat' dir='ltr'><strong>mala</strong></span> <span class='ocrx_word' id='word_1_839' title='bbox 2816 5199 3028 5266; x_wconf 87' lang='lat' dir='ltr'><strong>perpessi</strong></span> <span class='ocrx_word' id='word_1_840' title='bbox 3049 5199 3166 5250; x_wconf 85' lang='lat' dir='ltr'><strong>tales</strong></span> <span class='ocrx_word' id='word_1_841' title='bbox 3185 5199 3231 5250; x_wconf 88' lang='lat' dir='ltr'><strong>in</strong></span> <span class='ocrx_word' id='word_1_842' title='bbox 3255 5214 3346 5254; x_wconf 64' lang='lat' dir='ltr'><strong>nes</strong></span> 
     </span>
    </p>
   </div>
   <div class='ocr_carea' id='block_1_37' title="bbox 168 5293 3348 5383">
    <p class='ocr_par' dir='ltr' id='par_1_40' title="bbox 168 5293 3348 5383">
     <span class='ocr_line' id='line_1_94' title="bbox 168 5293 3348 5383; baseline -0.005 -17"><span class='ocrx_word' id='word_1_843' title='bbox 168 5293 307 5366; x_wconf 56' lang='grc' dir='ltr'>θόπῑς</span> <span class='ocrx_word' id='word_1_844' title='bbox 326 5299 565 5377; x_wconf 80' lang='grc' dir='ltr'>τοιαύτην</span> <span class='ocrx_word' id='word_1_845' title='bbox 592 5301 805 5382; x_wconf 84' lang='grc' dir='ltr'>γνώμην</span> <span class='ocrx_word' id='word_1_846' title='bbox 838 5299 1004 5383; x_wconf 60' lang='grc' dir='ltr'>ἔσχον</span> <span class='ocrx_word' id='word_1_847' title='bbox 1028 5298 1151 5382; x_wconf 76' lang='grc' dir='ltr'>περὶ</span> <span class='ocrx_word' id='word_1_848' title='bbox 1180 5303 1323 5378; x_wconf 69' lang='grc' dir='ltr'>ἡμᾶς</span> <span class='ocrx_word' id='word_1_849' title='bbox 1339 5321 1351 5336; x_wconf 88' lang='grc'><em>·</em></span> <span class='ocrx_word' id='word_1_850' title='bbox 1388 5296 1467 5364; x_wconf 75' lang='grc' dir='ltr'><strong>τίς</strong></span> <span class='ocrx_word' id='word_1_851' title='bbox 1498 5293 1602 5379; x_wconf 63' lang='grc' dir='ltr'>γὰρ</span> <span class='ocrx_word' id='word_1_852' title='bbox 1632 5295 1695 5356; x_wconf 71' lang='grc' dir='ltr'><strong>ἂν</strong></span> <span class='ocrx_word' id='word_1_853' title='bbox 1715 5308 1751 5352; x_wconf 76' lang='grc' dir='ltr'>θ</span> <span class='ocrx_word' id='word_1_854' title='bbox 1782 5310 1968 5362; x_wconf 84' lang='lat' dir='ltr'><strong>animos</strong></span> <span class='ocrx_word' id='word_1_855' title='bbox 1985 5307 2275 5362; x_wconf 84' lang='lat' dir='ltr'><strong>habuerunt.</strong></span> <span class='ocrx_word' id='word_1_856' title='bbox 2339 5305 2463 5367; x_wconf 82' lang='lat' dir='ltr'><strong>Quis</strong></span> <span class='ocrx_word' id='word_1_857' title='bbox 2476 5303 2604 5357; x_wconf 88' lang='lat' dir='ltr'><strong>enim</strong></span> <span class='ocrx_word' id='word_1_858' title='bbox 2625 5306 2814 5368; x_wconf 88' lang='lat' dir='ltr'><strong>patrum</strong></span> <span class='ocrx_word' id='word_1_859' title='bbox 2833 5301 3110 5351; x_wconf 90' lang='lat' dir='ltr'><strong>nostrorum</strong></span> <span class='ocrx_word' id='word_1_860' title='bbox 3130 5298 3348 5362; x_wconf 86' lang='lat' dir='ltr'><strong>petulan-</strong></span> 
     </span>
    </p>
   </div>
  </div>
 </body>
</html>
