3825 5842
1005 452 1399 516 lsocssATls
1441 452 1736 515 ORATIO
1777 454 1878 514 DE
1920 452 2529 516 PERMUTATIONE.

129 583 288 663 μένος
307 582 403 655 ζῆν
421 582 586 643 iae-coz
610 578 948 661 συκοφαντεῖν
973 579 1064 641 καὶ
1091 575 1265 649 κακῶς
1287 579 1369 640 ἀεί
1389 602 1506 640 τινα
1528 581 1696 641 ποιεῖν
1788 588 2147 653 praevaricando
2163 591 2212 641 et
2228 602 2415 654 semper
2428 586 2573 641 alicui
2592 584 2771 639 civium
2787 582 2959 649 iniuria
2970 583 3211 638 inserenda
3225 599 3355 649 quoe·

128 678 236 733 τῶν
274 674 520 745 πολιτῶν,
543 668 924 752 κατηγορήσων
951 673 1104 748 ἡμῶν
1133 668 1477 746 ἀναόέὸηκεν,
1515 668 1622 750 tyb
1647 669 1692 729 δ’

128 762 187 829 ὃς
228 760 346 821 οὗδὲ
392 759 514 842 περὶ
558 758 652 819 ἕνα
677 759 792 821 ποτ’
833 756 1150 841 ἐξήμαρτον,
1182 759 1319 819 ἀλλὰ
1363 764 1468 820 τῶν
1493 759 1588 837 μὲν
1622 762 1698 818 ἐν·

131 851 280 911 ῡὲνδε
296 848 594 929 λημμάτων
617 848 948 931 ἀπεσχόμην,
970 847 1116 931 παρὰ
1145 847 1300 918 ξένων
1327 847 1382 909 δὲ
1411 848 1504 909 καὶ
1545 872 1697 928 νομι-

57 968 84 1005 5
135 940 334 1010 ζόντων
355 930 414 998 εὖ
437 936 663 1017 πάσχειν
693 936 1018 1020 ἐπορισάμην
1049 936 1141 1006 τὰς
1167 936 1444 1018 ὠφελείας,
1465 941 1534 1005 ὣς
1557 938 1698 999 δεινὰ

133 1034 301 1090 ποιῶν
324 1032 396 1096 εἰς
413 1025 743 1100 τηλικουτονὶ
761 1024 1061 1099 καθέστηκα
1084 1024 1332 1087 κίνδυνον.
1420 1030 1534 1107 (isa)
1560 1026 1698 1089 Καί-

131 1142 216 1178 τοι
239 1122 478 1200 προσῆκε
511 1113 628 1182 τοὺς
651 1106 708 1173 εὗ
750 1120 1062 1197 φρονοῦντας
1085 1114 1330 1197 εὔχεσθαι
1353 1119 1458 1185 τοῖς
1482 1121 1612 1185 θεοῖς
1632 1120 1700 1185 ὡς

131 1207 400 1276 πλείστοις
426 1209 530 1267 τῶν
557 1208 784 1265 πολιτῶν
806 1203 1196 1287 παραγενέσθαι
1218 1204 1312 1279 τὴν
1334 1206 1552 1287 δύναμιν
1572 1206 1700 1267 ταύ-

133 1322 256 1372 την,
286 1298 354 1356 δι’
374 1297 442 1369 ἣν
484 1293 704 1373 ἔμελλον
727 1298 852 1375 παρ’
885 1293 1074 1377 ἑτέρων
1111 1294 1466 1374 λαμὸάνοντες
1509 1296 1698 1379 χρησί-

55 1415 110 1447 ro
135 1408 270 1464 μους
297 1381 708 1465 αὖτοῦς,ὥσπερ
727 1382 858 1464 ἐγώ,
879 1387 945 1465 τῇ
969 1382 1124 1444 πόλει
1145 1382 1404 1466 παρέξειν.
1453 1384 1464 1395 ’
1489 1387 1702 1457 Πολλῆς

137 1474 184 1534 δ’
219 1473 436 1554 ἀλογίας
471 1472 592 1555 περί
627 1495 696 1551 με
737 1471 1088 1552 γεγενημένης
1126 1470 1340 1532 πάντων
1371 1471 1436 1533 ἂν
1463 1472 1700 1551 συμὸαίη

139 1562 456 1637 δεινότατον,
481 1564 528 1621 εἰ
544 1564 592 1621 οἱ
621 1560 716 1639 μὲν
743 1562 1021 1631 δεδωκότες
1045 1584 1134 1641 μοι
1159 1560 1416 1642 χρήματα
1441 1560 1702 1635 τοσαύτην

137 1654 312 1735 ἔχοιεν
337 1652 516 1735 χάριν,
545 1649 672 1713 ὥστ’
703 1650 778 1711 ἔτι
808 1652 898 1712 καὶ
929 1658 1019 1711 νῦν
1049 1652 1454 1736 μεθεραπεύειν,
1475 1656 1623 1731 ὑμεῖς
1638 1653 1704 1725 δ’,

138 1745 212 1810 εἰς
230 1741 320 1809 οὓς
347 1741 596 1813 ἀνήλωκα
621 1742 924 1819 τάμαυτοῦ,
964 1738 1111 1813 δίκην
1164 1740 1539 1820 ἐπιθυμήσαιτε
1579 1740 1704 1823 παρ’

65 1848 118 1895 ι5
144 1834 278 1911 ἐμοῦ
319 1829 528 1892 λαὸεἴν.
615 1826 728 1907 (ισσ)
764 1822 890 1889 Ἔτι
916 1826 972 1887 δὲ
1016 1826 1315 1911 δεινότερον,
1359 1831 1405 1888 εἶ
1446 1828 1705 1910 Πίνδαρον

141 1916 240 1997 μὲν
263 1916 354 1977 τὸν
367 1913 590 1990 ποιητὴν
610 1920 660 1976 οἱ
681 1916 784 1997 πρὸ
817 1920 968 1995 ἡμῶν
994 1916 1258 1996 γεγονότες
1274 1914 1406 1998 ὑπὲρ
1426 1916 1534 1985 ἑνὸς
1550 1916 1704 1995 μόνον

142 2009 411 2089 ῥήματος,
433 2005 512 2065 ὅτι
537 2006 634 2078 τὴν
667 2006 820 2065 πόλιν
845 2005 1066 2085 ἔρεισμα
1097 2008 1189 2078 τῆς
1219 2006 1478 2074 Ἑλλάδος
1506 2006 1708 2086 ὦνόμα·

139 2118 252 2171 σεν,
279 2094 443 2164 οὕτως
461 2095 718 2174 ἐτίμησαν
739 2092 876 2155 ὥστε
903 2094 996 2155 καὶ
1019 2094 1262 2177 πρόξενον
1277 2094 1596 2168 ποιήσασθαι
1617 2094 1706 2156 καὶ

141 2184 350 2267 δωρεὰν
393 2184 581 2268 μυρίας
625 2186 770 2266 αὐτῷ
812 2185 990 2245 δοῦναι
1030 2183 1299 2267 δραχμάς,
1327 2185 1448 2262 ἐμοὶ
1477 2183 1533 2244 δὲ
1569 2184 1703 2245 πολὺ

55 2300 112 2345 ω
139 2274 316 2335 πλείω
339 2273 434 2335 καὶ
471 2273 688 2335 κάλλιον
723 2273 1136 2356 ἐγκεκωμιακότι
1167 2274 1260 2335 καὶ
1294 2271 1388 2347 τὴν
1429 2274 1581 2335 πόλιν
1615 2274 1707 2335 καὶ

143 2362 266 2434 τοὺς
285 2362 565 2446 προγόνους
599 2365 723 2444 μηδ’
761 2366 1008 2449 ἀσφαλῶς
1035 2362 1294 2444 ἐγγένοιτο
1308 2358 1628 2421 καταὸιῶναι
1642 2363 1726 2424 τὸν

143 2452 416 2514 ἐπίλοιπον
433 2452 637 2535 χρόνον.

229 2562 328 2604 167.
364 2542 499 2623 Περὶ
537 2539 634 2620 μὲν
665 2532 752 2601 οὖν
793 2540 989 2601 τούτων
1024 2540 1116 2600 καὶ
1143 2542 1247 2600 τῶν
1281 2540 1453 2601 ἄλλων
1479 2544 1583 2601 τῶν
1611 2565 1707 2600 κα·

141 2629 538 2711 τηγορηθὲντων
559 2627 745 2703 ἱκανὴν
773 2619 903 2688 εἶναι
924 2628 1119 2709 νομίζω
1149 2628 1247 2701 τὴν
1273 2628 1549 2710 εἶρημίνην
1577 2631 1708 2689 ἀπο-

62 2742 118 2788 25
143 2717 354 2799 λογίαν·
377 2721 474 2779 οὒκ
498 2717 706 2791 ὀκνήσω
731 2716 788 2777 δὲ
807 2717 937 2801 πρὸς
959 2722 1096 2796 ὑμᾶς
1115 2717 1224 2779 οὔθ’
1245 2720 1316 2787 ὡς
1345 2716 1452 2800 ἔχω
1469 2724 1560 2778 νῦν
1580 2718 1709 2799 πρὸς

143 2806 237 2869 τὸν
263 2810 528 2869 ἐνεστῶτα
548 2807 780 2870 κίνδυνον
803 2813 1076 2869 κατειπεῖν
1097 2807 1194 2882 τὴν
1211 2807 1482 2887 ἀλήθειαν,
1508 2807 1614 2868 οὔθ’
1640 2812 1712 2877 ὡς

145 2898 210 2957 τὸ
231 2898 443 2980 πρῶτον
470 2894 700 2971 διετίθην
728 2895 859 2979 πρὸς
885 2895 1062 2960 αὐτόν.
1145 2895 1292 2978 Ἐγὼ
1320 2894 1425 2977 γὰρ
1455 2896 1586 2979 ὑπὲρ
1615 2897 1709 2977 μὲν

143 2988 252 3047 τῶν
301 2986 446 3057 ἰδίων
480 2985 681 3055 πολλὰς
723 2984 937 3055 ἐλπίδας
959 2977 1101 3067 εἶχον
1139 2989 1314 3054 καλῶς
1353 2989 1707 3065 ἀγωνιεῖσθαι·

148 3074 265 3158 (ιω)
294 3074 387 3135 καὶ
414 3072 515 3157 γὰρ
557 3082 666 3143 τοῖς
695 3072 1030 3156 βεὸιωμένοις
1059 3074 1152 3136 καὶ
1182 3076 1290 3143 τοῖς
1327 3074 1714 3158 πεπραγμένοις

65 3193 120 3235 30
147 3164 441 3239 ἐπίστευον,
467 3163 560 3223 καὶ
578 3162 804 3233 πολλοὺς
823 3164 1005 3245 λόγους
1016 3164 1107 3224 καὶ
1132 3163 1358 3233 δικαίους
1379 3162 1531 3247 ᾤμην
1573 3165 1711 3247 ἔχειν

150 3254 283 3336 ὑπὲρ
309 3256 514 3313 αὐτῶν·
537 3256 670 3336 δρῶν
704 3255 750 3313 δ’
776 3255 834 3313 οὗ
870 3251 1026 3332 μόνον
1068 3252 1330 3323 δυσκόλως
1362 3253 1713 3333 διακειμένους

147 3342 276 3425 περὶ·
315 3342 414 3415 τὴν
441 3344 545 3402 τῶν
577 3341 746 3425 λόγων
773 3340 1014 3402 παιδείαν
1057 3340 1174 3411 τοὺς
1202 3342 1516 3422 εἰθισμένους
1545 3342 1712 3403 ἅπασι

148 3432 520 3513 χαλεπαίνειν,
568 3430 707 3491 ἀλλὰ
751 3430 844 3492 καὶ
882 3435 988 3492 τῶν
1015 3430 1188 3495 ἄλλων
1231 3435 1457 3492 πολιτῶν
1492 3431 1714 3500 πολλοὺς

147 3520 388 3603 τραχέως
412 3520 543 3604 πρὸς
576 3517 740 3593 αὐτὴν
777 3520 1167 3601 διακειμένους,
1212 3520 1507 3604 ἐφοὸοόμην
1534 3521 1609 3601 μὴ
1647 3521 1714 3581 τὰ

73 3638 124 3677 25
150 3609 248 3689 μὶν
271 3608 384 3669 ἴδιά
412 3632 514 3690 μου
537 3611 922 3692 παραμεληθῇ,
945 3615 1039 3685 τῆς
1057 3610 1112 3671 δὲ
1139 3614 1312 3684 κοινῆς
1334 3616 1427 3684 τῆς
1453 3610 1574 3692 περὶ
1595 3610 1712 3679 τοὺς

150 3696 402 3781 σοφιστὰς
429 3697 676 3772 διαὸολῆς
701 3698 986 3761 ἀπολαύσω
1002 3722 1056 3759 τι
1072 3700 1324 3781 φλαῦρον.
1357 3697 1469 3780 (189)
1494 3699 1714 3772 Ἐπειδὴ

151 3786 206 3847 δὲ
243 3786 452 3869 χρόνων
483 3786 856 3869 ἰγγιγνομὲνων
902 3786 1174 3849 εἰσέπεσον
1209 3790 1282 3857 εἰς
1323 3786 1384 3848 τὸ
1417 3787 1714 3867 λογίζεσθαι

147 3875 242 3936 καὶ
269 3880 484 3936 σκοπεῖν
510 3875 564 3937 τί
573 3876 842 3958 χρήσομαι
860 3884 967 3947 τοῖς
993 3882 1265 3960 παροῦσιν,
1293 3875 1606 3956 ἐπαυσάμην
1623 3883 1714 3937 τοῦ

151 3964 295 4033 δέους
316 3964 410 4025 καὶ
446 3968 539 4038 τῆς
580 3970 815 4048 ταραχῆς
855 3964 1082 4047 ταύτης,
1128 3968 1219 4027 οὐκ
1249 3966 1480 4047 ἀλόγως,
1508 3968 1626 4025 ἀλλ’
1655 3968 1716 4027 ἐκ

83 4078 132 4119 ιο
151 4057 254 4113 τῶν
280 4051 498 4113 εἰκότων
529 4054 869 4134 λογισάμενος
897 4054 988 4115 καὶ
1013 4055 1528 4139 παραμυθησάμενος
1549 4056 1713 4135 ἐμαυ-

151 4141 264 4203 τόν·
293 4142 416 4227 (170)
443 4142 560 4211 τούς
581 4167 638 4203 τε
655 4142 758 4227 γὰρ
781 4147 1022 4215 ἐπιεικεῖς
1044 4148 1209 4223 ὑμῶν,
1241 4144 1369 4228 πρὸς
1389 4144 1586 4227 οὕσπερ
1611 4144 1713 4225 ἐγὼ

153 4232 448 4309 ποιήσομαι
493 4230 611 4299 τοὺς
655 4231 839 4315 λόγους
855 4279 872 4309 ,
915 4234 1223 4313 ἠπιστάμην
1253 4234 1348 4295 οὒκ
1392 4233 1714 4314 ἐμμένοντας

152 4330 268 4390 ταῖς
307 4319 480 4390 δόξαις
516 4328 633 4388 ταῖς
654 4320 845 4391 ἀδίκως
885 4322 1344 4404 ἔγγεγενημέναις,
1376 4326 1494 4383 ἀλλ’
1519 4326 1714 4385 ἐπακο-

153 4412 466 4478 λουθοῦντας
516 4418 630 4479 ταῖς
657 4410 922 4485 ἀληθείαις
975 4413 1068 4472 καὶ
1106 4412 1572 4492 μεταπειθομένους
1613 4414 1715 4474 ὑπὸ

89 4530 134 4567 ⁴1»
155 4502 256 4559 τῶν
277 4498 540 4579 λεγόντων
563 4498 630 4557 τὰ
659 4499 865 4575 δίκαια,
893 4498 993 4574 τήν
1019 4524 1078 4561 τε
1095 4502 1404 4586 φιλοσοφίαν
1429 4506 1490 4564 ἐκ
1507 4506 1714 4564 πολλῶν

159 4588 392 4667 ἐνόμιζον
433 4587 703 4659 ἐπιδείξειν
748 4588 938 4658 ἀδίκως
991 4590 1432 4669 διαὸεὸλημίνην,
1462 4592 1552 4652 καὶ
1579 4595 1709 4653 πολὺ

159 4676 220 4735 ἂν
241 4675 578 4757 δικαιοτέρως
600 4675 956 4757 ἀγαπωμένην
973 4678 1190 4752 αὗτὴνῆ
1221 4680 1553 4760 μισουμένην.
1593 4684 1712 4759 (171)

159 4760 314 4848 Ἐχω
342 4766 398 4825 δὲ
431 4766 522 4826 καὶ
545 4770 634 4825 νῦν
663 4762 739 4825 (τι
765 4765 964 4841 ταύτην
993 4768 1090 4840 τὴν
1117 4768 1348 4849 γνώμην.
1429 4772 1546 4832 Οὔκ
1575 4770 1714 4840 ἄξιον

161 4852 212 4914 δὲ
237 4854 524 4934 θαυμάζειν
551 4853 667 4914 εἴτι
681 4858 783 4914 τῶν
813 4857 988 4915 καλῶν
1017 4857 1442 4936 ἐπιτηδευμάτων
1465 4856 1717 4937 ἠγνόηται

91 4970 138 5005 ῡυ
161 4944 244 5003 καὶ
274 4942 600 5018 διαλέληθεν,
629 4945 793 5003 οὗδέὶ
816 4944 1170 5025 διεψευσμένοι
1190 4946 1321 5014 τινὲς
1340 4950 1494 5007 αὐτοῦ
1520 4947 1718 5028 τυγχά-

163 5054 324 5092 νουσι·
353 5030 446 5092 καὶ
470 5030 570 5113 γὰρ
606 5032 727 5112 περὶ
750 5036 900 5111 ἡμῶν
929 5036 1098 5095 αὐτῶν
1125 5035 1216 5095 καὶ
1242 5036 1361 5118 περὶ
1385 5035 1556 5097 ἄλλων
1584 5060 1719 5119 πρα-

163 5122 371 5199 γμάτων
383 5121 751 5205 ἀναριθμήτων
763 5120 922 5193 οὕτως
933 5123 1134 5205 ἔχοντες
1145 5125 1208 5186 ἂν
1220 5130 1527 5208 εὖρεθεῗμεν.
1540 5126 1607 5190 Ἥ
1617 5127 1718 5209 γὰρ

166 5210 304 5281 πόλις
315 5214 471 5291 ἡμῶν
481 5214 693 5271 πολλῶν
716 5214 923 5293 ἀγαθῶν
944 5214 1085 5273 αίτία
1100 5214 1189 5275 καὶ
1213 5222 1298 5275 νῦν
1315 5206 1442 5276 οῧσα
1467 5214 1558 5279 καί
1584 5216 1719 5299 πρό-

169 5323 302 5383 τερον
327 5300 654 5382 γεγενημένη
667 5301 758 5361 καὶ
782 5304 886 5371 τοῖς
911 5302 1144 5373 πολίταις
1171 5306 1261 5366 καὶ
1273 5310 1377 5376 τοῖς
1393 5306 1569 5377 ἄλλοις
1593 5306 1722 5371 Ἕλ-

1791 691 1922 737 stum
1948 688 2149 751 taceret,
2170 687 2235 738 ad
2262 700 2351 739 nos
2369 686 2661 739 accusandos
2679 684 2976 736 descenderit
2999 700 3012 735 τ
3038 699 3125 749 ego
3144 699 3258 736 vero
3280 685 3362 748 qui

1789 802 1850 841 ne
1866 789 1950 839 uni
1968 789 2165 855 quidem
2190 804 2405 855 unquam
2423 788 2647 853 injuriam
2670 786 2888 851 fecerim,
2910 786 2994 839 sed
3017 787 3079 838 ab
3102 787 3365 839 honoribus

1791 886 2065 949 reipublicae
2084 888 2397 941 abstinuerim
2410 925 2427 953 ,
2451 888 2513 939 ab
2538 887 2717 940 exteris
2738 892 2903 939 autem
2932 886 3087 953 iisque
3108 887 3193 952 qui
3214 887 3362 939 bene·

1792 985 1896 1037 licia
1918 1000 1949 1037 a
1968 1002 2049 1039 me
2076 990 2317 1055 accepisse
2348 988 2603 1053 putabant,
2628 1002 2747 1053 opes
2774 1002 2909 1041 meas
2938 987 3321 1053 comparaverim
3338 1022 3354 1050 ,

1789 1092 2021 1155 tanquam
2053 1092 2314 1143 sceleribus
2347 1091 2619 1143 commissis
2650 1092 2701 1143 in
2721 1091 2821 1144 tale
2850 1090 3105 1143 discrimen
3144 1092 3359 1141 vocatus

1792 1194 1901 1244 slm.
1968 1190 2103 1256 (165)
2144 1192 2289 1255 Atqui
2310 1204 2397 1256 par
2432 1195 2535 1243 erat
2568 1192 2719 1243 bonos
2738 1205 2767 1244 a
2786 1191 2883 1244 diis
2912 1191 3095 1256 precari
3130 1193 3186 1241 ut
3216 1200 3362 1254 quam

1791 1290 2011 1359 plurimis
2028 1292 2211 1344 civibus
2236 1292 2344 1343 talis
2370 1292 2569 1345 facultas
2590 1293 2750 1356 lieret,
2774 1306 2870 1358 qua
2902 1292 3123 1358 plurimis
3156 1290 3363 1342 muneri·

1791 1388 1884 1439 bus
1901 1388 1965 1439 ab
1983 1388 2089 1439 aliis
2102 1388 2311 1453 acceptis
2328 1386 2599 1451 reipublicoe
2622 1387 2765 1438 utiles
2782 1400 2835 1438 se
2846 1423 2862 1449 ,
2882 1391 2938 1437 ut
2958 1401 3045 1451 ego
3059 1424 3074 1450 ,
3100 1384 3361 1451 praestituri

1797 1489 1979 1540 essent.
2060 1491 2222 1547 Quum
2244 1500 2361 1538 vero
2384 1486 2536 1537 multa
2562 1484 2769 1536 absurda
2788 1485 2886 1548 jam
2912 1484 3031 1535 mihi
3055 1483 3362 1548 contigerlnt,

1794 1584 2011 1635 omnium
2044 1583 2425 1648 indignissimum
2450 1582 2541 1646 sit,
2569 1582 2613 1633 si
2632 1582 2665 1633 ii
2694 1582 2777 1646 qui
2805 1580 2923 1632 mihi
2942 1580 3167 1643 pecunias
3192 1581 3363 1633 attule-

1795 1688 1939 1747 runt,
1966 1687 2149 1734 tantam
2173 1682 2373 1747 gratiam
2404 1681 2639 1743 babeant,
2666 1684 2721 1732 ut
2747 1680 2891 1731 etiam
2912 1694 3042 1731 nunc
3068 1692 3149 1731 me
3174 1680 3363 1741 colant,

1793 1792 1884 1831 vos
1907 1792 2021 1831 vero
2044 1780 2219 1844 quibus
2238 1794 2317 1831 res
2336 1792 2468 1831 meas
2492 1777 2722 1843 expendi,
2742 1792 2911 1842 poenas
2929 1792 2960 1828 a
2976 1790 3053 1829 me
3068 1777 3261 1840 exigere
3282 1790 3363 1829 cu·

1795 1873 1955 1937 piatis.
2018 1874 2150 1938 (166)
2173 1874 2333 1925 Etiam
2352 1872 2597 1937 indignius
2615 1872 2733 1924 illud
2746 1873 2828 1935 sit,
2843 1872 2885 1924 si
2904 1872 3159 1925 Pindarum
3174 1874 3365 1937 poetam

1795 1969 1998 2033 maiores
2026 1971 2177 2022 nostri
2202 1972 2345 2023 unius
2379 1970 2515 2022 verbi
2546 1984 2693 2021 causa
2706 2008 2721 2033 ,
2762 1969 2894 2035 quod
2936 1969 3109 2021 urbem
3150 1972 3363 2019 nostram

1798 2086 1824 2111 α
1843 2066 2255 2131 propugnaculum
2268 2066 2471 2118 Graecioe
2486 2086 2512 2111 ιο
2533 2066 2755 2129 vocavit,
2768 2065 2891 2117 adeo
2908 2065 3171 2116 bonoribus
3188 2064 3367 2115 extule-

1796 2166 1936 2226 runt,
1954 2167 2011 2214 ut
2041 2162 2291 2228 publicum
2312 2162 2550 2227 hospitem
2569 2174 2714 2216 suum
2738 2161 2935 2213 fecerint
2962 2166 3009 2213 et
3035 2161 3197 2213 decem
3217 2162 3365 2211 millia

1799 2259 2137 2310 drachmarum
2161 2258 2377 2310 dederint
2386 2275 2403 2321 ;
2423 2258 2544 2309 mihi
2562 2260 2721 2311 autem
2736 2295 2751 2320 ,
2779 2258 2863 2323 qui
2882 2257 3037 2308 multo
3060 2256 3281 2322 pluribus
3313 2260 3363 2307 ct

1796 2354 2152 2419 pulchrioribus
2182 2352 2436 2419 praeconiis
2467 2356 2517 2404 et
2550 2354 2721 2403 urbem
2739 2356 2789 2404 et
2811 2354 3016 2416 majores
3041 2352 3224 2416 extuli,
3248 2352 3365 2403 vitae

1802 2447 1935 2515 quod
1957 2448 2196 2512 reliquum
2219 2446 2284 2498 sit
2298 2484 2315 2510 ,
2338 2448 2585 2498 ne'secure
2601 2446 2795 2509 quidem
2810 2445 2999 2509 exigere
3020 2445 3178 2497 liceat.

1865 2556 1972 2609 167.
2006 2559 2076 2607 Ac
2110 2554 2171 2606 de
2206 2556 2281 2607 liis
2314 2554 2582 2618 ceterisque
2610 2554 2889 2605 criminibus
2919 2554 3039 2605 satis
3073 2567 3150 2603 me
3174 2554 3235 2604 iis
3257 2566 3368 2617 quoe

1797 2661 1900 2713 dixi
1918 2662 2187 2715 defendisse
2204 2668 2323 2728 puto
2334 2700 2351 2727 ‚
2374 2676 2529 2728 neque
2549 2662 2751 2715 verebor
2773 2662 2909 2713 vobis
2925 2675 3036 2715 vere
3058 2677 3299 2727 exponere
3317 2670 3367 2716 et

1799 2787 1912 2838 quae
1935 2772 1987 2824 in
2010 2772 2105 2824 hoc
2122 2774 2397 2825 discrimina
2418 2786 2525 2825 mea
2542 2774 2757 2826 conditio
2788 2774 2852 2826 sit
2874 2774 2925 2825 et
2937 2773 3182 2837 quomodo
3207 2774 3267 2845 ab
3284 2770 3374 2823 ini·

1807 2883 1879 2935 tio
1899 2883 2061 2935 animo
2088 2883 2150 2935 de
2173 2898 2231 2935 eo
2249 2884 2450 2935 aflectus
2473 2884 2664 2935 fuerim.
2728 2888 2829 2949 Ego
2852 2886 2978 2936 enim
2994 2898 3081 2950 pro
3101 2898 3207 2936 mea
3236 2888 3369 2949 parte

1800 3004 1997 3056 magnas
2020 3006 2133 3057 spes
2150 3006 2461 3057 conceperam
2482 2992 2582 3045 rore
2609 2992 2668 3044 ut
2702 2992 2896 3045 feliciter
2918 3006 3111 3045 causam
3134 2992 3361 3045 dicerem.

1804 3099 1936 3165 (168)
1958 3101 2149 3153 Etenim
2175 3108 2225 3152 et
2255 3101 2367 3153 vitae
2387 3102 2439 3152 et
2464 3099 2605 3151 factis
2627 3099 2749 3151 meis
2784 3099 3018 3157 fidebam,
3055 3112 3115 3150 ac
3144 3099 3297 3151 multa
3318 3103 3370 3149 et

1796 3208 1957 3275 iusta,
1994 3212 2173 3276 quibus
2196 3211 2581 3275 defenderentur,
2604 3225 2685 3264 me
2698 3212 2877 3265 habere
2916 3212 3173 3277 putabam3
3212 3224 3364 3276 quum

1799 3329 1914 3369 vero
1936 3332 2032 3369 non
2054 3319 2213 3373 solum
2234 3334 2318 3371 eos
2342 3319 2425 3384 qui
2444 3321 2567 3372 male
2584 3320 2816 3372 adversus
2842 3318 3162 3383 eloquentiam
3199 3316 3359 3369 affecti

1801 3424 2027 3477 omnibus
2048 3424 2224 3476 infensi
2254 3438 2361 3477 esse
2395 3426 2579 3491 solent,
2604 3426 2691 3477 sed
2714 3426 2857 3477 etiam
2891 3430 3156 3477 ceterorum
3190 3422 3369 3474 civium

1803 3526 1984 3579 multos
1997 3526 2159 3593 inique
2180 3529 2412 3581 adversus
2437 3544 2541 3581 eam
2558 3530 2793 3581 animatos
2808 3528 3021 3580 viderem
3033 3564 3049 3590 ,
3063 3526 3332 3579 metuebam
3350 3562 3367 3591 ‚

1803 3644 1866 3683 ne
1883 3646 1995 3698 quas
2012 3648 2119 3686 mea
2138 3639 2301 3688 essent
2328 3636 2690 3701 negligerentur,
2718 3650 2777 3687 ex
2794 3634 3037 3686 communi
3059 3639 3220 3685 autem
3242 3633 3371 3684 calu·

1805 3738 1935 3789 mnia
1952 3740 2003 3791 et
2026 3740 2351 3805 sophistarum
2380 3740 2574 3791 infamia
2597 3741 2712 3791 mali
2732 3740 2949 3791 nonnihil
2966 3740 3167 3803 paterer.
3234 3738 3366 3803 (169)

1803 3847 2062 3909 progressu
2085 3852 2247 3899 autem
2272 3848 2501 3910 temporis
2536 3860 2687 3911 quum
2712 3850 2981 3911 reputarem
3006 3847 3055 3896 et
3078 3844 3369 3909 inquirerem

1802 3949 2046 4012 quomodo
2066 3952 2307 4014 negotium
2320 3987 2337 4014 ‚
2357 3950 2489 4015 quod
2506 3950 2733 4014 instaret,
2748 3949 3059 4013 transigerem
3073 3985 3090 4013 ,
3118 3948 3247 3999 hunc
3266 3962 3365 3998 me·

1804 4055 1906 4104 tum
1930 4067 2133 4118 eamque
2154 4054 2498 4107 dubitationem
2519 4055 2675 4118 omisi,
2700 4067 2799 4105 non
2829 4057 3008 4105 temere
3039 4052 3263 4119 quidem,
3283 4052 3369 4103 sed

1801 4158 2128 4221 probabilibus
2148 4159 2209 4211 de
2226 4160 2383 4211 causis
2410 4160 2593 4211 ratione
2624 4158 2861 4211 subducta
2880 4163 2929 4211 et
2958 4158 3132 4209 solatio
3152 4160 3366 4223 accepto.

1805 4262 1935 4326 (170)
1964 4266 2131 4329 Neque
2164 4264 2292 4317 enim
2316 4264 2591 4329 ignorabam
2624 4264 2780 4316 bonos
2809 4276 3073 4329 aequosque
3104 4278 3166 4315 ex
3198 4262 3369 4325 vobis,

1803 4368 1983 4432 quibus
2008 4382 2209 4421 causam
2233 4383 2390 4421 essem
2422 4370 2752 4435 expositurus,
2784 4369 3090 4435 opinionibus
3113 4369 3232 4421 salso
3254 4382 3369 4421 con·

1802 4475 1954 4538 ceptis
1976 4490 2073 4527 non
2091 4476 2352 4530 immanere
2367 4479 2417 4530 et
2439 4491 2546 4529 vera
2564 4478 2701 4543 sequi
2718 4483 2767 4529 et
2785 4477 2845 4529 de
2866 4477 3100 4529 sententia
3122 4477 3185 4529 ab
3204 4476 3265 4529 iis
3283 4478 3369 4544 qui

1798 4577 1930 4640 justa
1947 4580 2283 4647 defenderent,
2300 4580 2473 4635 deduci
2490 4619 2505 4646 ,
2523 4586 2571 4633 et
2588 4582 2937 4647 philosophiam
2956 4582 3121 4635 multis
3134 4582 3195 4633 de
3214 4584 3371 4635 causis

1803 4685 1974 4747 iniuria
1992 4687 2272 4753 reprehendi
2284 4724 2301 4752 ,
2326 4688 2575 4754 multoque
2588 4689 2767 4752 iustius
2788 4690 2919 4753 diligi
2937 4704 3083 4755 quam
3100 4691 3211 4741 odio
3234 4702 3340 4743 esse
3359 4728 3375 4751 ‚

1803 4802 1880 4841 me
1899 4795 2209 4843 ostensurum
2230 4792 2481 4855 putabam.
2522 4794 2651 4857 (171)
2675 4800 2745 4846 Ac
2765 4808 2895 4845 nunc
2910 4807 3108 4859 quoque
3126 4794 3231 4845 luec
3250 4793 3368 4843 mihi

1805 4899 1967 4947 manet
1990 4898 2239 4949 sententia.
2296 4902 2407 4950 Non
2449 4899 2576 4951 enim
2618 4900 2888 4950 mirandum
2928 4903 3004 4949 est
3040 4899 3081 4949 si
3116 4912 3213 4961 qua
3246 4898 3371 4948 bona

1805 5000 2022 5053 instituta
2040 5003 2311 5065 ignorentur
2330 5008 2381 5055 et
2396 5004 2600 5066 lateant,
2626 5018 2781 5069 neque
2800 5004 2841 5055 si
2864 5004 2945 5067 qui
2961 5002 3022 5054 de
3044 5004 3104 5054 iis
3122 5002 3227 5054 falsi
3251 5002 3366 5054 sint.

1805 5107 1925 5155 Nam
1950 5105 2009 5157 de
2030 5107 2168 5157 nobis
2191 5121 2384 5173 quoque
2402 5108 2519 5173 ipsis
2536 5109 2585 5159 et
2607 5107 2715 5158 aliis
2746 5106 3009 5159 innumeris
3043 5107 3209 5158 eadem
3228 5106 3368 5158 nobis

1807 5215 2149 5263 usuvenerunt.
2215 5214 2404 5279 Quippe
2422 5212 2540 5265 urbs
2561 5212 2751 5276 nostra,
2770 5225 2880 5277 quas
2900 5212 3053 5263 multa
3070 5212 3297 5265 beneficia
3318 5217 3367 5264 et

1807 5332 1935 5371 nunc
1956 5323 2005 5372 et
2024 5319 2141 5371 olim
2162 5320 2215 5372 in
2235 5320 2368 5373 cives
2398 5323 2449 5373 et
2470 5322 2655 5373 ceteros
2678 5321 2875 5372 Graecos
2895 5318 3102 5372 contulit
3122 5324 3176 5371 et
3198 5318 3365 5372 multis
