3825 5842
479 424 606 511 α’

1524 446 1932 510 ΑΝΤΙΦΩΝΤ
1934 448 2035 509 ΟΣ
2074 448 2400 511 ΤΕΤΡΑΛ.
2442 452 2520 522 Β,
2569 454 2622 530 β.

3381 454 3655 531 (δοῦ-ωδ)

466 574 559 637 καὶ
575 540 676 655 ομὴ
720 549 939 654 ἀληθεία
979 571 1074 647 τὴν
1101 573 1274 657 κρίσιν
1306 570 1625 644 ποιήσασθαι
1645 598 1658 614 ·
1697 578 1731 647 ἡ
1786 574 1880 652 μὲν
1913 574 2017 657 γὰρ
2110 598 2221 635 nam
2240 586 2449 649 opinatio
2472 584 2669 650 quidem
2686 596 2849 636 rerum
2864 584 3105 650 gestarum
3138 586 3350 637 secunda
3368 588 3429 639 iis
3456 590 3551 653 est,
3576 590 3661 654 qul

463 663 586 735 δόξα
601 666 705 723 τῶν
727 662 1064 746 πραχθέντων
1083 662 1213 743 πρὸς
1233 665 1331 722 τῶν
1349 662 1514 743 λέγειν
1541 664 1836 742 δυναμένων
1857 665 2017 739 ἐστίν,

461 757 496 827 ἡ
525 750 579 813 δὲ
607 751 824 824 ἀλήθεια
845 752 974 834 πρὸς
998 755 1102 811 τῶν
1121 751 1297 811 δίκαια
1322 752 1413 812 καὶ
1433 752 1552 811 ὅσια
1568 753 1928 835 πρασσόντων.

539 862 588 903 8.
618 841 864 903 Ἐδόκουν
895 839 991 920 μὲν
1018 831 1106 901 οὗν
1128 840 1289 922 ἔγωγε
1316 846 1482 901 ταῦτα
1505 842 1766 903 παιδεύων
1791 844 1880 904 τὸν
1905 844 2015 904 υἱὸν

459 928 516 999 ἒξ
543 920 617 989 ὧν
654 929 887 1007 μάλιστα
926 928 989 989 τὸ
1035 929 1202 990 κοινὸν
1237 932 1544 1013 ὠφελεῖται,
1579 933 1771 1010 ἀμφοῖν
1809 956 1860 991 τι
1886 936 2014 1009 ἡμῖν

460 1017 653 1097 ἀγαθὸν
695 1016 1055 1097 ἀποὸήσεσθαι
1071 1039 1084 1055 ·
1131 1018 1436 1097 συμὸέὸηκε
1478 1018 1536 1079 δέ
1574 1043 1661 1098 μοι
1693 1020 1826 1080 πολὺ
1867 1021 2016 1101 παρὰ

376 1130 432 1172 2⁸
457 1106 672 1187 γνώμην
694 1105 910 1169 τούτων.
939 1105 1019 1167 Τὸ
1037 1105 1138 1188 γὰρ
1159 1106 1426 1188 μειράκιον
1451 1110 1547 1187 οὐχ
1573 1106 1719 1187 ὖὸρει
1739 1106 1854 1167 οὐδὲ
1885 1111 2013 1169 ἀκο-

457 1196 648 1277 λασίᾳ,
685 1195 823 1254 ἀλλὰ
851 1197 1084 1273 μελετῶν
1115 1195 1250 1274 μετὰ
1287 1200 1392 1257 τῶν
1426 1196 1623 1268 ἡλίκων
1653 1197 1935 1267 ἀκοντίζειν
1960 1199 2012 1256 ἐν

455 1288 531 1367 τῷ
551 1283 824 1365 γυμνασίῳ
852 1284 1010 1343 ἔὸαλε
1035 1283 1152 1361 μέν,
1173 1286 1267 1345 οὔκ
1295 1283 1563 1345 ἀπέκτεινε
1591 1285 1644 1345 δὲ
1663 1286 1845 1345 οὐδένα
1874 1284 2013 1345 κατά

452 1397 513 1455 γε
536 1370 628 1445 τὴν
654 1370 898 1444 ἀλήθειαν
922 1363 994 1432 ὧν
1014 1370 1250 1455 ἔπραξεν,
1276 1374 1436 1433 ἄλλου
1465 1375 1510 1431 δ’
1535 1375 1606 1442 εἷς
1649 1374 1801 1434 αὑτὸν
1830 1374 2011 1454 ἆμαρ-

453 1460 627 1530 τόντος
658 1464 729 1530 εἰς
755 1461 1025 1529 ἀκουσίως
1047 1460 1217 1529 αἰτίας
1244 1452 1412 1533 ἦλθεν.
1501 1462 1563 1543 (ι)
1593 1464 1661 1522 Εἰ
1691 1462 1786 1539 μὲν
1823 1463 1924 1545 γὰρ
1952 1462 2013 1521 τὸ

453 1548 689 1610 ἀκόντιον
711 1548 810 1618 ἔξω
834 1553 936 1610 τῶν
959 1548 1090 1631 ὅρων
1113 1552 1204 1621 τῆς
1219 1551 1378 1608 αὑτοῦ
1406 1547 1615 1629 πορείας
1630 1550 1716 1610 ἐπὶ
1730 1550 1817 1610 τὸν
1845 1552 2012 1610 παῖδα

453 1634 713 1718 ἐξενεχθὲν
744 1636 965 1721 ἔτρωσεν
988 1635 1164 1711 αὐτόν,
1191 1636 1352 1703 οὐδεὶς
1375 1641 1502 1716 ἡμῖν
1522 1637 1673 1716 λόγος
1703 1639 2010 1699 ὑπελείπετο

367 1747 424 1789 ao
452 1725 528 1805 μὴ
557 1731 792 1807 φονεῦσιν
831 1716 990 1785 εἶναι·
1038 1729 1126 1784 τοῦ
1169 1723 1224 1784 δὲ
1254 1725 1439 1793 παιδὸς
1466 1724 1566 1785 ὑπὸ
1591 1726 1686 1799 τὴν
1727 1732 1818 1787 τοῦ
1855 1730 2010 1787 ἀκον·

453 1814 568 1874 τίου
595 1813 758 1895 φορὰν
797 1812 1178 1895 ὑποδραμόντος
1201 1812 1292 1873 καὶ
1319 1813 1378 1874 τὸ
1409 1817 1567 1893 σῶμα
1594 1815 2009 1897 προστήσαντος,

445 1904 494 1974 [6
510 1896 608 1975 μὲν
625 1901 883 1981 ἐκωλύθη]
905 1907 997 1961 τοῦ
1013 1906 1206 1963 σκοποῦ
1229 1906 1429 1983 τυχεῖν,
1453 1907 1480 1962 ὃ
1503 1902 1558 1962 δὲ
1574 1903 1676 1962 ὑπὸ
1693 1903 1754 1963 τὸ
1775 1903 2011 1964 ἀκόντιον

454 1989 692 2051 ὓπελθὼν
717 1990 942 2065 ἐὸλήθη,
981 1990 1074 2051 καὶ
1097 1989 1190 2064 τὴν
1218 1992 1392 2051 αἰτίαν
1422 1994 1522 2072 οὐχ
1555 1992 1814 2075 ἡμετέραν
1851 1985 2012 2055 οὖσαν

453 2078 778 2162 προσίὸαλεν
796 2080 944 2157 ἡμῖν.
1035 2079 1098 2157 (s)
1117 2078 1216 2141 Διὰ
1247 2081 1301 2139 δὲ
1335 2078 1429 2152 τὴν
1459 2079 1760 2162 ὑποδρομὴν
1793 2080 2009 2161 βληθέν-

451 2192 537 2239 τος
553 2174 644 2229 τοῧ
663 2168 868 2243 παιδός,
887 2168 948 2228 τὸ
967 2167 1061 2248 μὲν
1087 2168 1355 2252 μειράκιον
1373 2170 1432 2228 οὔ
1457 2167 1666 2237 δικαίως
1685 2171 2012 2231 ἐπικαλεῖται

456 2262 474 2337 (
502 2256 682 2319 οὐδένα
707 2256 811 2338 γὰρ
838 2255 998 2317 ἱὸαλε
1022 2260 1126 2317 τῶν
1161 2258 1268 2317 ἀπὸ
1294 2263 1386 2318 τοῦ
1408 2263 1606 2318 σκοποῦ
1635 2257 2009 2339 ἀφεστώτων),

452 2348 480 2403 ὁ
511 2346 567 2405 δὲ
605 2346 729 2413 παῖς
768 2344 914 2427 εἴπερ
941 2344 1100 2414 ἑστὼς
1125 2345 1342 2427 φανερὸς
1371 2350 1493 2425 ὑμῖν
1517 2345 1628 2405 ἐστὶ
1657 2345 1731 2425 μὴ
1771 2346 2008 2427 βληθείς,

375 2462 428 2502 35
453 2433 696 2503 ἑκουσίως
736 2433 838 2495 ὕπὸ
877 2433 972 2506 τὴν
1019 2434 1184 2519 φορὰν
1234 2440 1324 2495 τοῦ
1367 2434 1602 2495 ἀκοντίου
1649 2436 1884 2495 ὑπελθὼν
1932 2435 2009 2495 ἔτι

451 2520 780 2606 σαφεστέρως
813 2524 1060 2596 δηλοῦται
1089 2522 1173 2582 διὰ
1203 2520 1300 2595 τὴν
1327 2526 1486 2583 αὖτοῧ
1512 2522 1779 2604 ἁμαρτίαν
1806 2526 2008 2585 ἀποθα-

449 2610 554 2672 νών
573 2634 588 2649 ·
615 2612 674 2671 οὗ
701 2609 804 2693 γὰρ
832 2609 894 2670 ἂν
922 2611 1120 2685 temon
1147 2612 1441 2694 ἀτρεμίζων
1463 2611 1553 2670 καὶ
1583 2610 1656 2689 μὴ
1691 2614 2002 2694 διατρέχων.

453 2697 514 2781 (ο)
542 2698 808 2760 Ἆκουσίου
831 2698 887 2759 δὲ
911 2706 1003 2759 τοῦ
1023 2699 1176 2782 φόνου
1208 2701 1262 2771 ἐξ
1299 2704 1490 2783 ἀμφοῖν
1513 2704 1635 2778 ὑμῖν
1656 2703 2008 2782 ὁμολογουμέ-

451 2813 542 2850 νου
567 2787 833 2869 γενέσθαι,
859 2792 919 2848 ἐκ
943 2793 1036 2861 τῆς
1054 2788 1341 2870 ἁμαρτίας,
1371 2788 1618 2871 ὁποτέρου
1643 2790 1810 2849 αὐτῶν
1843 2792 2008 2875 ἐστίν,

453 2878 530 2939 ἔτι
551 2901 613 2959 γε
643 2876 865 2961 σαφέστε
899 2901 954 2938 ον
989 2878 1050 2937 ἂν
1080 2882 1108 2937 ὁ
1143 2878 1322 2961 φονεὺς
1345 2878 1634 2958 ἐλεγχθείη.
1716 2877 1794 2940 Οἵ
1815 2902 1872 2939 τε
1907 2880 2009 2964 γὰρ

456 2967 841 3051 ἁμαρτάνοντες
861 2901 934 3026 ἓν
958 2964 1020 3027 ἂν
1051 2966 1365 3041 ἔπινοήσωσί
1393 2992 1442 3027 τι
1467 2969 1680 3048 δρᾶσαι,
1705 2959 1843 3028 οἶτοι
1866 2971 2008 3051 πρά·

450 3078 629 3137 κτορες
647 3059 748 3116 τῶν
773 3054 1027 3116 ἀκουσίων
1051 3056 1206 3115 εἰσίν·
1231 3059 1278 3116 οἳ
1311 3056 1366 3115 δὲ
1394 3055 1626 3116 ἑκούσιόν
1651 3082 1703 3117 τι
1731 3060 1950 3142 δρῶντες
1971 3058 2005 3134 ἢ

366 3169 422 3210 ⁴0
447 3143 770 3226 πάσχοντες,
788 3136 928 3205 οὗτοι
949 3147 1052 3206 τῶν
1071 3144 1399 3225 παθημάτων
1420 3144 1575 3206 αἴτιοι
1598 3147 1845 3227 γίνονται.
1936 3150 2002 3229 (7)

449 3231 531 3293 Τὸ
554 3231 649 3310 μὲν
680 3232 845 3292 τοίνυν
876 3233 1146 3313 μειράκιον
1181 3234 1304 3316 περὶ
1340 3234 1521 3294 οὐδένα
1561 3236 1795 3318 ἥμαρτεν
1833 3237 2001 3296 οὐδέν·

451 3318 569 3378 οὔτε
581 3319 682 3401 γὰρ
693 3322 885 3402 ἀπειρη
893 3319 1063 3397 μένον,
1087 3319 1224 3380 ἀλλὰ
1245 3321 1697 3403 προστεταγμένον
1711 3322 2007 3401 ἐξεμελέτα,

451 3405 568 3467 οὔτε
595 3409 648 3466 ἐν
673 3406 1100 3487 γυμναζομένοις,
1145 3409 1264 3467 ἀλλ’
1298 3411 1353 3467 ἐν
1392 3412 1457 3490 τῇ
1495 3412 1598 3469 τῶν
1638 3410 2007 3481 ἀκοντιζόντων

447 3493 592 3564 τάξει
630 3497 916 3571 ἠκόντιζεν,
953 3495 1072 3558 οὔτε
1107 3501 1195 3556 τοῦ
1234 3503 1429 3557 σκοποῦ
1474 3498 1744 3581 ἁμαρτών,
1781 3502 1853 3569 εἰς
1889 3501 2007 3571 τοὺς

447 3586 749 3666 ἀφεστῶτας
774 3585 1072 3661 ἀκοντίσας,
1099 3590 1190 3645 τοῦ
1212 3586 1394 3655 παιδὸς
1439 3586 1636 3668 ἔτυχεν,
1679 3587 1815 3649 ἀλλὰ
1835 3590 2005 3651 πάντα

448 3670 609 3754 ὀρθῶς
652 3676 723 3741 ὥς
762 3675 958 3736 ἐπενόει
993 3676 1130 3757 δρῶν
1169 3673 1354 3757 ἔδρασε
1404 3676 1499 3755 μὲν
1545 3676 1690 3737 οὐδὲν
1739 3677 2005 3760 ἀκούσιον,

349 3760 614 3821 inlusae
643 3762 699 3822 δὲ
721 3764 1056 3831 διακωλυθεὶς
1075 3768 1167 3823 τοῦ
1186 3769 1380 3824 σκοποῦ
1400 3773 1594 3844 τυχεῖν.
1631 3766 1690 3845 (ε)
1715 3765 1784 3827 ‘O
1809 3766 1862 3826 δὲ
1883 3773 2007 3836 παῖς

452 3848 757 3930 βουλόμενος
782 3853 1120 3934 προδραμεῖν,
1154 3857 1248 3911 τοῦ
1299 3852 1485 3933 χρόνου
1530 3853 1832 3934 διαμαρτὼν
1873 3858 1925 3915 ἐν
1961 3848 2006 3939 ᾧ

448 3938 732 4021 διατρέχων
763 3942 856 3999 οὐκ
890 3940 953 3999 ἂν
980 3939 1205 4020 ἐπλήγη,
1233 3939 1537 4021 περιέπεσεν
1568 3932 1640 4008 οἷς
1669 3944 1762 4001 οὐκ
1801 3942 2005 4018 ἤθελεν,

449 4028 706 4097 ἀκουσίως
739 4028 796 4089 δὲ
835 4028 1088 4110 ἁμαρτὼν
1127 4030 1200 4096 εἰς
1235 4029 1418 4088 ἑαυτὸν
1463 4028 1676 4098 οἰκείαις
1720 4040 2007 4114 συμφοραῖς

445 4116 728 4201 κέχρηται,
751 4122 844 4192 τῆς
878 4117 923 4177 δ’
953 4117 1216 4199 ἁμαρτίας
1236 4120 1656 4201 τετιμωρημένος
1685 4119 1866 4179 ἑαυτὸν
1895 4120 2006 4201 ἔχει

446 4206 542 4281 τὴν
559 4208 725 4281 δίκην,
738 4210 795 4267 οὗ
815 4206 1176 4287 συνηδομένων
1193 4206 1292 4285 μὲν
1314 4206 1430 4268 οὐδὲ
1447 4208 1817 4268 συνεθελόντων
1835 4212 2005 4289 ἡμῶν,

447 4295 842 4375 συναλγούντων
870 4296 923 4355 δὲ
952 4296 1044 4355 καὶ
1071 4298 1526 4375 συλλυπουμένων.
1609 4301 1722 4371 Τῆς
1745 4298 1799 4357 δὲ
1830 4299 2004 4379 ἆμαρ·

389 4412 416 4451 5
444 4382 560 4451 τίας
597 4386 668 4451 εἰς
699 4389 878 4443 τοῦτον
904 4382 1132 4456 ἡκούσης
1157 4384 1217 4443 τὸ
1249 4384 1396 4465 ἔργον
1421 4389 1520 4465 οὐχ
1545 4386 1820 4466 ἡμέτερον,
1868 4386 2005 4445 ἀλλὰ

446 4476 538 4529 τοῦ
565 4470 940 4552 ἐξαμαρτόντος
975 4470 1113 4545 ἐστί,
1145 4469 1204 4529 τό
1235 4494 1292 4529 τε
1319 4471 1480 4539 πάθος
1521 4475 1592 4540 εἷς
1617 4472 1706 4532 τὸν
1739 4472 2005 4553 δράσαντα

447 4558 593 4621 ἐλθὸν
631 4564 778 4638 ἡμᾶς
813 4558 908 4639 μὲν
940 4558 1159 4618 ἀπολύει
1193 4564 1287 4631 τῆς
1324 4560 1524 4635 αἰτίας,
1550 4560 1638 4619 τὸν
1662 4560 1716 4620 δὲ
1741 4561 2005 4642 δράσαντα

447 4646 658 4716 δικαίως
678 4648 792 4727 ἅμα
820 4653 886 4729 τῇ
917 4646 1153 4761 ἆμαὲρτίοιι
1177 4646 1544 4729 τετιμώρηται.
1603 4650 1666 4727 (9)
1688 4648 1925 4711 Ἀπολύει
1950 4650 2003 4711 δὲ

446 4735 539 4796 καὶ
557 4740 585 4795 δ
615 4736 770 4813 νόμος
807 4741 979 4813 ἡμᾶς,
1009 4760 1052 4817 ῳ
1083 4737 1361 4813 πιστεύων,
1393 4735 1615 4815 εἴργοντι
1645 4739 1777 4816 μήτε
1814 4740 2005 4809 ἀδίκως

447 4816 581 4897 μήτε
600 4814 810 4883 δικαίως
829 4815 1166 4888 ἀποκτείνειν,
1185 4818 1254 4883 ὥς
1273 4815 1427 4898 φονέα
1445 4839 1510 4895 με
1532 4816 1719 4880 διώκει.
1747 4816 1884 4879 Ὑπὸ
1907 4821 2002 4899 μὲν

446 4905 546 4987 γὰρ
575 4910 666 4977 τῆς
695 4906 850 4963 αὐτοῦ
877 4909 968 4963 τοῦ
1009 4906 1282 4971 τεθνεῶτος
1320 4904 1580 4984 ἁμαρτίας
1605 4905 1691 4966 ὅδε
1719 4908 2001 4969 ἀπολύεται

449 4992 584 5073 μηδὲ
618 4991 870 5062 ἀκουσίως
891 4993 1192 5053 ἀποκτεῖναι
1221 4990 1400 5051 αὐτόν·
1421 4993 1520 5053 ὑπὸ
1537 4993 1592 5053 δὲ
1614 5001 1707 5055 τοῦ
1729 4995 2001 5068 διώκοντος

2109 673 2333 725 facundia
2355 674 2521 725 valent
2533 690 2549 736 ;
2576 672 2759 725 veritas
2786 676 2951 724 autem
2986 675 3083 725 stat
3104 688 3135 726 a
3159 675 3379 740 partibus
3414 677 3658 729 hominum

2102 760 2301 825 justitiae
2317 765 2464 827 atque
2480 762 2696 825 religioni
2712 762 3031 826 operantium.

2168 857 2217 903 8.
2250 852 2511 914 Sperabam
2534 852 2698 915 itaque
2716 864 2803 915 ego
2826 850 2983 902 filium
2999 865 3164 903 meum
3177 852 3236 903 iis
3256 852 3467 919 artibus,
3490 854 3661 918 quihus

2106 938 2319 989 maxime
2337 953 2464 1003 resp.
2484 942 2685 989 ornatur
2701 976 2717 1003 ,
2738 939 2964 991 erudiens
2979 977 2994 1003 ,
3023 941 3153 1004 i'ore,
3176 942 3231 991 ut
3256 942 3403 992 ambo
3424 944 3659 993 commodi

2104 1028 2286 1092 aliquid
2328 1028 2441 1079 inde
2465 1029 2822 1092 perciperemus
2854 1048 2868 1080 ι
2905 1043 3079 1081 verum
3107 1030 3269 1081 evenit
3308 1030 3427 1081 mibi
3468 1020 3659 1095 prorsus

2104 1118 2273 1167 contra
2306 1118 2455 1183 atque
2478 1118 2777 1180 sperabatur.
2840 1121 2965 1169 Nam
2995 1118 3274 1170 adolescens
3302 1119 3383 1172 bic
3398 1156 3413 1183 ,
3442 1133 3541 1170 uon
3566 1120 3651 1171 im-

2100 1206 2218 1267 petu
2242 1204 2455 1267 quodam
2471 1206 2756 1269 arrofflntioe
2784 1204 2863 1257 vel
2891 1206 3173 1271 petulantiae
3204 1208 3367 1271 actus,
3395 1208 3481 1259 sed
3505 1208 3555 1257 in
3578 1222 3657 1271 gy·

2100 1292 2285 1343 mnasio
2310 1306 2409 1344 una
2442 1307 2559 1345 cum
2584 1293 2854 1358 oequalibus
2872 1294 3093 1359 iaculum
3130 1296 3411 1361 intorquere
3442 1296 3656 1359 discens,

2098 1382 2332 1445 permissit
2360 1382 2557 1447 quidem
2578 1396 2677 1435 non
2695 1396 2813 1435 vero
2845 1383 3083 1435 interfecit
3100 1398 3400 1448 quemquam
3415 1421 3432 1448 ,
3456 1386 3497 1435 si
3530 1388 3658 1437 recte

2101 1484 2214 1534 quae
2232 1471 2399 1522 fecerit
2422 1472 2754 1537 perpenderis,
2776 1472 2863 1523 sed
2878 1472 2973 1523 alio
2990 1472 3043 1523 in
3058 1474 3211 1523 semet
3230 1477 3460 1536 peccante
3476 1472 3655 1523 invitus

2098 1558 2151 1609 in
2167 1559 2555 1611 criminationem
2572 1560 2722 1614 venit.
2787 1562 2856 1626 (4)
2884 1564 3007 1613 Nam
3028 1561 3069 1613 si
3083 1562 3299 1626 jaculum
3326 1565 3465 1614 extra
3484 1565 3651 1614 termi-

2097 1661 2187 1699 nos
2204 1648 2308 1712 ejus
2330 1648 2493 1699 cursui
2517 1649 2777 1715 praefinitos
2798 1652 3022 1701 evectum
3050 1650 3103 1699 in
3123 1662 3327 1714 puerum
3354 1650 3633 1701 incurrisset
3645 1685 3662 1714 ,

2099 1751 2309 1801 eumque
2336 1739 2607 1801 stravisset,
2640 1739 2773 1791 nulla
2793 1739 2933 1791 nobis
2961 1740 3127 1789 relicta
3152 1740 3275 1789 soret
3294 1739 3539 1791 excusatio
3566 1753 3661 1804 qua

2098 1826 2441 1878 incusationem
2454 1827 2599 1877 caedis
2613 1827 2960 1891 depelleremus
2977 1847 2990 1879 ι
3005 1828 3141 1892 atqui
3157 1816 3336 1891 puerin
3349 1829 3499 1892 iaculi
3515 1829 3663 1894 impe-

2096 1915 2205 1965 tum
2225 1928 2511 1966 succurrens
2529 1928 2798 1980 corpusque
2818 1917 2863 1967 ei
2889 1917 3148 1981 objiciens,
3176 1917 3436 1982 quominus
3461 1930 3661 1983 scopum

2097 2004 2218 2054 alter
2244 2004 2406 2055 feriret
2422 2004 2709 2068 impedivit,
2730 2004 2831 2070 ipse
2844 2018 2963 2056 vero
2990 2006 3042 2056 in
3064 2006 3149 2057 teli
3170 2006 3445 2069 coniectum
3462 2008 3663 2059 veniens

2096 2106 2348 2156 percussus
2364 2095 2437 2145 ent
2446 2130 2462 2157 ,
2482 2093 2685 2159 ideoque
2700 2094 3085 2145 criminationem
3105 2094 3247 2146 nobis
3270 2094 3437 2150 attulit
3455 2095 3581 2147 nihil
3597 2096 3660 2146 ad

2096 2195 2185 2232 uos
2202 2182 2536 2246 pertinentem.
2563 2182 2630 2246 (5)
2655 2184 2793 2235 Patet
2810 2195 2921 2247 ergo
2934 2182 3287 2235 adolescentem
3310 2183 3488 2247 injuria
3514 2184 3663 2235 credis

2100 2270 2365 2321 insimulari
2377 2308 2393 2335 ‚
2412 2271 2496 2335 qui
2509 2271 2752 2322 neminem
2770 2284 2939 2323 eorum
2966 2272 3185 2322 omnium
3209 2272 3363 2337 feriit,
3382 2274 3467 2337 qui
3488 2274 3659 2336 procul

2102 2370 2133 2408 a
2155 2361 2284 2409 meta
2313 2360 2422 2411 loco
2447 2374 2537 2411 suo
2558 2359 2896 2412 constiterunt.
2961 2362 3086 2412 Puer
3102 2361 3283 2425 itaque,
3301 2362 3342 2413 si
3358 2362 3538 2426 pariter
3556 2363 3662 2413 loco

2101 2460 2193 2498 suo
2220 2450 2352 2500 stans
2373 2450 2649 2515 mansisset,
2668 2451 2837 2513 procul
2870 2448 3004 2500 omni
3020 2450 3171 2501 dubio
3186 2450 3315 2501 ictus
3339 2464 3439 2501 non
3464 2452 3660 2516 tuisset3

2099 2550 2175 2587 res
2197 2539 2271 2589 est
2294 2538 2545 2603 perspicua
2565 2558 2577 2590 ι
2598 2539 2685 2589 sed
2700 2538 2855 2589 multo
2873 2539 3033 2589 adbuc
3063 2533 3215 2603 magis
3228 2541 3301 2590 est
3318 2540 3628 2605 perspicuum
3643 2577 3660 2605 ,

2098 2640 2213 2677 eum
2239 2629 2429 2679 suomet
2448 2640 2613 2678 errore
2638 2627 2864 2678 cecidisse
2875 2644 2891 2691 3
2911 2641 3029 2678 nam
3054 2628 3094 2678 si
3112 2628 3305 2693 quietus
3325 2629 3376 2679 et
3394 2630 3660 2680 immobilis

2098 2716 2229 2766 stans
2244 2715 2295 2765 in
2312 2715 2515 2767 statione
2539 2729 2628 2766 sua
2650 2715 3029 2782 perseverassetf,
3062 2716 3186 2767 ictus
3206 2730 3305 2767 non
3326 2717 3515 2769 suisset.
3584 2718 3655 2783 (6)

2098 2804 2195 2855 Sed
2224 2803 2455 2867 quoniam
2486 2805 2654 2855 contra
2687 2804 2941 2869 utriusque
2969 2805 3273 2856 voluntatem
3296 2803 3525 2855 accidisse
3560 2818 3660 2856 cae·

2096 2893 2209 2944 dem
2238 2892 2365 2945 inter
2394 2906 2483 2944 nos
2502 2893 2605 2957 jam
2636 2895 2888 2957 convenit,
2918 2908 3053 2945 error
3086 2894 3337 2957 cuiusnam
3356 2894 3499 2945 fuetlt
3517 2908 3662 2957 quae-

2096 2994 2288 3046 ramus3
2322 2980 2436 3033 inde
2471 2982 2603 3032 enim
2634 2982 2905 3033 evidentius
2940 2980 3102 3032 adhuc
3136 2980 3379 3032 homicida
3409 2988 3659 3047 arguatur.

2095 3072 2291 3124 Scilicet
2321 3071 2363 3122 si
2378 3070 2465 3135 qui
2486 3072 2538 3121 iu
2554 3070 2737 3135 agendo
2754 3083 2785 3121 a
2808 3070 3056 3135 proposito
3080 3084 3171 3121 suo
3202 3071 3459 3134 aberrant,
3486 3070 3521 3120 li
3546 3073 3662 3122 suut

2095 3162 2346 3212 effectores
2380 3173 2546 3211 rerum
2580 3159 3049 3224 involuntariarumg
3073 3161 3243 3210 contra
3272 3160 3360 3223 qui
3387 3160 3661 3211 voluntarie

2095 3249 2276 3313 aliquid
2296 3249 2377 3299 vel
2409 3249 2595 3299 faciunt
2619 3248 2701 3299 vel
2724 3248 2832 3299 fieri
2859 3249 3127 3313 patiuntur,
3170 3248 3205 3298 ii
3238 3250 3461 3299 auctores
3486 3262 3663 3299 eorum

2094 3350 2207 3402 quoe
2223 3337 2347 3388 fiunt
2368 3337 2624 3388 habentur.
2691 3337 2759 3402 (7)
2776 3339 2887 3388 Jam
2912 3337 3189 3388 adolescens
3209 3350 3350 3389 meus
3372 3338 3507 3388 nulla
3533 3352 3591 3390 re
3607 3338 3657 3389 in

2095 3424 2373 3490 quempiam
2412 3424 2648 3490 peccavit.
2714 3426 2985 3477 Exercebat
3014 3428 3171 3477 artem
3205 3439 3306 3477 non
3348 3426 3661 3478 interdictam

2094 3513 2185 3565 sibi
2200 3550 2217 3577 ,
2254 3514 2339 3565 sed
2372 3515 2690 3578 imperatam3
2716 3526 2815 3565 non
2831 3513 3135 3577 jaculabatur
3163 3513 3289 3565 inter
3312 3514 3557 3567 luctantes
3578 3515 3661 3567 sed

2094 3603 2147 3652 in
2178 3601 2503 3665 iaculantium
2526 3601 2717 3665 agmine
2729 3617 2748 3666 ς
2774 3615 2938 3667 neque
2960 3616 2991 3655 a
3015 3604 3143 3654 meta
3176 3602 3405 3654 aberrans
3436 3602 3659 3665 iaculum

2092 3690 2145 3741 in
2180 3689 2413 3742 distantes
2449 3690 2745 3755 detorquens
2774 3702 2983 3761 puerum
3019 3690 3183 3754 feriit,
3210 3690 3296 3742 sed
3332 3692 3463 3742 recte
3494 3693 3665 3743 omnia

2094 3778 2169 3829 uti
2203 3782 2522 3843 proposuerat
2550 3779 2641 3830 sibi
2671 3791 2904 3843 peragens
2924 3816 2940 3840 ‚
2974 3781 3143 3830 contra
3175 3780 3479 3831 voluntatem
3514 3794 3663 3833 suam

2095 3866 2209 3918 fecit
2246 3868 2395 3933 nihil,
2427 3882 2601 3919 verum
2640 3880 2807 3931 passus
2850 3869 2955 3932 est,
2997 3882 3153 3935 quum
3184 3880 3389 3933 scopum
3422 3870 3665 3935 attingere

2094 3956 2443 4018 prohiberetur.
2480 3957 2551 4020 (8)
2576 3960 2701 4007 Puer
2718 3957 2883 4007 autem
2899 3994 2914 4020 ,
2930 3958 3105 4020 praeter
3129 3958 3311 4007 metam
3327 3960 3664 4011 transcurrere

2093 4044 2287 4106 volenS,
2302 4044 2493 4097 errabat
2514 4045 2566 4095 in
2588 4044 2871 4097 aestimando
2895 4046 3113 4108 tempore
3125 4081 3140 4108 ,
3160 4058 3259 4110 quo
3274 4044 3486 4097 licuisset
3510 4047 3663 4099 alicui

2096 4132 2231 4182 salvo
2245 4134 2575 4183 transcurrere
2586 4151 2604 4197 3
2624 4134 2793 4184 incidit
2811 4134 2975 4196 itaque
2989 4133 3040 4183 in
3070 4134 3255 4184 malum
3278 4134 3661 4186 involuntarium

2096 4222 2145 4270 et
2174 4220 2357 4272 invitus
2377 4221 2429 4272 in
2450 4225 2602 4273 semet
2632 4223 2789 4286 ipsum
2808 4234 3013 4286 peccans
3030 4221 3215 4273 cladem
3240 4222 3385 4285 istam
3398 4224 3490 4275 eibi
3504 4238 3663 4277 arces·

2092 4308 2235 4373 sirit,
2254 4310 2525 4374 errorisque
2546 4312 2698 4362 semet
2728 4311 2833 4375 ipse
2850 4312 2984 4363 ultus
3016 4310 3151 4361 dedit
3174 4324 3343 4377 poenas
3376 4332 3389 4363 ι
3418 4313 3663 4365 nollemus

2092 4398 2275 4449 sactum
2289 4436 2307 4463 ,
2340 4400 2421 4451 cui
2443 4401 2658 4463 profecto
2686 4412 2787 4451 non
2825 4400 3105 4462 illaetamur,
3128 4399 3213 4451 sed
3248 4401 3410 4463 potius
3449 4402 3663 4465 ingemi-

2092 4486 2289 4538 scimus.
2356 4489 2419 4538 Δί.
2432 4490 2575 4553 culpa
2593 4489 2769 4540 erroris
2803 4488 2889 4551 qui
2920 4486 3123 4539 exitium
3153 4488 3342 4551 attulit,
3365 4502 3465 4541 non
3488 4494 3663 4543 nostra

2094 4576 2185 4637 est,
2218 4574 2302 4626 sed
2320 4575 2426 4638 ejus
2454 4576 2540 4640 qui
2568 4576 2810 4631 ‹zommisit
2831 4589 2943 4627 eum
2956 4592 2972 4638 3
3000 4575 3284 4639 malumque
3318 4577 3371 4627 in
3406 4578 3663 4631 auctorem

2092 4662 2313 4715 relabens
2345 4678 2437 4715 nos
2459 4677 2490 4715 a
2512 4666 2711 4715 crimine
2736 4664 2975 4727 absolvit,
3005 4665 3058 4715 in
3095 4665 3200 4729 ipso
3236 4666 3417 4717 erroris
3447 4669 3661 4719 articulo

2092 4751 2154 4802 ab
2178 4755 2379 4805 auctore
2410 4756 2575 4805 autem
2596 4766 2764 4818 poenas
2781 4754 2961 4817 exegit.
3030 4756 3099 4820 (9)
3130 4754 3228 4807 sed
3254 4756 3335 4805 lex
3354 4768 3549 4819 quoque
3568 4770 3663 4807 nos

2091 4840 2328 4903 absolvit,
2362 4854 2459 4904 qua
2487 4854 2551 4890 ne
2576 4840 2685 4902 quis
2701 4840 3003 4903 nequeJustc
3020 4853 3181 4904 neque
3204 4840 3382 4903 iniuste
3404 4836 3663 4893 occidatur

2090 4931 2286 4980 vetante
2308 4930 2426 4980 fisus
2443 4928 2523 4979 bic
2542 4928 2687 4979 caedis
2704 4942 2787 4979 mc
2809 4942 2949 4979 reum
2966 4930 3077 4993 agit.
3106 4934 3253 4980 Error
3272 4932 3401 4980 enim
3420 4930 3663 4994 perempti.

2089 5017 2245 5067 tilium
2278 5030 2444 5067 meum
2466 5017 2544 5066 vel
2564 5016 2899 5068 involuntariae
2928 5018 3077 5067 caedis
3107 5016 3310 5068 crimine
3340 5019 3541 5081 eximit3
3566 5032 3659 5070 vo·

370 5110 421 5151 10
447 5084 554 5144 οὔδ’
593 5078 994 5160 ἐπικαλούμενος
1024 5085 1093 5149 ὡς
1125 5078 1258 5140 ἑκὼν
1287 5080 1604 5158 ἀπέκτεινεν,
1635 5087 1825 5167 ἀμφοῖν
1865 5089 1997 5146 ἀπο·
2086 5104 2308 5156 luntariae
2320 5104 2643 5155 autemcaedis
2660 5118 2815 5169 quum
2835 5118 2899 5156 ne
2916 5108 3172 5157 accusetur
3194 5106 3421 5171 quidem,
3440 5107 3505 5157 ab
3523 5109 3659 5157 utro·

444 5172 624 5233 λύεται
654 5180 762 5233 τοῖν
793 5168 1160 5251 ἐγκλημάτων,
1196 5168 1322 5247 μήτ’
1359 5170 1497 5231 ἄκων
1543 5172 1665 5251 μήθ’
1691 5172 1824 5234 ἑκὼν
1865 5178 1998 5235 ἄπο·
2086 5205 2184 5257 que
2204 5192 2405 5245 crimine
2432 5193 2722 5246 absolvitur.
2791 5194 2889 5258 (ιο)
2914 5195 3070 5258 culpa
3101 5194 3267 5258 itaque
3288 5197 3431 5245 vacat
3458 5197 3511 5246 et
3532 5208 3561 5246 e
3583 5195 3657 5247 rel

446 5267 663 5327 κτεῖναι.
723 5259 811 5344 (ιο)
836 5258 1208 5340 Ἀπολυόμινος
1229 5256 1283 5319 δὲ
1311 5258 1414 5321 ὑπό
1434 5282 1488 5321 τε
1515 5265 1610 5337 τῆς
1627 5262 1872 5338 ἀληθείας
1892 5266 1998 5326 τῶν
2086 5283 2234 5348 geste
2247 5281 2452 5337 veritate
2466 5284 2519 5337 et
2538 5295 2570 5335 e
2594 5282 2712 5348 legis
2728 5282 2963 5347 formula,
2981 5283 3122 5349 cujus
3142 5282 3347 5335 obtentu
3370 5286 3654 5337 accusatur.
