3825 5842
157 417 378 508 'tw-²³)

1155 437 1567 505 ANboclms
1609 439 1726 500 OB.
1771 439 1874 500 DE
1919 439 2349 502 MYSTERIIS.
3274 449 3348 502 ⁶5

163 597 330 658 φημον
345 571 432 634 τὸν
455 571 696 634 Καλλίου
711 574 802 631 τοῦ
822 567 1148 642 Τηλεκλέους
1171 565 1389 650 ἀδελφὸν
1417 569 1470 627 ἐν
1488 570 1564 650 τῷ
1581 569 1714 648 χαλ·
1804 573 1910 625 tum
1926 574 2098 628 minas.
2132 577 2206 628 lbi
2222 589 2377 641 quum
2388 577 2691 640 Eupbeinnm
2712 573 3113 640 vidimet,calliae
3134 575 3329 630 fratrem
3342 613 3358 640 ,

162 664 286 745 κείῳ
310 661 626 740 καθήμενον,
655 659 933 740 ἀναγαγὼν
977 658 1133 718 αὐτὸν
1172 661 1244 728 εἰς
1281 656 1342 718 τὸ
1379 657 1715 739 Ἡφαιστεῖον

87 763 136 802 ²⁸
162 751 327 833 λέγειν
351 751 487 834 ἅπερ
514 755 637 830 ὑμῖν
653 749 758 829 ἐγὼ
785 749 990 830 εἴρηκα,
1015 751 1084 814 ὥς
1104 748 1204 808 ἴδοι
1220 751 1362 824 ἡμᾶς
1380 750 1434 808 ἐν
1457 745 1628 826 ἐκείνῃ
1649 749 1715 821 τῇ

161 839 310 901 νυκτί
322 865 336 878 ·
361 837 546 899 οὔκουν
571 839 738 900 δέοιτο
757 837 902 919 παρὰ
927 841 1016 910 τῆς
1035 837 1236 904 πόλεως
1257 835 1512 916 χρήματα
1534 834 1715 892 λαὸεῖν

161 932 364 1008 μᾶλλον
383 925 560 1009 ἢπαρ’
585 931 760 1006 ἡμῶν,
773 925 902 986 ὥσθ’
919 931 1061 1004 ἡμᾶς
1089 925 1229 1006 ἔχειν
1256 925 1448 1005 φίλους.
1534 925 1716 983 Εἰπεῒν

161 1011 254 1080 οὖν
279 1017 374 1078 τὸν
407 1015 668 1099 Εὔφημον
691 1014 772 1075 ὅτι
799 1016 970 1081 καλῶς
986 1013 1250 1086 ποιήσειεν
1281 1011 1464 1085 εἰπών,
1501 1011 1590 1072 καὶ
1630 1016 1718 1070 νῦν

159 1108 308 1180 ἥκειν
325 1105 572 1167 κελεῦσαί
598 1108 646 1165 οἱ
669 1107 742 1172 εἷς
765 1102 860 1176 τὴν
886 1102 1159 1183 Λεωγόρου
1184 1101 1368 1174 οἰκίαν,
1387 1100 1454 1160 ἵν’
1472 1103 1582 1159 ἐκεῖ
1597 1122 1720 1178 συγ·

163 1195 292 1277 γίνῃ
319 1197 436 1274 μετ’
453 1196 581 1274 ἐμοῦ
605 1191 874 1272 Ἀνδοκίδῃ
897 1190 986 1250 καὶ
1002 1187 1192 1271 ἑτέροις
1211 1177 1282 1256 οἷς
1305 1188 1396 1248 δεῖ.
1426 1189 1513 1268 (ιι)
1528 1185 1718 1248 Ἥκειν

163 1283 264 1366 ἔφη
291 1287 360 1364 τῇ
398 1279 682 1363 ὑστεραίᾳ,
721 1279 814 1340 καὶ
851 1278 913 1350 δὴ
944 1276 1154 1338 κόπτειν
1190 1275 1285 1348 τὴν
1326 1274 1514 1356 θύραν·
1538 1276 1626 1336 τὸν
1665 1274 1718 1334 δὲ

159 1371 370 1452 πατέρα
392 1370 482 1430 τὸν
497 1369 623 1449 ἐμὸν
637 1371 812 1449 τυχεῖν
837 1365 1057 1440 ἐξιόντα,
1071 1365 1162 1426 καὶ
1181 1367 1342 1425 εἰπεῖν
1366 1363 1520 1426 αὐτόν
1535 1387 1549 1402 ·
1575 1391 1599 1418 ν
1617 1355 1720 1445 ἀρά

75 1477 130 1517 ao
161 1484 224 1538 γε
266 1459 324 1520 σὲ
359 1459 468 1519 οἵδε
518 1458 876 1540 περιμένουσι;
921 1454 1026 1536 χρὴ
1067 1452 1244 1534 μέντοι
1291 1453 1367 1532 μὴ
1403 1455 1720 1512 ἀπωθεῖσθαι

159 1546 420 1614 τοιούτους
442 1546 640 1628 φίλους.
673 1573 701 1600 ιο
781 1543 1015 1605 Εἷπόντα
1033 1540 1088 1601 δὲ
1109 1541 1264 1601 αὐτὸν
1288 1546 1454 1601 ταῦτα
1470 1541 1720 1622 οἴχεσθαι.

160 1635 275 1698 Καὶ
297 1633 471 1717 τούτῳ
503 1633 598 1714 μὲν
625 1637 702 1715 τῷ
731 1632 912 1714 τρόπῳ
946 1631 1034 1692 τὸν
1063 1630 1267 1711 πατέρα
1309 1655 1409 1708 μου
1451 1630 1720 1704 ἀπώλλυε,

161 1722 435 1782 συνειδότα
457 1721 782 1805 ἀποφαίνων.
864 1719 1048 1780 Εἶπεῖν
1066 1719 1120 1778 δὲ
1141 1724 1282 1797 ἡμᾶς
1309 1719 1388 1778 ὅτι
1417 1713 1721 1798 δεδογμένον

159 1817 291 1890 ἡμῖν
319 1810 400 1883 εἴη
433 1811 529 1871 δύο
553 1811 650 1889 μὲν
672 1809 904 1870 τάλαντα
933 1807 1179 1891 ἀργυρίου
1199 1805 1393 1867 διδόναι
1415 1809 1464 1868 οἱ
1485 1807 1598 1868 ἀντὶ
1620 1811 1722 1866 τῶν

159 1897 348 1960 ἑκατὸν
367 1903 514 1978 μνῶν
549 1901 652 1958 τῶν
680 1901 739 1958 ἐκ
765 1903 857 1959 τοῦ
885 1896 1134 1975 δημοσίου
1149 1941 1166 1970 ,
1191 1894 1280 1956 ἐὰν
1295 1895 1350 1954 δὲ
1373 1895 1725 1976 κατάσχωμεν

159 1993 315 2067 ἡμεῖς
350 1987 388 2047 ἃ
418 1987 743 2069 βουλόμεθα,
771 1986 864 2046 ἕνα
895 1984 1048 2045 αὐτὸν
1075 1988 1228 2064 ἡμῶν
1267 1975 1400 2044 εἶναι
1417 2030 1435 2061 ,
1468 1984 1645 2044 πίστιν
1671 1983 1725 2044 δὲ

157 2076 360 2136 τούτων
384 2073 562 2136 δοῦναί
583 2099 640 2134 τε
668 2073 761 2134 καὶ
789 2073 1049 2144 δέξασθαι.
1133 2075 1220 2152 (42)
1244 2072 1643 2154 Ἀποκρίνασθαι
1671 2073 1724 2132 δὲ

70 2181 123 2221 aa
158 2163 318 2237 αὐτὸς
347 2163 479 2244 πρὸς
509 2169 678 2222 ταῦτα
721 2161 801 2222 ὅτι
840 2160 1198 2243 βουλεύσοιτο·
1221 2165 1363 2240 ἡμᾶς
1400 2161 1455 2220 δὲ
1499 2159 1725 2221 κελεύειν

163 2253 324 2313 αὐτὸν
347 2252 496 2326 ἥκειν
515 2255 585 2318 εἰς
611 2250 846 2314 Καλλίου
878 2256 969 2310 τοῦ
1008 2249 1358 2324 Τηλεκλέους,
1380 2247 1468 2310 ἵνα
1497 2253 1728 2318 κάκεῖνος

155 2340 380 2422 παρείη.
462 2339 570 2402 Τὸν
617 2340 662 2399 δ’
705 2330 772 2399 αὗ
798 2338 1054 2413 κηδεστήν
1099 2361 1198 2416 μου
1235 2338 1397 2406 οὕτως
1434 2337 1726 2400 ἀπώλλυεν.

158 2427 359 2491 Ἠκειν
391 2429 490 2512 ἔφη
521 2431 589 2496 εἷς
623 2428 890 2502 Καλλίου,
920 2428 1011 2487 καὶ
1039 2427 1470 2506 καθομολογήσας
1494 2425 1729 2506 ἡμῖντί-

161 2541 280 2578 στιν
317 2520 496 2578 δοῦναι
524 2520 576 2578 ἐν
607 2516 922 2597 ἀκροπόλει,
947 2515 1038 2575 καὶ
1063 2520 1202 2594 ἡμᾶς
1235 2513 1569 2594 συνθεμένους
1601 2519 1648 2574 οἱ
1672 2515 1731 2574 τὸ

163 2606 418 2687 ἀργύριον
445 2609 516 2674 εἷς
532 2604 622 2665 τὸν
652 2605 864 2665 ἐπιόντα
882 2610 1023 2685 μῆνα
1047 2604 1230 2664 δώσειν
1253 2603 1620 2686 διαψεύδεσθαι
1641 2603 1732 2663 καὶ

162 2697 227 2754 οὗ
257 2694 458 2754 διδόναι
477 2717 492 2732 ·
516 2694 664 2768 Ιἥκειν
691 2684 778 2753 οὖν
807 2693 1053 2772 μηνύσων
1077 2693 1144 2753 τὰ
1203 2691 1437 2771 ενόμενα.

244 2803 318 2842 43.
351 2783 424 2844 ‘11
471 2781 567 2860 μὲν
608 2781 907 2862 εἰσαγγελία
952 2783 1096 2863 αὐτῷ
1114 2825 1132 2858 ,
1172 2806 1217 2841 ω
1260 2781 1469 2864 ἄνδρες,
1497 2778 1731 2852 τοιαύτη·

79 2889 138 2931 ει)
161 2870 466 2953 ἀπογράφει
495 2869 552 2930 δὲ
576 2868 646 2929 τὰ
680 2869 912 2948 ὀνόματα
935 2873 1037 2928 τῶν
1063 2871 1261 2950 ἀνδρῶν
1283 2861 1354 2928 ὧν
1379 2868 1478 2946 ἔφη
1510 2872 1732 2949 γνῶναι,

163 2960 262 3020 δύο
312 2959 406 3020 καὶ
455 2958 870 3040 τετταράκοντα,
907 2958 1141 3040 πρώτους
1187 2957 1282 3037 μὲν
1313 2958 1604 3019 Μαντίθεον
1643 2957 1736 3016 καὶ

163 3045 488 3131 Ἄφεψίωνα,
506 3046 786 3128 βουλευτὰς
799 3046 947 3114 ὄντας
988 3045 1078 3106 καὶ
1096 3045 1420 3124 καθημένους
1437 3045 1599 3121 ἔνδον,
1621 3040 1734 3105 εἶτα

162 3137 334 3198 δὲκαὶ
358 3136 480 3205 τοὺς
495 3138 700 3206 ἄλλους.
785 3135 1032 3204 Ἀναστὰς
1059 3134 1113 3194 δὲ
1138 3135 1458 3218 Πείσανδρος
1485 3135 1581 3218 ἔφη
1605 3140 1735 3217 χρῆ-

159 3251 251 3286 ναι
277 3225 426 3286 λύειν
447 3226 508 3286 τὸ
523 3224 610 3286 ἐπὶ
634 3224 1002 3304 Σκαμανδρίου
1025 3223 1274 3305 ψήφισμα
1288 3224 1377 3283 καὶ
1401 3224 1740 3293 ἀναδιδάξειν

163 3315 254 3374 ἐπὶ
281 3314 374 3374 τὸν
392 3313 580 3396 τροχὸν
611 3311 730 3380 τοὺς
759 3313 1186 3394 ἀπογραφέντας,
1212 3314 1353 3379 ὅπως
1384 3311 1458 3388 μὴ
1489 3312 1736 3392 πρότερον

163 3403 256 3472 νὺξ
299 3403 454 3464 ἔσται
491 3402 614 3482 πρὶν
649 3401 901 3462 πυθέσθαι
935 3401 1052 3468 τοὺς
1083 3399 1271 3481 ἄνδρας
1302 3398 1558 3466 ἅπαντας.
1645 3397 1735 3480 (ει)

87 3507 124 3558 7
165 3490 478 3573 Ἇνέκραγεν
491 3495 528 3563 ἡ
557 3488 722 3570 βουλὴ
737 3493 806 3557 ὡς
823 3480 880 3550 εὖ
900 3489 1060 3569 λέγει.
1141 3486 1476 3556 Ἀκούσαντες
1500 3487 1552 3546 δὲ
1572 3493 1736 3548 ταῦτα

168 3579 464 3646 Μαντίθεος
482 3577 575 3637 καὶ
619 3574 870 3659 Ἀφεψίων
914 3575 1002 3634 ἐπὶ
1042 3573 1138 3648 τὴν
1179 3574 1353 3635 ἑστίαν
1403 3573 1701 3646 ἐκαθέζοντο
1719 3622 1736 3656 ,

162 3669 484 3738 ἱκετεύοντες
519 3666 594 3746 μὴ
623 3666 1042 3749 στρεὸλωθῆναι,
1064 3667 1182 3725 ἀλλ’
1211 3665 1601 3746 ἐξεγγυηθέντες
1619 3689 1738 3746 κρι-

163 3764 348 3832 θῆναι.
438 3758 610 3825 Μόλις
632 3753 688 3817 δὲ
706 3754 903 3815 τούτων
921 3755 1193 3836 τυχόντες,
1211 3754 1388 3828 ἐπειδὴ
1410 3755 1527 3823 τοὺς
1555 3758 1739 3834 ἐγγυη-

163 3847 260 3914 τὰς
283 3846 640 3921 κατέστησαν,
657 3845 745 3904 ἐπὶ
773 3843 888 3912 τοὺς
904 3843 1096 3911 ἵππους
1119 3843 1405 3912 ἀναὸάντες
1431 3842 1634 3924 ᾤχοντο
1669 3847 1740 3911 εἷς

163 3935 285 4005 τοὺς
334 3936 620 4012 πολεμίους
669 3933 1121 4014 αὐτομολήσαντες
1141 3979 1156 4008 ,
1209 3933 1582 4000 καταλιπόντες
1625 3929 1741 4000 τοὺς

101 4050 130 4090 ε
161 4025 428 4106 ἐγγυητὰς
462 4023 550 4092 οὓς
585 4023 690 4084 ἔδει
722 4032 828 4092 τοῖς
857 4025 1028 4091 αὐτοῖς
1063 4020 1332 4103 ἐνέχεσθαι
1361 4024 1414 4080 ἐν
1453 4013 1636 4102 οἷσπερ
1657 4019 1743 4088 οὓς

162 4115 529 4195 ἠγγυήσαντο.
581 4111 678 4194 (45)
715 4111 786 4174 ‘H
807 4113 861 4172 δὲ
889 4110 1050 4192 βουλὴ
1078 4111 1352 4180 ἐξελθοῦσα
1389 4113 1442 4170 ἐν
1463 4109 1742 4190 ἀπορρήτῳ

163 4203 460 4264 συνέλαὸεν
481 4207 624 4280 ἡμᾶς
649 4201 740 4262 καὶ
770 4200 952 4274 ἔδησεν
981 4203 1034 4260 ἐν
1056 4205 1162 4268 τοῖς
1193 4200 1375 4269 ξύλοις.
1458 4200 1743 4261 Ἀνακαλέ-

163 4317 356 4360 σαντες
407 4290 464 4350 δὲ
501 4295 619 4357 τοὺς
647 4288 966 4370 στρατηγοὺς
999 4294 1224 4348 ἀνειπεῖν
1271 4289 1549 4348 ἐκέλευσαν
1586 4288 1742 4359 Ἀθη-

162 4381 328 4439 ναίων
356 4379 483 4446 τοὺς
511 4378 606 4455 μὲν
631 4381 684 4437 ἐν
717 4377 864 4436 ἄστει
891 4379 1157 4444 οἰκοῦντας
1177 4377 1308 4436 ἰέναι
1337 4379 1405 4443 εἰς
1426 4375 1522 4449 τὴν
1549 4376 1743 4457 ἀγορὰν

165 4468 232 4526 viz
261 4469 408 4527 ὅπλα
437 4461 727 4538 λαθόντας,
750 4462 866 4532 τοὺς
894 4461 939 4523 δ’
967 4467 1018 4523 ἐν
1046 4468 1232 4546 μακρῷ
1263 4465 1424 4544 τείχει
1452 4469 1522 4532 εἰς
1547 4465 1606 4524 τὸ
1627 4469 1743 4538 Θη-

165 4566 322 4630 σεῖον,
353 4549 476 4622 roba
509 4547 555 4613 δ’
579 4558 632 4614 ἐν
662 4557 898 4634 Πειραιεῖ
915 4555 986 4620 εἰς
1011 4552 1105 4624 τὴν
1130 4552 1506 4631 Ἱπποδαμείαν
1533 4554 1744 4636 ἀγοράν,

165 4645 281 4714 τοὺς
323 4648 372 4705 δ’
413 4641 712 4725 ἱππεῖςέτι
738 4639 917 4723 νυκτὸς
945 4646 1179 4718 σημῆναι
1211 4646 1276 4722 τῇ
1316 4641 1565 4721 σάλπιγγι
1600 4641 1746 4714 ἥκειν

87 4756 134 4794 ιο
161 4739 232 4802 εἰς
262 4735 324 4792 τὸ
355 4731 650 4804 Ἀνάκειον,
681 4729 776 4801 τὴν
801 4728 854 4790 δὲ
881 4729 1078 4810 βουλὴν
1107 4731 1178 4796 εἷς
1199 4729 1477 4812 ἀκρόπολιν
1500 4728 1629 4790 ἰέναι
1650 4731 1747 4790 κά-

155 4831 240 4882 κεῖ
268 4822 576 4896 καθὲύδειν,
609 4818 730 4886 τοὺς
761 4817 816 4877 δὲ
846 4816 1121 4899 πρυτάνεις
1157 4821 1212 4878 ἐν
1239 4823 1307 4900 τῇ
1330 4819 1489 4900 θόλῳ.
1571 4822 1746 4892 Βοιω-

159 4912 242 4971 τοὶ
269 4914 326 4972 δὲ
356 4908 697 4986 πεπυσμένοι
743 4909 809 4965 τὰ
833 4906 1122 4988 πράγματα
1159 4905 1245 4965 ἐπὶ
1291 4915 1395 4974 τοῖς
1435 4907 1590 4988 ὁρίοις
1611 4900 1746 4980 ἦσαν

160 4996 655 5082 ἐξεστρατευμένοι.
738 4995 844 5056 Τὸν
883 4994 937 5055 δὲ
983 4999 1085 5055 τῶν
1127 4999 1302 5056 κακῶν
1347 4993 1543 5056 τούτων
1581 4995 1744 5056 αἴτιον

156 5088 478 5160 Διοκλείδην
509 5091 585 5154 ὥς
631 5087 848 5166 σωτῆρα
887 5085 1012 5146 ὄντα
1054 5090 1147 5157 τῆς
1189 5085 1388 5153 πόλεως
1418 5085 1504 5144 ἐπὶ
1540 5083 1744 5164 ζεύγους

153 5171 282 5258 ἦγον
305 5182 385 5247 εἰς
399 5177 466 5238 τὸ
487 5182 806 5257 πρυτανεῖον
825 5174 1264 5256 στεφανώσαντες,
1277 5174 1368 5236 καὶ
1382 5173 1602 5234 ἐδείπνει
1625 5175 1747 5233 ἐκεῖ.

230 5289 304 5330 ιε.
335 5270 574 5351 Πρῶτον
609 5262 710 5344 μὲν
741 5255 830 5328 οὖν
851 5269 1046 5340 ταῦτα,
1075 5255 1120 5325 ὦ
1145 5263 1324 5346 ἄνδρες
1336 5311 1357 5338 ,
1389 5262 1574 5324 ὁπόσοι
1601 5266 1746 5342 ὑμῶν

1803 645 2002 696 Teleclis
2018 646 2131 709 filii,
2162 647 2213 696 in
2240 647 2433 698 officina
2460 647 2656 698 ferraria
2677 647 2948 711 sedentem,
2967 647 3222 698 abduxisse
3248 661 3359 697 eum

1801 714 1854 764 in
1873 716 2040 766 fanum
2072 716 2307 780 Vulcani,
2336 718 2498 780 ibique
2528 716 2572 767 ei
2602 716 2780 766 dixisse
2800 731 2911 780 quaa
2934 731 3022 778 ego
3053 716 3190 767 vobis
3214 716 3361 766 modo

1802 787 2065 839 referebam
2078 824 2093 848 ,
2130 787 2263 850 quod
2298 788 2527 838 nimirum
2548 788 2632 838 illa
2657 789 2800 838 noete
2820 801 2911 837 nos
2944 788 3141 837 vidisset
3163 807 3175 837 ι
3206 799 3363 838 causae

1803 854 1892 905 sibi
1911 856 2031 907 nihil
2044 870 2163 919 esse,
2174 871 2300 907 cura
2313 857 2558 920 republica
2575 857 2741 908 mallet
2753 856 3005 921 pecuniam
3023 870 3169 920 quam
3183 870 3212 906 a
3227 857 3365 907 nobis

1804 927 2021 991 auferre,
2048 929 2313 992 proesertim
2340 929 2381 978 si
2403 931 2563 992 posset
2583 929 2752 978 eadem
2777 941 2923 992 opera
2940 929 3150 978 nostram
3169 941 3365 991 quoque

1803 996 1923 1046 inire
1944 999 2161 1060 gratiam.
2226 998 2531 1062 Euphemum
2552 999 2615 1050 ad
2632 1001 2741 1050 haec
2756 999 3011 1060 subja-ime
3023 1035 3039 1060 ,
3058 1001 3188 1048 recte
3210 999 3366 1048 facere

1805 1067 2070 1118 Dioclidem
2083 1068 2214 1133 quod
2226 1068 2371 1129 huius
2381 1070 2447 1120 rei
2462 1083 2515 1120 se
2527 1069 2779 1120 certiorem
2794 1069 2982 1120 fecisset
2992 1106 3007 1131 ‚
3022 1069 3367 1132 hortatumqne

1805 1135 1949 1186 fuisse
1977 1137 2151 1199 utiam
2180 1139 2345 1188 statim
2376 1153 2543 1188 secum
2560 1140 2623 1188 ad
2656 1139 2785 1189 aedes
2801 1143 3027 1202 Leogorae
3062 1137 3242 1199 adiret;
3266 1152 3366 1201 quo

1805 1205 1872 1256 ibi
1889 1208 2042 1270 possis
2053 1244 2068 1270 ,
2086 1207 2269 1272 inquit,
2288 1221 2481 1259 mecum
2494 1223 2633 1273 agere
2650 1223 2763 1260 cum
2790 1208 3034 1260 Andocide
3052 1210 3231 1258 etcum
3251 1209 3365 1258 reli-

1806 1276 1916 1338 quis
1934 1286 2143 1340 quorum
2168 1278 2381 1330 interest.
2448 1279 2547 1344 (41)
2572 1280 2668 1330 Sed
2694 1281 3004 1344 promittebat
3036 1278 3275 1329 Dioclides
3289 1278 3368 1329 die

1807 1347 2001 1409 postera
2026 1351 2287 1399 venturum
2311 1350 2533 1416 :venisse
2552 1347 2772 1415 quoque,
2790 1351 2975 1412 aiebat,
3000 1351 3051 1400 et
3069 1349 3279 1413 pultasse
3300 1350 3369 1400 so-

1806 1430 1884 1466 res
1913 1437 1926 1467 2
1948 1417 2013 1468 ibi
2032 1420 2219 1482 patrem
2238 1433 2404 1472 meum
2421 1422 2546 1472 forte
2572 1423 2765 1472 fortuna
2786 1423 3042 1472 exeuntem
3060 1420 3120 1470 ad
3138 1433 3217 1482 se,
3251 1419 3368 1470 Dio-

1807 1489 1981 1539 clidem
1994 1527 2009 1552 ,
2036 1489 2141 1540 baec
2158 1490 2335 1542 dixisse
2354 1512 2367 1542 ι
2390 1511 2417 1536 «ι
2440 1495 2550 1544 Jam
2566 1493 2754 1544 dudum
2766 1493 2887 1544 bite
2905 1493 3199 1556 exspectant.
3230 1491 3369 1541 Tales

1807 1559 1979 1623 utique
2008 1561 2189 1611 amicos
2204 1562 2446 1624 aspernari
2464 1562 2595 1614 haud
2620 1563 2864 1614 convenit.
2892 1581 2918 1607 ι»
2984 1562 3073 1612 His
3092 1573 3207 1610 cum
3229 1560 3369 1610 dictis

1809 1630 1980 1682 abiisse
2000 1634 2204 1696 patrem.
2241 1636 2345 1684 Hoc
2366 1633 2514 1685 modo
2532 1634 2773 1685 Dioclides
2783 1635 2969 1698 patrem
2985 1645 3149 1684 meum
3162 1644 3368 1701 pessum·

1809 1701 1976 1751 datum
2002 1702 2131 1766 ibat,
2159 1703 2453 1754 denuncians
2477 1717 2566 1768 pro
2594 1705 2785 1755 sceleris
2814 1704 3023 1754 conscio.
3088 1705 3185 1752 Nos
3206 1703 3369 1752 autem

1809 1771 1969 1821 aiebat
1980 1771 2069 1836 ipsi
2090 1772 2399 1824 confirmasse
2414 1811 2431 1837 ,
2455 1775 2704 1827 decretum
2721 1787 2751 1825 a
2772 1774 2910 1824 nobis
2926 1787 3029 1824 esse
3042 1810 3057 1835 ,
3076 1774 3134 1822 ut
3150 1785 3238 1835 pro
3256 1786 3369 1824 cen-

1809 1839 1919 1889 tum
1941 1838 2085 1890 minis
2100 1840 2163 1889 ab
2178 1839 2351 1890 aerario
2372 1842 2617 1904 promissis
2638 1843 2737 1892 duo
2755 1840 2980 1892 daremus
3000 1840 3209 1901 talenta3
3233 1839 3371 1903 cupi-

1811 1905 1969 1969 tisque
1986 1905 2028 1956 si
2043 1905 2325 1970 potiremur,
2356 1905 2496 1957 illum
2516 1909 2569 1959 in
2586 1909 2839 1970 collegium
2854 1909 3075 1956 nostrum
3093 1907 3372 1970 cooptatum

1812 1971 1872 2022 iri
1902 1992 1915 2022 ι
1938 1971 2136 2024 interim
2160 1982 2250 2022 nos
2274 1973 2325 2023 in
2356 1974 2641 2025 conditionis
2670 1973 2817 2024 iidem
2850 1971 3191 2035 iusiurandum
3222 1973 3273 2022 et
3300 1975 3373 2024 illi

1813 2036 2028 2090 dicturos
2056 2048 2161 2090 esse
2180 2041 2231 2088 et
2260 2039 2323 2088 ab
2346 2039 2429 2089 illo
2461 2041 2671 2091 vicissim
2699 2039 2972 2090 exacturos.
3038 2039 3136 2102 (42)
3170 2037 3242 2088 Ad
3268 2039 3375 2090 haec

1813 2104 1973 2155 aiebat
1986 2099 2225 2156 Dioclides
2245 2119 2297 2155 se
2327 2106 2649 2169 respondisse,
2666 2105 3044 2157 deliberaturum
3066 2117 3118 2154 se
3134 2117 3261 2168 esse;
3284 2118 3375 2156 nos

1813 2175 1977 2222 autem
1992 2173 2081 2236 ipsi
2098 2173 2347 2223 mandasse
2359 2210 2374 2236 ,
2396 2173 2518 2223 utin
2540 2174 2671 2224 aedes
2691 2173 2857 2223 Galliae
2874 2170 2961 2221 filii
2986 2169 3189 2221 Teleclis
3208 2170 3373 2223 nobis-

1813 2251 1929 2287 cum
1947 2239 2250 2302 conveniret,
2270 2251 2369 2301 quo
2387 2239 2533 2289 etiam
2553 2239 2636 2288 ille
2656 2238 2863 2300 adesset.
2925 2239 3031 2287 lloc
3046 2239 3192 2287 modo
3210 2251 3376 2288 rursus

1814 2305 1991 2354 sororis
2004 2314 2198 2368 quoque
2214 2317 2335 2355 meae
2354 2305 2583 2359 maritum
2599 2304 2798 2356 Calliam
2810 2301 3117 2368 pessumdare
3133 2301 3372 2356 studebat.

1819 2373 2111 2423 convenisse
2136 2371 2293 2422 aiebat
2316 2371 2381 2421 ad
2411 2371 2578 2422 Calliae
2594 2409 2609 2434 ,
2646 2373 2697 2421 et
2722 2384 2968 2422 assensum
2996 2383 3101 2422 esse
3135 2371 3376 2442 fidemque

1816 2437 1957 2488 nobis
1968 2451 2107 2490 suam
2118 2439 2349 2501 obligasse
2364 2439 2415 2488 in
2430 2438 2651 2501 Acropoli
2662 2475 2679 2500 ‚
2696 2439 2747 2488 et
2758 2451 2847 2489 nos
2864 2436 3071 2487 vicissim
3084 2437 3146 2488 de
3158 2437 3377 2489 mercede

1819 2508 1982 2569 pactos
1999 2519 2101 2557 esse
2120 2506 2211 2556 sub
2230 2507 2493 2568 ingressum
2511 2505 2719 2568 proximi
2734 2503 2910 2554 mensis
2925 2503 3233 2565 dependenda
3245 2542 3260 2568 ,
3275 2505 3377 2567 iam

1815 2584 1934 2620 vero
1952 2573 2240 2635 promissum
2266 2571 2509 2633 fefellisse,
2530 2570 2781 2634 pecuniam
2805 2570 3077 2624 condictam
3108 2571 3241 2622 haud
3260 2582 3379 2634 ιιι-ιιι·

1819 2638 2032 2753 stantes:
2054 2639 2305 2701 propterea
2328 2650 2381 2687 se
2402 2649 2535 2687 nunc
2554 2639 2615 2686 ad
2634 2639 2856 2688 senatum
2884 2635 3017 2687 adire
3038 2637 3164 2687 facta
3188 2637 3373 2688 indica-

1841 2716 1944 2752 um.

1881 2787 1960 2834 43.
1996 2787 2115 2835 Haec
2134 2784 2275 2848 sunt,
2300 2798 2333 2835 o
2350 2783 2439 2834 viri
2454 2821 2469 2848 ,
2492 2797 2602 2848 qum
2620 2782 2858 2834 Dioclides
2874 2783 2925 2832 in
2945 2784 3113 2833 senatu
3133 2783 3377 2846 prodidit:

1821 2868 2050 2928 praeterea
2062 2866 2270 2917 indicem
2288 2867 2507 2916 exhibuit
2526 2879 2694 2916 eorum
2707 2903 2723 2930 ,
2742 2878 2865 2928 quos
2880 2864 2973 2916 ista
2994 2866 3137 2916 nocte
3149 2873 3201 2916 se
3218 2867 3376 2917 nosci-

1821 2949 1949 2996 tasse
1966 2946 2123 2996 aiebat
2139 2947 2262 2995 duos
2284 2947 2333 2996 et
2356 2946 2696 3010 quadraginta3
2724 2949 2775 2997 et
2795 2946 2975 3010 primos
2995 2945 3191 3009 quidem
3207 2947 3380 2999 edebat

1823 3029 2143 3080 Mantitbeum
2174 3031 2321 3092 atque
2347 3029 2695 3093 Aphepsionem
2708 3067 2723 3092 ,
2756 3031 2999 3080 senatores
3020 3029 3071 3079 in
3104 3031 3235 3080 curia
3258 3033 3379 3082 assi-

1821 3109 1990 3159 dentes
2002 3145 2017 3170 ,
2030 3110 2139 3172 post
2155 3111 2315 3159 autem
2334 3109 2559 3172 reliquos.
2605 3111 2679 3162 lbi
2691 3112 2917 3164 Pisander
2928 3126 3081 3177 quum
3095 3113 3378 3164 assurrexis-

1822 3190 1924 3266 set,
1956 3191 2122 3238 auctor
2147 3189 2293 3239 fiebat
2313 3189 2527 3252 senatui,
2556 3191 2612 3241 ut
2633 3189 2881 3240 decretum
2902 3189 2991 3239 sub
3017 3190 3247 3242 archonte
3262 3197 3379 3244 Sca-

1825 3271 2044 3321 mandrio
2085 3271 2241 3321 latum
2285 3271 2602 3336 reminderet,
2658 3285 2813 3335 eoque
2860 3272 3013 3336 facto,
3067 3275 3309 3336 quotquot
3354 3289 3385 3325 a

1825 3356 2041 3408 Dioclide
2066 3357 2223 3406 essent
2251 3354 2512 3418 designati,
2531 3357 2581 3405 in
2600 3356 2862 3418 equuleum
2882 3357 3264 3421 imponerentur,
3286 3372 3383 3422 quo
3428 3361 3433 3364 '

1826 3439 1886 3489 de
1903 3439 2093 3489 sceleris
2110 3438 2409 3490 consortibus
2426 3437 2651 3488 omnibus
2678 3439 2791 3502 ante
2806 3439 2961 3489 noctis
2977 3438 3239 3490 adventum
3264 3453 3384 3490 con·
3462 3499 3470 3506 ¹

1825 3525 1988 3575 staret.
2052 3523 2387 3575 succlamabat
2418 3525 2636 3588 senatus,
2672 3536 2785 3573 eum
2830 3523 2963 3573 recta
2994 3509 3218 3576 ’suadet-«³4
3286 3524 3384 3589 (44)

1827 3607 2121 3658 Mantitheus
2158 3607 2323 3657 autem
2352 3605 2402 3656 et
2438 3604 2735 3669 Apbepsion,
2765 3605 2873 3656 istis
2910 3605 3113 3667 auditis,
3150 3606 3213 3653 ad
3252 3619 3385 3655 aram

1827 3689 1989 3736 vestae
2018 3683 2380 3747 confugiebant,
2400 3684 2547 3747 atque
2559 3683 2793 3747 supplices
2811 3683 3067 3746 rogabant,
3097 3685 3153 3734 ut
3170 3685 3384 3735 tormen-

1825 3767 1890 3816 tis
1913 3778 1976 3815 ne
1992 3764 2359 3827 subjicerentur,
2387 3762 2469 3813 sed
2488 3761 2845 3824 fidejussoribus
2868 3760 2992 3811 datis
3021 3761 3159 3811 liberi
3181 3762 3232 3812 in
3254 3761 3385 3824 ludi-

1829 3845 1961 3894 cium
1975 3843 2281 3892 vocarentur.
2348 3844 2487 3903 AEgre
2512 3839 2867 3902 impetrabant-2
2896 3837 3137 3888 dabantur
3158 3839 3345 3902 proedoe
3372 3861 3385 3890 a

1827 3922 1897 3972 illi
1924 3934 2037 3972 vero
2063 3921 2112 3971 in
2148 3931 2299 3984 equos
2326 3932 2379 3969 se
2405 3917 2747 3980 conjiciebant,
2776 3917 2937 3979 fugam
2966 3915 3299 3980 capessebant,
3326 3918 3388 3968 ad

1828 4003 1990 4052 hostes
2004 3998 2383 4063 transfugiebant
2394 4035 2409 4060 ,
2426 3997 2667 4048 destitutis
2684 3997 2914 4058 vadibus,
2928 4009 3052 4058 quos
3069 3995 3235 4046 iisdem
3252 4010 3388 4060 opor-

1830 4081 1964 4133 tebat
1984 4081 2137 4144 poenis
2154 4077 2324 4140 teneri,
2344 4077 2523 4140 quibus
2536 4076 2699 4126 vadati
2716 4076 3074 4125 damnarentur.
3124 4075 3223 4137 (45)
3238 4079 3387 4126 Sena-

1829 4161 1909 4210 tus
1928 4160 2117 4210 interim
2131 4157 2367 4219 digressus
2388 4154 2519 4204 curia
2540 4153 2664 4203 clam
2680 4166 2769 4202 nos
2783 4152 3015 4214 corripuit
3031 4153 3079 4201 et
3092 4152 3388 4214 compeditos

1830 4237 1891 4288 ad
1921 4238 2087 4300 cippos
2120 4233 2349 4296 alligavit.
2413 4231 2642 4293 strategis
2672 4233 2835 4279 autem
2860 4228 2910 4279 in
2940 4228 3123 4278 curiam
3154 4229 3390 4281 arcessitis

1829 4313 2148 4366 demandabat
2160 4313 2217 4362 ut
2228 4310 2601 4374 promulgarent,
2613 4307 2886 4371 quicunque
2895 4306 3193 4357 Atheniensis
3203 4306 3255 4357 in
3274 4307 3392 4359 urbe

1831 4394 2086 4455 habitaret,
2110 4395 2167 4443 ut
2187 4391 2227 4442 is
2250 4392 2300 4441 in
2320 4392 2475 4441 forum
2494 4389 2708 4438 armatus
2726 4387 3031 4450 conveniret,
3050 4388 3135 4450 qui
3156 4390 3320 4438 autem
3344 4385 3389 4440 in

1831 4473 1983 4536 longis
2002 4472 2182 4534 muris,
2210 4472 2266 4521 ut
2288 4469 2339 4519 in
2355 4469 2591 4518 Theseum
2606 4504 2620 4529 ,
2641 4467 2848 4529 denique
2880 4467 3047 4516 Piraeei
3067 4465 3235 4516 incolae
3263 4468 3319 4517 ut
3342 4467 3391 4516 in

1835 4550 2197 4615 Hippodamiam
2232 4549 2390 4600 forum
2422 4547 2632 4606 coirent3
2656 4544 2899 4608 equitibus
2932 4557 3077 4607 porro
3106 4545 3164 4594 ut
3202 4543 3392 4608 signum

1832 4630 1951 4681 tuba
1968 4628 2215 4684 darent-ad
2232 4623 2611 4677 conveniendum
2634 4624 2717 4674 illa
2736 4623 2837 4687 ipsa
2854 4622 3013 4672 adhuc
3032 4625 3175 4673 nocte
3182 4623 3252 4672 ‘ad
3272 4628 3392 4673 Ana·

1833 4723 2000 4772 ceum;
2034 4709 2227 4760 senatus
2266 4705 2528 4769 iubebatur
2562 4705 2613 4754 in
2650 4708 2823 4754 Arcem
2857 4702 3115 4754 ascendere
3144 4705 3291 4766 atque
3326 4703 3392 4752 ibi

1833 4788 2137 4852 pernoctare,
2162 4787 2385 4850 prytanes
2409 4785 2573 4833 autem
2591 4782 2639 4832 in
2658 4781 2828 4832 Tholo.
2894 4785 3029 4840 Quos
3054 4781 3216 4830 motus
3240 4779 3393 4830 Βαιοῑί

1833 4880 1985 4929 quum
2008 4864 2327 4927 accepissent,
2350 4861 2401 4912 in
2425 4861 2572 4912 armis
2588 4859 2651 4910 ad
2677 4861 2777 4922 agri
2800 4859 2950 4910 nostri
2972 4858 3179 4910 confinia
3196 4858 3393 4909 exibant

1834 4945 1996 5006 ibique
2015 4941 2333 4992 excubabant.
2399 4940 2595 4990 Interim
2626 4939 2871 4988 tantarum
2902 4937 3153 4988 turbarum
3182 4933 3389 4985 concito·

1834 5035 1939 5073 rem
1976 5019 2241 5071 Dioclidem
2254 5057 2268 5082 ,
2319 5018 2471 5068 veluti
2516 5017 2849 5080 sospitatorem
2892 5013 3097 5064 civitatis
3128 5011 3393 5062 carrhucha

1835 5104 2029 5153 vectum
2046 5101 2096 5151 in
2118 5101 2407 5163 Prytaneum
2426 5096 2755 5160 arcessebant,
2776 5095 2841 5146 ibi
2860 5091 3211 5154 coronandum
3236 5103 3391 5141 coena-

1835 5185 2015 5246 batque
2033 5195 2146 5232 cum
2172 5181 2466 5244 prytanibus.

1898 5277 1975 5323 46.
2010 5270 2227 5322 Primum
2244 5269 2441 5334 quidem
2458 5269 2591 5333 haec,
2619 5267 2709 5319 viri
2724 5303 2741 5330 ,
2760 5264 2897 5316 vobis
2917 5261 3006 5326 ipsi
3031 5258 3093 5310 ad
3114 5261 3393 5312 memoriam
