3825 5842
485 385 601 439 228

480 520 514 575 ἃ
557 518 678 597 περὶ
725 526 832 585 τοῖς
871 516 1112 595 σώμασιν
1163 518 1342 597 ἔχουσι
1389 526 1740 599 περισπῶντες
1758 568 1776 595 ,
1815 520 1941 583 ὥσθ’
1976 524 2033 589 ἃς

480 606 732 686 πρότερον
759 604 877 664 οὐδὲ
903 606 1302 680 κεκοσμημένας
1332 600 1394 681 ἦν
1428 610 1556 667 ἰδεῖν.
1589 613 1694 676 τοῖς
1723 611 2034 689 ἀλλοτρίοις,

479 692 673 759 ταύτας
701 694 804 753 ὑπὸ
830 696 1039 753 πολλῶν
1069 699 1288 775 ὁρᾶσθαι
1308 698 1538 774 γυμνάς,
1559 700 1696 766 ἐνίας
1724 702 1770 759 δ’
1791 702 1963 759 αὐτῶν
1984 704 2034 759 ἐν

485 784 670 859 ῥάκεσι
696 781 1156 862 περιφθειρομένας
1186 784 1250 843 δι’
1279 785 1478 844 ἔνδειαν
1507 793 1610 847 τῶν
1635 788 1952 865 ἀναγκαίων.

385 883 412 923 Ι·
562 892 630 931 tt.
676 870 845 947 ’Υπὲρ
885 863 958 930 ὧν
1005 872 1166 931 πολὺν
1207 873 1310 945 ἤδη
1340 875 1524 952 χρόνον
1565 878 1881 953 γιγνομὲνων
1920 876 2035 934 οὔτε

479 962 626 1026 πόλις
655 962 872 1035 οὐδεμία
897 966 1000 1019 τῶν
1021 960 1340 1041 προεστάναι
1362 966 1464 1019 τῶν
1491 962 1762 1033 Ἑλλήνων
1787 962 2036 1030 ἀξιουσῶν

477 1050 862 1127 ἠγανάκτησεν,
875 1048 981 1107 οὔτ’
998 1050 1132 1127 ἀνὴρ
1143 1052 1248 1107 τῶν
1273 1049 1642 1126 πρωτευόντων
1660 1051 1823 1117 οὐδεὶς
1838 1052 2037 1129 βαρέως

477 1137 692 1212 ἤνεγκε,
718 1136 857 1207 πλὴν
889 1140 916 1194 ὁ
944 1136 1030 1203 σὸς
1067 1136 1270 1214 πατήρ·
1304 1139 1458 1212 μόνος
1497 1138 1600 1217 γὰρ
1629 1138 1934 1215 Ἀγησίλαος
1963 1130 2034 1197 ὧν

476 1232 630 1296 ἡμεῖς
657 1226 808 1299 ἴσμεν
829 1270 846 1295 ,
875 1226 1142 1299 ἐπιθυμῶν
1175 1224 1384 1283 ἅπαντα
1423 1227 1508 1284 τὸν
1551 1226 1737 1304 χρόνον
1777 1227 2033 1284 διετέλεσε

374 1326 420 1361 ¹⁰
477 1315 592 1379 τοὺς
616 1313 710 1389 μὲν
739 1314 1010 1382 ἽΞλληνας
1039 1314 1411 1393 ἰλευθερῶσαι,
1441 1313 1568 1392 πρὸς
1597 1314 1654 1373 δὲ
1681 1313 1800 1380 τοὺς
1831 1316 2033 1395 βαρὸά-

478 1423 590 1477 ρους
618 1402 846 1476 πόλεμον
877 1402 1176 1475 ἐξενεγκεῖν.
1259 1406 1342 1463 Οὐ
1364 1403 1468 1480 μὴν
1495 1403 1634 1462 ἀλλὰ
1664 1405 1900 1469 κάκεῖνος
1930 1404 2036 1469 ἑνὸς

477 1486 784 1564 πράγματος
803 1488 1110 1569 διήμαρτεν.
1156 1492 1176 1568 (
1187 1490 1258 1571 12)
1317 1492 1420 1551 Καὶ
1447 1492 1519 1567 μὴ
1547 1492 1821 1569 θαυμάσῃς
1847 1494 1890 1549 εἶ
1909 1491 2035 1570 πρὸς

475 1576 532 1633 σὲ
558 1576 920 1653 διαλεγόμενος
948 1576 1320 1653 μνησθήσομαι
1347 1582 1449 1636 τῶν
1473 1581 1564 1636 οὔκ
1590 1582 1749 1657 ὀρθῶς
1767 1582 1856 1637 ὑπ’
1878 1580 2034 1636 αὐτοῦ

475 1664 836 1741 γνωσθέντων·
883 1663 1114 1741 εἴθισμαί
1169 1688 1226 1722 τε
1281 1666 1382 1745 γὰρ
1433 1666 1570 1745 μετὰ
1615 1666 1910 1746 παρρησίας
1956 1666 2035 1725 ἀεὶ

369 1772 416 1809 tt,
475 1758 737 1811 ποιεῖσθαι
766 1751 885 1819 τοὺς
911 1753 1091 1831 λόγους
1108 1798 1124 1827 ,
1147 1752 1238 1811 καὶ
1265 1753 1512 1830 δεξαίμην
1541 1753 1603 1813 ἂν
1635 1754 1847 1820 δικαίως
1871 1756 2036 1811 ἐπιτι·

474 1840 648 1914 μήσας
681 1841 1002 1919 ἀπέχθεσθαι
1033 1844 1232 1919 μᾶλλον
1261 1841 1295 1908 ἢ
1319 1840 1464 1921 παρὰ
1487 1842 1549 1900 τὸ
1585 1846 1849 1922 προσῆκον
1880 1844 2034 1899 ἐπαι-

474 1929 625 1995 νέσας
654 1930 994 2008 χαρίσασθαι.
1080 1930 1172 2008 (13)
1200 1930 1278 1991 Τὸ
1309 1929 1401 2005 μὲν
1444 1922 1530 1989 οῦν
1575 1931 1699 2005 ἐμὸν
1729 1932 1887 1996 οὕτως
1915 1930 2035 2010 ἔχον

473 2018 642 2090 ἐστίν,
665 2022 855 2085 ἐκεῖνος
880 2022 924 2075 δ’
947 2020 1000 2075 ἐν
1027 2027 1156 2075 πᾶσι
1181 2028 1286 2085 τοῖς
1310 2022 1484 2085 ἄλλοις
1511 2018 1813 2093 διενεγκών,
1834 2020 1925 2077 καὶ
1952 2042 2037 2095 γε·

473 2106 686 2182 νόμενος
706 2108 1115 2185 ἐγκρατέστατος
1131 2106 1220 2164 καὶ
1236 2107 1564 2173 δικαιότατος
1584 2109 1674 2166 καὶ
1690 2109 2038 2166 πολιτικώτα-

363 2213 413 2252 28
471 2217 588 2269 τος,
642 2194 816 2261 διττὰς
863 2195 1017 2273 ἔσχεν
1069 2195 1375 2269 ἐπιθυμίας,
1425 2196 1584 2275 χωρὶς
1643 2195 1737 2271 μὲν
1785 2196 2035 2273 ἑκατέραν

473 2280 638 2353 καλὴν
680 2274 814 2340 εἶναι
859 2284 1148 2355 δοκοῦσαν,
1181 2285 1240 2341 οὖ
1284 2283 1661 2363 συμφωνούσας
1704 2286 1750 2341 δ’
1781 2283 2036 2353 ἀλλήλαις

472 2372 579 2428 οὐδ’
606 2369 720 2445 ἅμα
749 2370 1071 2449 πράττεσθαι
1093 2369 1398 2448 δυναμένας·
1425 2370 1678 2441 ἠὸούλετο
1697 2372 1798 2449 γὰρ
1825 2372 2034 2449 βασιλεῖ

469 2483 525 2518 τε
553 2462 821 2536 πολεμεῖν,
847 2458 937 2517 καὶ
960 2462 1064 2517 τῶν
1091 2459 1254 2537 φίλων
1274 2457 1390 2527 τοὺς
1420 2460 1702 2540 φεύγοντας
1729 2464 1799 2526 εἰς
1818 2458 1910 2525 τὰς
1940 2460 2034 2517 πό-

470 2542 576 2616 λεις
603 2556 920 2625 καταγαγεῖν
950 2548 1038 2605 καὶ
1067 2546 1273 2626 κυρίους
1304 2553 1634 2617 καταστῆσαι
1659 2551 1761 2605 τῶν
1789 2550 2036 2625 πραγμά-

362 2654 412 2691 25
470 2660 592 2695 των.
687 2636 784 2717 (14)
803 2635 1116 2695 Συνέὸαινεν
1140 2628 1227 2694 οἶν
1255 2638 1314 2693 ἐκ
1337 2636 1429 2711 μὲν
1455 2641 1547 2707 τῆς
1566 2635 1931 2715 πραγματείας
1946 2640 2034 2705 τῆς

474 2726 603 2803 ὑπὲρ
634 2729 739 2783 τῶν
782 2726 1001 2804 ἑταίρων
1033 2727 1086 2783 ἐν
1129 2725 1310 2790 κακοῖς
1339 2725 1426 2783 καὶ
1455 2726 1707 2789 κινδύνοις
1741 2715 1873 2782 εῖναι
1918 2722 2034 2791 τοὺς

467 2813 767 2889 θΕλληνας,
801 2812 886 2873 διὰ
911 2815 964 2873 δὲ
994 2814 1088 2886 τὴν
1117 2812 1356 2891 ταραχὴν
1385 2814 1480 2885 τὴν
1512 2814 1689 2871 ἐνθάδε
1719 2812 2032 2889 γιγνομένην

472 2902 546 2977 μὴ
575 2902 771 2983 σχολὴν
807 2903 951 2980 ἄγειν
981 2904 1114 2979 μηδὲ
1145 2895 1394 2961 δύνασθαι
1420 2906 1669 2979 πολεμεῖν
1697 2910 1802 2968 τοῖς
1830 2901 2031 2982 βαρὸά-

471 3015 594 3070 ροις.
669 2987 914 3053 εὨστέἶκ
938 2994 1038 3049 τῶν
1062 2990 1414 3069 ἀγνοηθέντων
1445 2990 1560 3047 κατ’
1577 2992 1770 3047 ἐκεῖνον
1800 2990 1886 3048 τὸν
1910 2989 2033 3068 χρό-

361 3101 414 3140 ³0
469 3104 553 3139 νον
597 3078 770 3160 ῥᾴδιον
800 3086 1125 3155 καταμαθεῖν
1157 3080 1236 3139 ὅτι
1268 3078 1347 3135 δεῖ
1379 3078 1496 3144 τοὺς
1527 3080 1688 3155 ὀρθῶς
1721 3078 2032 3155 βουλευομέ·

469 3190 582 3232 νους
603 3168 676 3244 μὴ
703 3168 953 3247 πρότερον
974 3168 1207 3249 ἐκφέρειν
1232 3167 1359 3245 πρὸς
1381 3166 1604 3246 βασιλέα
1629 3166 1883 3244 πόλεμον,
1905 3167 2029 3243 πρὶν

469 3252 530 3311 ἂν
562 3254 812 3333 διαλλάξῃ
849 3279 930 3322 τις
959 3254 1074 3321 τοὺς
1093 3255 1367 3326 Ἕλληνας
1393 3256 1482 3313 καὶ
1511 3258 1690 3333 παύσῃ
1722 3260 1815 3325 τῆς
1845 3256 2033 3329 μανίας

469 3340 559 3399 καὶ
589 3346 682 3412 τῆς
711 3342 998 3423 φιλονικίας
1025 3348 1186 3417 ἡμᾶς.
1277 3342 1406 3422 Περὶ
1438 3335 1510 3401 ὧν
1537 3342 1639 3421 ἐγὼ
1668 3343 1756 3400 καὶ
1782 3343 2030 3422 πρότερον

469 3429 654 3509 εἴρηκα
688 3431 776 3489 καὶ
807 3437 895 3491 νῦν
929 3432 1221 3507 ποιήσομαι
1250 3430 1368 3498 τοὺς
1397 3432 1604 3509 λόγους.

362 3544 414 3582 :35
551 3539 616 3577 15.
669 3519 856 3579 Καίτοι
897 3518 1032 3587 τινὲς
1069 3524 1172 3577 τῶν
1209 3521 1451 3596 οὐδεμιᾶς
1479 3520 1573 3595 μὲν
1605 3519 1842 3586 παιδείας
1874 3542 2030 3597 μετε-

469 3605 760 3683 σχηκότων,
776 3606 1024 3664 δύνασθαι
1049 3606 1102 3663 δὲ
1124 3607 1384 3665 παιδεύειν
1406 3608 1521 3673 τοὺς
1546 3607 1730 3673 ἄλλους
1753 3610 2031 3685 ὑπισχνου-

469 3699 672 3770 μένων,
718 3694 809 3753 ml
853 3694 1029 3775 ψέγειν
1061 3695 1155 3769 μὲν
1189 3696 1336 3771 τάμὰ
1371 3692 1721 3767 τολμώντων,
1756 3698 2029 3769 μιμεῖσθαι

469 3785 522 3844 δὲ
543 3786 869 3866 γλιχομένων
887 3829 903 3856 ,
921 3779 1037 3864 τάχ’
1054 3784 1118 3841 ἂν
1141 3784 1333 3861 μανίαν
1359 3774 1491 3841 εἶναι
1513 3780 1730 3860 φήσαιεν
1767 3782 1824 3839 τὸ
1856 3782 2030 3859 μέλειν

469 3875 584 3951 ἐμοὶ
614 3879 715 3933 τῶν
743 3878 836 3944 τῆς
862 3871 1119 3940 Ἑλλάδος
1163 3876 1476 3953 συμφορῶν,
1510 3870 1690 3949 ὥσπερ
1719 3870 1864 3948 παρὰ
1912 3868 2029 3935 τοὺς

361 3986 413 4023 ιο
469 3964 623 4039 ἐμοὺς
641 3962 823 4040 λόγους
845 3962 880 4032 ἢ
907 3962 1106 4041 βέλτιον
1133 3960 1163 4031 ἢ
1186 3966 1362 4041 χεῖρον
1385 3960 1546 4029 αὐτὴν
1573 3958 1889 4037 πράξουσαν.
1918 3944 2029 4016 'nv

469 4053 682 4117 δικαίως
708 4050 768 4109 ἂν
791 4051 1019 4117 ἅπαντες
1038 4049 1238 4119 πολλὴν
1260 4047 1540 4128 ἀνανδρίαν
1563 4046 1651 4105 καὶ
1675 4044 2029 4125 μικροψυχίαν

467 4147 802 4216 καταγνοῖεν,
832 4139 910 4196 ὅτι
945 4136 1386 4214 προσποιούμενοι
1415 4138 1712 4215 φιλοσοφεῖν
1753 4135 1900 4191 αὐτοὶ
1934 4131 2027 4209 μὲν

470 4228 555 4287 ἐπὶ
579 4231 780 4305 μικροῖς
802 4229 1216 4307 φιλοτιμοῦνται,
1241 4229 1349 4291 τοῖς
1381 4223 1434 4282 δὲ
1462 4223 1760 4299 δυναμένοις
1782 4222 1902 4299 περὶ
1925 4225 2029 4278 τῶν

471 4318 730 4393 μεγίστων
763 4315 1136 4389 συμὸουλεύειν
1166 4318 1472 4392 φθονοῦντες
1503 4312 1841 4369 διατελοῦσιν.
1928 4312 2027 4387 (16)

361 4436 412 4472 ⁴5
469 4398 632 4465 Οὗτοι
661 4403 755 4479 μὲν
784 4396 872 4461 οῦν
907 4408 1211 4483 βοηθοῦντες
1250 4410 1362 4465 ταῖς
1409 4402 1578 4457 αὑτῶν
1623 4396 1910 4461 ἀσθενείαις
1940 4398 2027 4454 καὶ

473 4492 746 4574 ῥᾳθυμίαις
775 4490 898 4557 ἴσως
921 4494 1118 4549 τοιαῦτ’
1147 4495 1365 4569 ἐροῦσιν·
1389 4487 1492 4565 ἐγὼ
1512 4489 1555 4545 δ’
1578 4485 1736 4551 οὕτως
1761 4484 1842 4543 ἐπ’
1865 4488 2029 4560 ἐμαυ-

467 4586 543 4663 τῷ
573 4583 710 4661 μέγα
741 4584 945 4659 φρονῶ,
983 4576 1173 4658 καίπερ
1205 4581 1294 4649 ἔτη
1329 4575 1553 4654 γεγονὼς
1589 4575 1905 4652 ὀγδοήκοντα
1938 4574 2029 4631 καὶ

470 4671 804 4728 παντάπασιν
853 4666 1180 4746 ἀπειρηκώς,
1209 4664 1334 4723 ὥστ’
1361 4654 1511 4741 οἶμαι
1553 4664 1642 4721 καὶ
1693 4661 1864 4737 λέγειν
1912 4661 2029 4731 ἐμοὶ

469 4762 754 4844 προσήκειν
785 4760 1018 4837 μάλιστα
1047 4757 1167 4836 περὶ
1195 4755 1389 4813 τούτων
1413 4753 1501 4813 καὶ
1541 4754 1714 4818 καλῶς
1753 4751 2026 4830 βεὸουλεῦ-

364 4890 418 4928 00
473 4858 593 4911 σθαι
629 4850 762 4929 πρὸς
791 4847 848 4907 σὲ
879 4846 1186 4923 ποιούμενον
1214 4842 1332 4909 τοὺς
1371 4842 1582 4921 λόγους,
1611 4840 1700 4899 καὶ
1740 4839 1896 4917 τυχὸν
1932 4842 2027 4897 ἀπ’

473 4942 642 4999 αὐτῶν
671 4937 980 5015 γενήσεσθαί
1007 4960 1058 4993 τι
1085 4938 1189 4991 τῶν
1219 4932 1456 4991 δεόντων.
1547 4930 1644 5008 (17)
1673 4928 1940 5007 Ἣγοῦμαι
1976 4926 2029 4985 δὲ

474 5029 566 5086 καὶ
593 5024 714 5092 τοὺς
737 5028 926 5093 ἄλλους
948 5024 1220 5096 Ἓλληνας
1253 5025 1299 5080 εἰ
1323 5020 1551 5093 δεήσειεν
1580 5014 1759 5081 αὐτοὺς
1781 5016 1831 5083 ἐξ
1861 5014 2031 5073 ἁπάν-

475 5142 576 5174 των
604 5116 908 5183 ἐκλέξασθαι
939 5112 1027 5172 τόν
1053 5136 1109 5171 τε
1133 5114 1208 5191 τῷ
1236 5110 1376 5190 λόγῳ
1399 5108 1637 5168 κάλλιστ’
1662 5104 1722 5163 ἂν
1750 5103 2028 5172 δυνηθέντα

477 5202 846 5281 παρακαλέσαι
892 5202 1008 5267 τοὺς
1046 5196 1316 5271 ’Έλληνας
1358 5200 1441 5257 ἐπὶ
1471 5195 1564 5267 τὴν
1605 5200 1705 5253 τῶν
1742 5190 2022 5271 βαρῧάρων

1539 385 2035 446 ΙΣΟΚΡΑΤΟΥΣ
2079 386 2513 451 ΕΠΙΣΤΟΛΑΙ.
2564 395 2637 453 Θ.

2124 534 2343 597 ipsarum
2366 551 2585 601 corpora,
2608 546 2665 591 ut
2689 554 2812 604 quas
2830 546 2975 593 antea
2992 558 3055 595 ne
3071 548 3271 597 ornatas
3294 549 3491 612 quidem
3512 551 3699 603 videre

2126 628 2351 686 poterant
2378 627 2545 689 alieni,
2578 630 2658 679 hae
2679 629 2781 691 jam
2808 632 2953 681 nudae
2982 648 3013 683 a
3040 636 3213 685 multis
3240 638 3631 701 conspiciantur,
3647 646 3701 690 et.

2126 724 2295 761 earum
2314 716 2562 767 nonnullae
2584 716 2633 766 in
2652 719 2829 769 vilibus
2850 724 3020 784 pannis
3034 762 3047 785 ,
3072 723 3136 772 ob
3158 726 3555 776 necessariorum
3582 728 3697 777 ino-

2124 799 2255 859 piam
2270 838 2284 859 ,
2314 806 2526 863 pereant.

2194 890 2266 935 11.
2296 892 2420 945 Quae
2434 902 2587 951 quum
2602 894 2739 942 tanto
2747 894 2849 956 jam
2864 901 3087 959 tempore
3104 900 3233 947 mala
3250 900 3539 961 perdurent,
3558 903 3693 952 nulla

2126 985 2289 1035 tamen
2314 986 2489 1037 civitas
2513 1002 2575 1037 ex
2600 988 2661 1038 iis
2683 1002 2795 1051 quaa
2826 994 3112 1043 Graecorum
3136 996 3398 1059 imperium
3420 998 3693 1055 affectant,

2126 1095 2283 1145 neque
2312 1083 2387 1132 vir
2408 1087 2583 1149 aliquis
2604 1102 2659 1137 ex
2684 1090 2887 1139 (ἔτεσι-,ἰῶ
2912 1092 3241 1156 principibus,
3266 1095 3531 1145 meles-tius
3550 1097 3693 1157 tulit,

2126 1184 2451 1244 praeterquam
2480 1189 2599 1235 tuus
2632 1200 2808 1249 parens
2843 1206 2853 1235 :
2886 1188 3020 1238 solus
3046 1190 3176 1239 enim
3218 1192 3475 1255 Agesilaus
3518 1208 3689 1243 eorum

2124 1292 2250 1341 quos
2266 1280 2509 1341 novimus,
2524 1283 2573 1331 in
2594 1297 2769 1347 magno
2794 1298 2987 1349 semper
3006 1288 3129 1337 vixit
3145 1287 3409 1349 desideriO,
3424 1294 3535 1340 tum
3554 1294 3679 1341 Grae-

2128 1379 2279 1426 cosin
2302 1379 2577 1429 libertatem
2598 1381 2892 1443 vindicandi,
2917 1389 3023 1432 tum
3047 1384 3161 1433 belli
3192 1386 3411 1435 barbaris
3428 1388 3679 1437 interemti.

2126 1475 2223 1531 Qui
2240 1478 2404 1526 tamen
2422 1482 2473 1527 et
2492 1478 2596 1541 ipse
2617 1479 2664 1527 in
2684 1493 2736 1529 re
2754 1494 2849 1529 una
2868 1480 3093 1532 aberrare
3112 1483 3249 1533 risus
3267 1490 3358 1535 est.
3398 1488 3501 1550 (12)
3524 1490 3687 1551 Neque

2124 1574 2315 1624 mireris
2334 1575 2496 1635 velim,
2519 1577 2578 1635 si,
2602 1581 2767 1627 tecum
2793 1592 2881 1641 ego
2907 1578 3167 1640 disseren8‚
3192 1595 3363 1631 eorum
3388 1584 3691 1635 mentionem

2126 1671 2301 1720 faciam
2323 1686 2432 1735 quae
2474 1673 2635 1722 minus
2674 1675 2755 1723 ille
2780 1680 2912 1724 recte
2940 1678 3094 1725 sensit
3117 1696 3129 1724 :
3156 1691 3269 1727 nam
3297 1682 3347 1729 et
3368 1678 3531 1730 libere
3560 1682 3685 1745 loqui

2128 1782 2319 1831 semper
2342 1770 2503 1827 seim,
2525 1774 2576 1819 et
2600 1771 2765 1821 malim
2785 1772 2848 1820 ob
2863 1772 3047 1833 iustam
3064 1774 3493 1837 reprehensionem
3521 1779 3691 1829 odium

2126 1867 2375 1917 incurrere
2401 1869 2567 1931 potius
2589 1882 2737 1931 quam
2762 1883 2848 1932 per
2870 1870 3164 1921 immeritam
3184 1871 3380 1923 laudem
3402 1876 3691 1937 gratificari.

2130 1965 2229 2027 (13)
2250 1968 2365 2013 llaec
2385 1965 2535 2029 igitur
2548 1969 2625 2015 est,
2642 1980 2751 2015 mea
2774 1966 2915 2016 ratio.
2982 1970 3308 2021 Ceterumille
3322 1972 3471 2033 quiin
3488 1974 3697 2037 reliquis

2126 2060 2352 2109 omuibus
2376 2060 2641 2123 superabat
2664 2060 2812 2121 alios,
2837 2060 3069 2124 idemque
3091 2068 3197 2113 erat
3219 2066 3433 2116 maxime
3449 2069 3625 2131 justus
3648 2074 3699 2119 et

2126 2162 2401 2220 temperans
2421 2172 2479 2206 ac
2502 2171 2663 2206 rerum
2684 2158 3007 2220 gerendarum
3034 2161 3232 2222 perituS,
3254 2162 3429 2211 habuit
3446 2162 3581 2214 duas
3604 2179 3695 2215 cu·

2124 2254 2355 2318 piditates
2370 2291 2383 2313 ,
2410 2254 2694 2316 praeclaram
2712 2259 2977 2316 utramque
3000 2269 3235 2316 seorsum,
3258 2256 3347 2307 sed
3368 2273 3469 2307 non
3486 2261 3624 2315 inter
3644 2276 3709 2312 se

2126 2352 2501 2411 consentiente8‚
2522 2366 2613 2401 nec
2630 2352 2737 2413 ejus
2755 2356 2947 2414 generis
2968 2368 3079 2416 quae
3095 2354 3239 2404 simul
3258 2356 3459 2407 confieri
3482 2361 3701 2421 possint,

2125 2451 2291 2504 Quum
2310 2450 2438 2498 enim
2459 2452 2510 2498 et
2529 2449 2625 2513 regi
2646 2450 2905 2499 Persarum
2923 2450 3109 2501 bellum
3128 2452 3327 2513 inferre,
3352 2457 3403 2503 et
3422 2456 3613 2505 amicos
3628 2458 3705 2507 ah
3800 2480 3802 2541 γ

2124 2544 2271 2594 exilio
2282 2546 2329 2593 in
2340 2546 2547 2607 patriam
2561 2559 2590 2608 q
2599 2560 2807 2609 nemque
2817 2561 2959 2596 suam
2972 2549 3232 2599 restituere
3242 2563 3298 2598 ac
3308 2563 3513 2599 summat
3524 2566 3701 2602 rerum

2124 2643 2376 2703 praeficere
2418 2644 2744 2703 decrevisset,
2774 2646 2872 2707 (14)
2902 2645 3077 2703 tiebat,
3107 2646 3227 2695 dum
3260 2646 3432 2695 amieis
3463 2647 3703 2698 studeret

2124 2740 2413 2805 inipensiu5‚
2441 2744 2499 2789 ut
2526 2744 2576 2791 et
2600 2740 2760 2791 Graeci
2791 2740 2839 2789 in
2862 2742 3002 2791 malis
3026 2756 3085 2791 ac
3106 2741 3247 2791 bellis
3276 2748 3605 2806 versarentur,
3636 2748 3699 2793 et

2123 2838 2225 2899 ipse
2268 2839 2464 2901 propter
2491 2839 2763 2887 tumultum
2800 2838 2884 2887 hie
2916 2839 3215 2898 excitatum,
3239 2840 3479 2903 pugnandi
3510 2844 3703 2891 contra

2122 2930 2355 2979 barbaros
2378 2929 2533 2978 otium
2552 2932 2601 2978 et
2622 2930 2905 2978 tacultatem
2934 2944 3033 2978 non
3056 2929 3275 2979 haberet.
3341 2933 3497 2987 Quare
3516 2944 3583 2978 ex
3602 2931 3699 2981 his

2124 3040 2235 3090 quae
2258 3027 2342 3075 illo
2372 3029 2587 3089 tempore
2612 3030 2773 3077 errata
2812 3032 2950 3086 sunt,
2978 3028 3119 3077 facile
3159 3027 3436 3090 intelligitur
3454 3042 3569 3077 eum
3598 3031 3701 3091 qui

2124 3131 2256 3178 recte
2274 3128 2425 3178 rebus
2442 3130 2723 3179 consultum
2737 3129 2873 3190 velit,
2889 3142 2986 3177 non
3006 3129 3143 3191 prius
3164 3129 3269 3190 regi
3292 3128 3483 3179 Persico
3499 3128 3703 3178 bellum

2122 3226 2303 3274 inferre
2314 3226 2511 3285 debere,
2528 3240 2676 3288 quam
2688 3228 2884 3275 Graecos
2896 3225 3238 3285 reconciliarit,
3252 3225 3547 3287 illorumque
3558 3225 3701 3273 hune

2125 3324 2343 3373 furorem
2362 3328 2412 3374 et
2429 3324 2744 3373 ambitionem
2768 3324 2893 3372 hanc
2915 3324 3291 3387 compescuerit.
3326 3327 3439 3381 Qua
3462 3324 3529 3373 de
3554 3338 3615 3373 re
3638 3328 3703 3373 ut

2121 3426 2242 3475 alias
2266 3424 2418 3473 verba
2448 3421 2567 3479 teci,
2590 3421 2659 3470 ita
2680 3434 2811 3469 nunc
2833 3433 3031 3481 quoque
3055 3420 3249 3469 faciam.

2190 3524 2261 3567 15.
2298 3520 2363 3567 At
2379 3516 2511 3566 enim
2532 3515 2733 3579 quidam
2758 3528 2815 3563 ex
2836 3515 2898 3564 iis
2916 3514 3001 3576 qui
3024 3514 3144 3563 alios
3160 3512 3335 3562 docere
3354 3526 3408 3561 se
3420 3526 3571 3575 posse
3585 3513 3699 3577 pol-

2122 3610 2348 3667 licentur,
2370 3621 2525 3670 quum
2554 3609 2655 3656 sint
2673 3606 2766 3670 ipsi
2784 3606 3019 3655 doctrinm
3046 3605 3203 3653 omnis
3226 3608 3481 3667 experteS,
3504 3606 3695 3667 quique

2120 3726 2229 3761 mea
2254 3708 2437 3769 scripta
2461 3716 2664 3767 carpere
2692 3701 2879 3751 audent
2894 3741 2909 3763 ,
2926 3713 3034 3763 quae
3052 3703 3213 3775 tamen
3240 3698 3430 3748 imitari
3447 3701 3691 3766 gestiunt¹

2120 3804 2215 3854 hoc
2238 3801 2462 3853 amentiae
2486 3801 2647 3849 forsan
2674 3797 2977 3855 adscribant,
2994 3792 3129 3857 quod
3151 3794 3359 3842 Graeciae
3381 3792 3696 3842 calamitates

2120 3910 2209 3959 ego
2222 3907 2395 3944 curare
2409 3892 2659 3956 profitear,
2670 3888 2811 3952 quasi
2828 3900 2913 3952 per
2922 3900 3081 3936 meam
3092 3885 3361 3934 orationem
3374 3884 3557 3935 melius
3574 3898 3693 3934 cum

2121 3989 2201 4040 illa
2218 3990 2298 4053 agi
2316 3989 2547 4052 deinceps
2568 3986 2721 4049 possit
2738 3987 2830 4033 aut
2846 3982 3079 4032 deterius.
3148 3983 3247 4043 (16)
3266 3982 3492 4037 Quorum
3508 3979 3695 4028 merito

2120 4096 2236 4134 sane
2250 4082 2481 4146 pusillum
2492 4080 2635 4129 nimis
2644 4092 2702 4127 ac
2712 4090 2883 4141 parum
2898 4074 3091 4123 virilem
3102 4074 3319 4122 animum
3331 4084 3504 4120 omnes
3524 4084 3693 4134 repres-

2120 4176 2361 4233 hendant,
2380 4170 2513 4237 quod
2537 4184 2589 4219 se
2606 4173 2840 4230 tanquam
2862 4170 3080 4215 oratores
3093 4164 3399 4227 jactitanteS‚
3424 4166 3475 4212 et
3496 4162 3595 4224 ipsi
3624 4162 3688 4210 ob

2118 4280 2270 4333 parra
2292 4266 2578 4329 glorientur,
2596 4266 2645 4311 et
2664 4261 2771 4310 aliis
2788 4258 2873 4321 qui
2891 4259 2953 4308 de
2968 4256 3237 4320 majoribus
3246 4254 3446 4306 consilia
3461 4267 3691 4317 suggere-

2120 4374 2173 4409 re
2196 4360 2413 4422 possint,
2437 4370 2533 4405 non
2554 4355 2775 4404 desinant
2794 4353 3029 4401 invidere.
3066 4355 3227 4411 Atque
3245 4349 3315 4397 illi
3336 4347 3535 4410 quidem
3556 4348 3689 4410 igna—

2119 4452 2251 4500 viam
2269 4454 2319 4499 et
2337 4447 2722 4497 imbecillitatem
2744 4456 2885 4493 suam
2913 4442 3144 4503 obtegere
3163 4438 3566 4502 cupiente5,t.alia
3589 4441 3686 4487 sor-

2118 4550 2251 4595 tasse
2269 4546 2385 4592 sunt
2403 4539 2612 4595 dicturi;
2638 4551 2727 4601 ego
2752 4548 2871 4585 vero
2896 4546 3181 4597 quanquam
3209 4532 3563 4595 octogesimum
3584 4534 3685 4594 jam

2120 4650 2301 4685 annum
2324 4638 2485 4692 natuS,
2508 4636 2559 4680 et
2577 4630 2640 4679 ab
2658 4629 2805 4678 rebus
2832 4624 3057 4689 gerendis
3076 4637 3155 4673 me
3174 4624 3315 4687 plane
3333 4620 3681 4677 abdicaverim,

2118 4732 2188 4781 ita
2214 4729 2465 4792 magnifice
2494 4729 2660 4775 tamen
2690 4723 2751 4771 de
2780 4734 2859 4770 me
2888 4719 3053 4768 adhuc
3088 4716 3275 4775 sentio,
3302 4720 3361 4766 ut
3390 4720 3561 4779 putem
3586 4718 3679 4767 mei

2119 4822 2395 4887 praesertim
2440 4819 2591 4868 fuisse
2618 4814 2836 4866 muneri-s
2870 4814 2931 4863 (le
2964 4812 3045 4863 his
3085 4812 3273 4872 dicere,
3302 4825 3481 4874 meque
3510 4813 3675 4859 tecum

2119 4916 2302 4981 agendo
2326 4913 2558 4978 praeclara
2594 4909 2891 4972 suggessisse
2920 4906 3149 4963 consilia,
3174 4918 3231 4953 ac
3268 4918 3356 4967 per
3382 4902 3489 4952 hau:
3516 4902 3678 4951 sors-m

2120 5010 2281 5072 aliqua
2307 5005 2491 5057 rectius
2519 5006 2711 5065 gestum
2747 5000 2822 5049 iri.
2890 4998 2991 5062 (17)
3018 4999 3146 5057 Quin
3174 5002 3225 5047 et
3261 5001 3449 5047 ceteros
3484 5000 3676 5051 Gra-cos

2119 5106 2373 5163 existimo,
2412 5102 2453 5151 si
2498 5100 2625 5149 inter
2665 5112 2835 5147 omnes
2878 5097 2997 5160 ipsis
3030 5094 3315 5157 deligendus
3354 5096 3483 5143 esset
3518 5091 3562 5139 is
3598 5106 3671 5154 qiu

2126 5196 2324 5247 Graecos
2356 5190 2533 5255 optime
2562 5192 2723 5253 posset
2753 5187 2969 5243 oratione
3000 5200 3087 5235 sua
3116 5182 3321 5235 incitare
3358 5182 3422 5232 ad
3456 5180 3671 5232 invaden-
