3825 5842
159 491 237 575 (⁶⁴2
260 495 407 575 τω)

152 629 329 707 γμένοις
342 652 355 666 ·
382 630 427 687 εἰ
470 625 523 687 δὲ
568 624 963 708 ἀποψηφιεῖσθε,
1008 621 1293 704 ὀφθήσεσθε
1343 625 1447 682 τῶν
1494 623 1665 681 αὑτῶν

151 719 289 799 ἔργων
322 714 633 794 ἐπιθυμηταὶ
671 712 867 780 τούτοις
899 710 1068 783 ὄντες,
1087 710 1178 769 καὶ
1210 711 1308 789 οὐχ
1338 707 1475 778 ἕξετε
1498 709 1666 788 λέγειν

150 807 215 866 ὅτι
250 803 311 865 τὰ
354 803 451 864 ὑπὸ
490 807 598 864 τῶν
650 801 929 882 τριάκοντα
986 797 1379 880 προσταχθέντα
1423 797 1667 856 ἐποιεῖτε·

156 899 231 975 (οι)
248 896 351 955 νυνὶ
376 895 473 972 μὲν
488 893 595 975 γὰρ
614 891 781 960 οὐδεὶς
798 895 933 971 ὑμᾶς
953 889 1233 968 ἀναγκάζει
1256 888 1402 968 παρὰ
1427 885 1521 960 τὴν
1552 891 1673 966 ὑμε-

96 1001 136 1042 ao
150 984 281 1064 τέραν
300 982 507 1062 γνώμην
528 979 965 1062 ἀποψηφίζεσθαι.
1045 971 1212 1038 Ὥστε
1230 973 1570 1054 συμὸουλεύω
1592 973 1669 1052 μὴ

152 1072 315 1132 τούτων
358 1067 851 1151 ἀποψηφισαμένους
896 1069 1043 1144 ὑμῶν
1092 1067 1261 1125 αὐτῶν
1302 1062 1671 1146 καταψηφίσα·

152 1168 264 1222 σθαι.
286 1161 428 1232 Μηδ’
450 1158 619 1218 οἴεσθε
658 1155 889 1237 κρύὸδην
914 1152 1011 1226 τὴν
1050 1156 1223 1236 ψῆφον
1249 1143 1407 1212 εἶναι·
1446 1150 1673 1233 φανερὰν

152 1249 233 1328 γὰρ
252 1254 311 1329 τῇ
336 1247 483 1306 πόλει
500 1246 597 1319 τὴν
622 1243 883 1325 ὑμετέραν
912 1241 1124 1320 γνώμην
1152 1240 1419 1314 ποιήσετε.

214 1357 276 1398 ⁰2.
314 1333 581 1413 Βούλομαι
607 1331 665 1392 δὲ
694 1331 845 1410 ὀλίγα
873 1329 1146 1410 ἑκατέρους
1167 1327 1471 1407 ἀναμνήσας
1505 1350 1669 1386 κατα·

153 1422 333 1495 δαίνειν,
365 1420 482 1489 τούς
510 1443 571 1480 τε
596 1418 651 1488 ἐξ
686 1418 867 1484 ἄστεος
890 1415 981 1476 καὶ
1006 1413 1123 1483 τοὺς
1164 1417 1224 1474 ἐκ
1264 1415 1558 1495 Πειραιῶς,
1585 1409 1672 1472 ἵνα

154 1511 229 1577 τὰς
254 1515 365 1588 ὑμῖν
390 1507 475 1568 διὰ
504 1506 707 1567 τούτων
743 1501 1090 1585 γεγενημένας
1118 1501 1386 1585 συμφορὰς
1417 1499 1671 1582 παραδεί·

92 1617 131 1656 ³⁵
150 1595 523 1753 3ngqu
544 1593 639 1738 ''z''
670 1589 1148 1758 ψῆῖῗεῲῖἷιῖῗὲ..
1184 1587 1300 1733 ἔῗὲὶ
1318 1584 1677 1734 ἶωξῗῗοιῗζ

157 1705 323 1846 σφῗδρα
346 1702 763 1846 ἤέἷέζῧε,σιέκεῐ’τε
788 1763 1025 1842 ἀδελφοῖς
1052 1761 1141 1819 καὶ
1160 1759 1293 1819 υἱέσι
1318 1759 1409 1818 καὶ
1437 1757 1677 1828 πολίταις

154 1853 469 1932 ἠναγκάζεσθε
496 1855 754 1928 πολεμεῖν
796 1855 1023 1909 τοιοῦτον
1054 1848 1303 1926 πόλεμον,
1350 1849 1403 1907 ἐν
1431 1839 1476 1930 ᾧ
1508 1853 1678 1922 ἡττη-

156 1938 297 2006 θέντες
334 1937 423 2017 μὲν
464 1945 573 2005 τοῖς
612 1934 859 2008 νικήσασι
905 1937 967 1996 τὸ
1010 1934 1121 1994 ἴσον
1160 1933 1309 2013 ἔχετε
1324 1979 1341 2007 ,
1376 1933 1677 2007 νικήσαντες

158 2026 194 2083 δ’
220 2025 277 2084 ἃν
302 2025 487 2094 τούτοις
514 2024 832 2088 ἐδουλεύετε.
915 2025 1007 2104 (sa)
1038 2023 1151 2085 Καὶ
1176 2021 1295 2090 τοὺς
1320 2022 1475 2091 ἰδίους
1511 2022 1678 2091 οἴκους

156 2106 271 2174 οὗτοι
290 2113 379 2193 μὲν
405 2113 466 2174 ἃν
494 2117 555 2174 ἐκ
590 2116 696 2173 τῶν
734 2112 1056 2193 πραγμάτων
1088 2111 1345 2190 μεγάλους
1372 2110 1677 2186 ἐκτήσαντο,

98 2215 137 2253 10
156 2204 277 2278 ὑμεῖς
294 2200 345 2261 δὲ
358 2201 439 2261 διὰ
461 2201 549 2261 τὸν
575 2199 708 2281 πρὸς
726 2201 979 2273 ἀλλήλους
994 2199 1224 2276 πόλεμον
1243 2198 1485 2268 ἐλάττους
1509 2199 1675 2278 ἔχετε·

156 2290 521 2369 συνωφελεῖσθαι
552 2289 652 2369 μὲν
684 2287 787 2368 γὰρ
826 2292 960 2366 ὑμᾶς
990 2288 1085 2347 οὐκ
1128 2285 1331 2359 ἠξίουν,
1367 2286 1681 2346 συνδιαὸάλ-

154 2375 307 2434 λεσθαι
330 2378 373 2435 δ’
392 2376 717 2455 ἠνάγκαζον,
762 2379 834 2443 εἰς
863 2380 1104 2435 τοσοῦτον
1136 2373 1419 2456 ὑπεροψίας
1448 2374 1679 2443 ἐλθόντες

156 2461 269 2522 ὥστε
322 2466 376 2523 οὐ
434 2468 539 2524 τῶν
615 2465 826 2540 ἀγαθῶν
894 2460 1212 2539 κοινούμενοι
1282 2460 1492 2530 πιστοὺς
1546 2466 1680 2541 ὑμᾶς

152 2549 341 2610 ἐκτῶντο
358 2597 375 2628 ,
398 2550 535 2610 ἀλλὰ
579 2555 689 2610 τῶν
715 2550 922 2609 ὀνειδῶν
943 2549 1301 2626 μεταδιδόντες
1324 2548 1497 2617 εὔνους
1518 2548 1679 2630 ᾤοντο

158 2627 281 2697 εἶναι.
355 2639 445 2722 (94)
476 2638 614 2698 ’Avo’
643 2629 717 2698 ὧν
739 2640 884 2715 ὑμεῖς
910 2643 999 2696 νῦν
1030 2640 1083 2697 ἐν
1116 2641 1193 2718 τῷ
1220 2635 1491 2719 θαρραλέῳ
1520 2637 1679 2712 ὄντες,

156 2729 250 2783 καθ’
270 2725 377 2786 ὅσον
397 2727 617 2787 δύνασθε
632 2772 651 2800 ,
673 2725 765 2785 καὶ
791 2725 920 2808 ὑπὲρ
946 2728 1092 2804 ὑμῶν
1118 2728 1288 2784 αὐτῶν
1310 2725 1401 2784 καὶ
1424 2725 1554 2807 ὑπὲρ
1576 2731 1679 2786 τῶν

86 2812 209 2868 usin
234 2815 477 2894 Πειραιῶς
511 2813 885 2893 τιμωρήσασθε
903 2856 922 2891 ,
962 2811 1323 2890 ἐνθυμηθέντες
1357 2811 1451 2890 μὲν
1477 2813 1557 2872 ὅτι
1580 2813 1681 2874 ὑπὸ

157 2898 321 2958 τούτων
357 2901 731 2987 πονηροτάτων
758 2899 919 2961 ὄντων
946 2901 1171 2981 ἤρχεσθε
1184 2947 1203 2978 ,
1233 2900 1598 2976 ἐνθυμηθέντες
1624 2904 1679 2962 δὲ

156 2985 223 3044 ὅτι
244 2989 343 3064 μετ’
368 2992 566 3072 ἀνδρῶν
584 2995 681 3048 νῦν
696 2989 922 3072 ἀρίστων
943 2989 1275 3048 πολιτεύεσθε
1292 2989 1506 3057 καὶτοῖς
1527 2992 1680 3049 πολε-

158 3073 269 3150 ptos<
302 3077 525 3158 μάχεσθε
556 3077 651 3136 καὶ
676 3077 798 3156 περὶ
836 3081 930 3147 τῆς
952 3075 1152 3143 πῶιεως
1182 3075 1489 3155 βουλεύεσθε
1508 3121 1527 3154 ,
1552 3078 1681 3136 ἀνα-

160 3163 429 3236 μνησθέντες
461 3163 519 3224 δὲ
544 3169 657 3224 τῶν
693 3163 1009 3244 ἐπικούρων,
1036 3163 1123 3231 οὓς
1146 3157 1283 3222 οὗτοι
1310 3162 1546 3244 φύλακας
1588 3169 1682 3237 τῆς

157 3251 371 3334 σφετέρας
408 3257 579 3335 ἀρχῆς
627 3253 721 3313 καὶ
756 3258 849 3326 τῆς
897 3251 1151 3333 ὑμετέρας
1196 3251 1428 3320 δουλείας
1477 3255 1547 3321 εἰς
1586 3252 1681 3326 τὴν

100 3357 119 3394 ⁵
161 3339 403 3418 ἀκρόπολιν
430 3343 786 3414 κατέστησαν.
890 3341 982 3422 (νε)
1016 3338 1124 3400 Καὶ
1155 3339 1281 3421 πρὸς
1308 3344 1442 3417 ὑμᾶς
1474 3341 1568 3417 μὲν
1605 3339 1683 3400 ἔτι

158 3427 331 3486 πολλῶν
354 3427 511 3488 ὄντων
536 3429 705 3487 εἰπεῖν
731 3433 960 3488 τοσαῦτα
984 3427 1143 3506 λέγω.
1225 3424 1387 3487 Ὅσοι
1410 3427 1455 3485 δ’
1479 3429 1538 3486 ἐκ
1560 3431 1684 3488 Πει-

159 3517 288 3590 ραιῶς
308 3517 447 3592 ἐστε,
477 3520 691 3598 πρῶτον
723 3515 819 3592 μὲν
840 3517 943 3574 τῶν
972 3513 1147 3574 ὅπλων
1168 3513 1536 3592 ἀναμνήσθητε
1554 3561 1572 3593 ,
1602 3513 1683 3575 ὅτι

156 3599 323 3668 πολλὰ(
351 3603 525 3685 μάχας
568 3606 625 3664 ἐν
669 3606 735 3682 τῇ
782 3599 1030 3682 ἀλλοτρίᾳ
1062 3601 1427 3682 μαχεσάμενοι
1458 3605 1558 3682 οὐχ
1583 3603 1685 3662 ὑπὸ

156 3690 241 3744 τῶν
260 3691 531 3768 πολεμίων,
562 3691 685 3749 ἀλλ’
712 3689 813 3748 ὑπὸ
837 3687 1032 3748 τούτων
1068 3689 1273 3770 εἰρήνης
1306 3685 1463 3762 οὔσης
1490 3688 1683 3770 ἀφῃρέ-

160 3781 259 3848 θητε
278 3779 339 3837 τὰ
364 3779 523 3853 ὅπλα,
552 3779 716 3839 ἔπειθ’
739 3777 819 3836 ὅτι
850 3776 1227 3857 ἐξεκηρύχθητε
1256 3775 1351 3852 μὲν
1380 3779 1441 3834 ἐκ
1478 3781 1569 3848 τῆς
1588 3775 1681 3836 πό-

159 3863 291 3938 λεως,
316 3865 379 3937 ἣν
414 3871 540 3946 ὑμῖν
586 3870 639 3925 οἱ
679 3863 897 3946 πατέρες
937 3865 1255 3944 παρέδοσαν,
1306 3861 1589 3942 φεύγοντας
1624 3864 1681 3923 δὲ

161 3953 271 4026 ὑμᾶς
293 3956 347 4012 ἐκ
366 3958 467 4014 τῶν
490 3953 700 4013 πόλεων
724 3951 1011 4034 ἐξῃτοῦντο.
1051 3952 1142 4030 (ee)
1166 3951 1295 4011 ’Avo’
1314 3941 1388 4009 ὧν
1415 3950 1685 4032 ὀργίσθητε

105 4057 141 4096 ιο
160 4035 237 4112 μὲν
259 4037 425 4121 ὥσπερ
464 4041 541 4102 ὅτ’
566 4038 836 4122 ἐφεύγετε,
866 4038 1235 4115 ἀναμνήσθητε
1270 4035 1325 4096 δὲ
1352 4036 1566 4097 καὶτῶν
1590 4037 1685 4098 άλ-

160 4125 245 4182 im
268 4132 435 4188 κακῶν
466 4127 503 4187 ἃ
520 4126 818 4187 πεπόνθατε
838 4125 925 4185 ὑπ’
954 4128 1143 4204 αὑτῶν,
1170 4124 1223 4186 οἳ
1246 4123 1364 4192 τοὺς
1394 4124 1489 4202 μὲν
1513 4127 1573 4185 ἐκ
1594 4131 1687 4200 τῆς

164 4213 347 4295 ἄγορᾶς,
370 4215 488 4285 τοὺς
536 4217 587 4274 δ’
618 4217 677 4274 ἐκ
713 4218 820 4273 τῶν
865 4217 1015 4296 ἱερῶν
1054 4213 1463 4295 συναρπάζοντες
1508 4213 1688 4295 βιαίως

166 4301 463 4377 ἇπέκτειναν,
480 4303 603 4371 τοὺς
629 4303 683 4362 δὲ
708 4302 815 4362 ἀπὸ
833 4301 1027 4361 τέκνων
1048 4303 1142 4362 καὶ
1166 4301 1354 4380 γονέων
1383 4301 1475 4362 καὶ
1507 4326 1685 4381 γυναι-

165 4391 247 4447 κῶν
271 4391 568 4474 ἀφέλκοντες
597 4389 782 4473 φονέας
804 4394 973 4450 αὑτῶν
1000 4389 1308 4470 ἠνάγκασαν
1334 4389 1573 4468 γενέσθαι
1597 4392 1689 4451 καὶ

168 4479 263 4536 οὑδὲ
279 4486 435 4560 ταφῆς
456 4485 553 4552 τῆς
584 4478 925 4557 νομιζομένης
956 4478 1137 4538 εἴασαν
1171 4485 1381 4558 τυχεῖν,
1408 4477 1689 4558 ἡγούμενοι

170 4561 245 4634 τὴν
262 4571 415 4627 αὑτῶν
438 4566 614 4648 ἀρχὴν
645 4566 978 4646 βεὸαιοτέραν
1001 4556 1131 4626 εἶναι
1154 4571 1247 4636 τ’ἧς
1264 4563 1409 4646 παρὰ
1436 4571 1537 4624 τῶν
1562 4571 1687 4626 θεῶν

126 4669 155 4708 ιι
172 4653 405 4732 τιμωρίας.
491 4657 583 4731 (97)
619 4648 784 4714 Ὅσοι
812 4651 867 4712 δὲ
904 4651 993 4711 τὸν
1028 4651 1245 4712 θάνατον
1272 4651 1529 4735 διέφυγον,
1559 4655 1689 4712 πολ·

174 4738 307 4820 λαχοῦ
332 4739 749 4808 κινδυνεύσαντες
771 4740 860 4799 καὶ
892 4743 963 4808 εἷς
980 4741 1176 4808 πολλὰς
1201 4739 1378 4809 πόλεις
1400 4739 1687 4812 πλανηθέν·

178 4849 241 4892 tt<
260 4830 339 4887 καὶ
362 4830 692 4911 πανταχόθεν
719 4832 1148 4910 ἐκκηρυττόμενοι
1163 4875 1180 4902 ,
1218 4831 1402 4897 ἐνδεεῖς
1424 4828 1562 4898 ὄντες
1587 4833 1689 4889 τῶν

184 4913 464 4992 ἐπιτηδείων,
492 4921 542 4978 οἳ
572 4916 673 4995 μὲν
694 4920 747 4976 ἐν
770 4916 999 4999 πολεμία
1022 4921 1088 4996 τῇ
1116 4915 1329 5000 πατρίδι
1359 4914 1477 4984 τοὺς
1502 4917 1692 4984 παῖδας

186 5005 535 5078 καταλιπόντες,
562 5009 613 5064 οἱ
650 5006 697 5063 δ’
730 5007 784 5064 ἐν
810 5003 923 5085 ξένῃ
944 5010 1031 5085 γῇ,
1054 5005 1261 5064 πολλῶν
1290 5003 1691 5082 ἐναντιουμένων

188 5089 331 5158 ἤλθετε
353 5095 418 5162 εἷς
442 5093 529 5154 τὸν
548 5097 802 5175 Πειραιᾶ.
890 5095 1110 5155 Πολλῶν
1133 5092 1188 5152 δὲ
1209 5093 1300 5152 καὶ
1322 5091 1565 5173 μεγάλων
1583 5116 1691 5152 κιν-

190 5175 317 5238 δύνειν
344 5181 678 5262 ὑπαρξάντων
722 5181 899 5263 ἄνδρες
939 5182 1124 5260 ἀγαθοὶ
1157 5181 1423 5260 γενόμενοι
1452 5179 1572 5248 τοὺς
1598 5179 1694 5259 μὲν

190 5265 559 5352 ἠλευθερώσατε,
583 5267 707 5337 τοὺς
746 5271 791 5329 δ’
825 5273 895 5337 εἷς
938 5269 1034 5330 τὴν
1080 5270 1307 5350 πατρίδα
1346 5267 1690 5347 κατηγάγετε.

976 489 1221 553 LYslAE
1258 488 1383 551 OB.
1424 486 1733 550 CONTRA
1772 484 2452 549 ERASTOSTHENEM.

3194 495 3306 548 1⁴9

1756 642 1835 680 res
1858 629 2016 692 gestas
2037 626 2227 692 indigne
2247 625 2410 678 feratis
2430 645 2444 676 ε
2463 624 2597 691 quod
2619 624 2662 677 si
2687 623 3011 688 absolveritis,
3033 624 3312 676 videbimini

1756 717 1925 769 eadem
1941 729 2054 780 quae
2070 715 2142 766 illi
2167 713 2514 779 concupivisse.
2533 716 2700 778 Neque
2715 712 2776 764 ad
2793 725 2902 764 eam
2919 713 3182 764 orationem
3201 726 3314 764 con·

1757 807 1920 870 lugere
1933 803 2148 869 poteritis
2163 803 2295 867 quod
2311 815 2341 852 a
2357 799 2668 865 trigintaviris
2685 801 2922 866 imperata
2936 801 3049 852 estis
3070 801 3282 852 exsecuti
3295 816 3312 864 ς

1762 892 1861 956 (91)
1883 892 2120 956 siquidem
2143 905 2276 942 nunc
2299 903 2441 941 nemo
2463 903 2551 940 vos
2571 889 2699 954 cogit
2723 889 2840 940 istos
2867 889 3116 940 absolvere
3139 890 3316 953 praeter

1757 980 2073 1031 voluntatem.
2108 980 2290 1030 iiortor
2312 977 2458 1042 igitur
2479 979 2534 1028 ut
2549 976 2715 1028 nolitis
2730 976 3008 1040 hujusmodi
3022 976 3315 1028 facinorosos

1759 1068 2061 1119 absolventes
2070 1066 2383 1130 vosmetipsos
2401 1065 2735 1116 condemnare.
2756 1067 2922 1128 Neque
2940 1066 3105 1128 putate
3121 1066 3315 1117 occulto

1760 1169 1849 1207 vos
1875 1155 2160 1208 seutentiam
2199 1155 2381 1206 laturos
2409 1173 2424 1206 ε
2452 1153 2678 1205 omnibus
2711 1154 2841 1204 enim
2866 1153 3050 1204 civibus
3079 1153 3316 1217 judicium

1761 1245 1976 1294 vestrum
2000 1241 2307 1294 manifestum
2329 1241 2529 1294 ιἰιοίειίε.

1822 1336 1901 1382 92.
1934 1337 2006 1382 Ac
2023 1331 2127 1395 jam
2156 1333 2343 1396 egomet
2365 1333 2509 1381 tinem
2535 1331 2733 1394 faciam,
2761 1329 2847 1380 ubi
2879 1343 3034 1393 pauca
3063 1329 3114 1380 in
3132 1329 3318 1380 anirnos

1763 1431 2050 1470 revocavere
2064 1454 2080 1482 ,
2099 1421 2208 1470 tum
2227 1419 2296 1470 eis
2311 1418 2465 1485 quiin
2490 1418 2610 1468 urbe
2632 1419 2989 1479 remanserunt,
3017 1419 3122 1467 tum
3146 1418 3215 1467 eis
3231 1417 3316 1480 qui

1763 1513 1826 1552 ex
1847 1501 2034 1552 Piroeeo
2052 1500 2298 1552 redierunt
2308 1518 2325 1565 ς
2341 1501 2397 1552 ιιι
2413 1500 2709 1552 calamitates
2724 1513 2847 1565 quas
2866 1513 2952 1564 per
2968 1500 3085 1550 istos
3103 1499 3320 1552 bomine·

1764 1589 1962 1650 tulistis,
1985 1592 2216 1652 tanquam
2244 1589 2461 1652 exempla
2489 1589 2721 1652 ponentes
2737 1588 2802 1640 ob
2823 1587 3014 1652 oculos,
3034 1589 3320 1640 sententiam

1766 1668 1940 1718 seratis.
2009 1670 2072 1718 lit
2087 1669 2298 1733 primum
2310 1669 2526 1733 quidem,
2545 1671 2784 1733 quotquot
2803 1669 2855 1720 in
2867 1669 2989 1720 urbe
3009 1671 3318 1734 remansistis,

1766 1755 2082 1806 recordamini
2103 1769 2189 1806 vos
2205 1756 2408 1806 istorum
2435 1757 2538 1806 tam
2563 1769 2696 1806 saevo
2720 1755 2922 1818 imperio
2955 1755 3098 1807 tuisse
3123 1771 3320 1822 oppres·

1764 1853 1870 1903 sos,
1894 1841 1952 1890 ut
1967 1853 2080 1890 cum
2105 1839 2334 1891 tratribus
2357 1841 2408 1890 et
2432 1839 2542 1890 tiliis
2557 1841 2610 1890 et
2629 1839 2816 1890 civibus
2850 1841 3134 1904 cogeremini
3154 1842 3320 1905 buius·

1766 1927 1896 1978 modi
1914 1927 2094 1978 bellum
2110 1941 2300 1992 gerere,
2319 1927 2370 1977 in
2405 1941 2504 1992 quo
2531 1941 2704 1992 nempe
2737 1928 2946 1991 superati
2975 1929 3177 1980 eandem
3207 1944 3321 1982 cum

1766 2012 2030 2063 victoribus
2049 2011 2373 2064 conditionem
2407 2012 2673 2076 haberetis,
2695 2013 2900 2063 victores
2937 2027 3054 2064 vero
3089 2014 3182 2064 sub
3219 2014 3322 2068 istis

1767 2101 1972 2164 turpiter
1987 2099 2244 2151 serviretis.
2329 2101 2660 2162 (9³)1storum
2677 2098 2858 2151 scillcet
2877 2113 2954 2151 res
2982 2101 3236 2154 familiares
3260 2117 3322 2156 ex

1766 2184 1971 2249 publicis
1995 2185 2140 2236 rebus
2155 2185 2364 2237 turbatis
2391 2185 2720 2248 augebantur;
2753 2188 2925 2236 vestroe
2945 2188 3108 2237 autem
3129 2189 3320 2240 minue-

1770 2273 1944 2322 bantur
1965 2274 2158 2336 propter
2170 2272 2354 2323 bellum
2373 2271 2672 2322 intestinum.
2737 2275 2778 2323 N
2783 2285 2862 2322 am
2885 2286 2950 2323 εκ
2969 2286 3056 2325 sua
3069 2275 3324 2338 tyrannide

1768 2355 2144 2406 emolumentum
2163 2354 2361 2420 aliquod
2377 2355 2629 2406 vobiscum
2659 2359 3018 2408 communicare
3035 2360 3296 2410 noluerunt
3306 2394 3324 2423 ,

1768 2447 1820 2494 at
1844 2444 2090 2494 infamiam
2125 2443 2300 2494 exinde
2325 2443 2558 2494 orituram
2597 2457 2686 2495 vos
2718 2446 3006 2509 participare
3041 2451 3322 2511 coegerunt.

1771 2533 1839 2580 Eo
1856 2527 2063 2593 denique
2075 2528 2310 2592 superbiae
2329 2531 2680 2592 processerunt,
2695 2531 2864 2580 utnon
2885 2543 2946 2581 ex
2971 2532 3326 2585 communicata

1768 2615 1928 2681 aliqua
1952 2616 2160 2667 utilitate
2185 2628 2272 2666 vos
2290 2615 2410 2666 iidos
2435 2616 2611 2668 babere
2625 2617 2831 2682 vellent,
2856 2631 3025 2670 verum
3045 2633 3109 2671 ex
3126 2622 3326 2686 ignomi-

1768 2699 1861 2750 niis
1884 2713 2094 2764 quarum
2120 2713 2208 2750 vos
2239 2700 2460 2751 fecerunt
2479 2701 2735 2766 participes
2749 2737 2766 2765 ,
2807 2715 2895 2753 vos
2926 2703 3188 2758 benevolos
3221 2707 3325 2760 t'ore

1768 2787 2130 2839 arbitrarentur.
2219 2789 2318 2850 (94)
2347 2792 2440 2839 Pro
2462 2788 2638 2851 quibus
2667 2790 2812 2840 rebus
2827 2827 2842 2852 ,
2875 2789 2976 2853 iam
3015 2796 3323 2848 securitatem

1768 2873 1927 2936 nacti,
1955 2873 2190 2936 quantum
2213 2873 2266 2922 in
2285 2872 2422 2922 vobis
2442 2875 2516 2922 est
2528 2909 2544 2935 ,
2563 2874 2611 2924 et
2631 2873 2860 2938 vosipsos
2877 2876 2928 2925 et
2943 2889 3028 2926 eos
3045 2879 3128 2941 qui
3154 2893 3213 2928 ex
3243 2880 3324 2930 Pi-

1768 2974 1898 3014 raeeo
1914 2959 2179 3022 redierunt,
2195 2958 2473 3022 vindicetis3
2497 2961 2772 3024 reputantes
2783 2961 2912 3025 quod
2936 2963 3139 3014 istorum
3162 2965 3324 3016 bomi-

1770 3061 1889 3100 num
1944 3044 2346 3109 nequissimorum
2398 3043 2598 3107 imperia
2657 3044 3000 3108 sustinueritis3
3051 3051 3326 3112 reputantes

1770 3135 1901 3200 quod
1931 3147 2061 3184 nunc
2082 3145 2177 3183 una
2195 3145 2306 3182 cum
2333 3130 2532 3194 optimis
2550 3130 2740 3184 civibus
2763 3132 3106 3196 rempublicam
3123 3138 3324 3204 geratis,

1771 3223 1820 3274 et
1835 3221 2066 3272 adversus
2080 3219 2243 3270 hostes
2259 3216 2524 3278 dimicetis,
2553 3216 2601 3266 et
2625 3215 2688 3267 de
2709 3217 2864 3280 patria
2883 3219 3136 3270 eonsilium
3164 3222 3326 3287 capia.

1771 3311 1861 3375 tis3
1880 3321 2119 3359 memores
2143 3307 2290 3358 etiam
2305 3303 2604 3355 auxiliorum
2632 3317 2746 3368 σιω
2761 3305 2840 3356 isti
2860 3305 2924 3356 ad
2944 3320 3084 3358 suam
3105 3308 3326 3362 domina-

1772 3398 1951 3448 tionem
1968 3396 2275 3458 vestramque
2295 3393 2578 3444 servitutem
2605 3394 2892 3446 firmandam
2918 3394 2970 3447 in
2985 3410 3096 3448 arce
3117 3400 3326 3451 colloca-

1772 3485 1903 3534 runt.
1973 3484 2070 3546 (95)
2091 3487 2161 3534 Ao
2179 3481 2344 3545 vobis,
2367 3495 2646 3547 quanquam
2680 3484 2838 3534 multa
2861 3484 3023 3536 adhuc
3039 3488 3325 3550 supererant

1772 3571 2000 3633 dicenda,
2025 3570 2130 3621 baec
2170 3571 2362 3620 tantum
2397 3569 2523 3620 dico.
2589 3571 2839 3633 Quotquot
2859 3573 3021 3621 autem
3043 3585 3108 3622 ex
3145 3573 3328 3626 Pimeo

1773 3658 1993 3720 venistis,
2018 3657 2227 3722 primum
2245 3657 2440 3721 quidem
2461 3670 2596 3707 arma
2614 3657 2664 3707 in
2685 3657 2899 3708 animum
2913 3663 3134 3712 revocate
3147 3697 3162 3722 ,
3181 3662 3329 3725 pluri·

1774 3742 1867 3793 mis
1893 3741 2075 3792 scilicet
2109 3740 2247 3791 bellis
2281 3741 2334 3790 in
2369 3740 2532 3791 hostili
2569 3741 2765 3802 regione
2800 3741 3058 3806 consectis,
3097 3756 3194 3793 non
3243 3757 3332 3808 per

1774 3831 1935 3880 bostes
1947 3866 1963 3893 ,
1981 3828 2162 3892 sedper
2181 3829 2300 3879 istos
2319 3827 2566 3893 homines,
2579 3828 2686 3880 baee
2703 3829 2752 3878 in
2769 3841 2892 3892 pace
2914 3829 3052 3880 vobis
3072 3829 3294 3894 adempta
3311 3851 3326 3884 ι

1774 3915 1948 3966 deinde
1967 3913 2284 3966 recordamini
2311 3913 2440 3978 quod
2462 3914 2696 3977 praeconis
2725 3927 2846 3964 voce
2867 3927 2930 3965 ex
2952 3927 3008 3966 ea
3027 3914 3222 3966 civitate
3247 3929 3328 3968 ex·

1774 4003 1899 4068 pulsi
1920 4002 2106 4054 meritis
2127 4015 2276 4065 quam
2299 4001 2506 4064 majores
2519 4001 2666 4052 vestri
2694 4001 2832 4052 vobis
2855 4002 3180 4065 reliquerunt,
3199 4003 3332 4067 quod

1776 4095 1865 4132 vos
1884 4081 1986 4144 iam
2009 4079 2261 4130 exulantes
2275 4077 2328 4128 in
2355 4079 2461 4129 aliis
2479 4077 2754 4129 civitatibus
2774 4077 2857 4128 isti
2869 4082 3198 4142 exposcerent.
3229 4083 3332 4148 (9ο)

1778 4169 2080 4231 Quapropter
2099 4179 2232 4216 nunc
2255 4178 2355 4216 non
2385 4165 2546 4216 minus
2569 4167 2844 4216 succensete
2860 4179 3006 4230 quam
3029 4180 3185 4229 quum
3205 4181 3331 4220 exu-

1778 4254 1993 4314 lavistis;
2019 4251 2336 4303 recordamini
2372 4252 2530 4301 cetera
2559 4263 2754 4314 quoque
2771 4253 2900 4302 mala
2929 4265 3044 4316 quae
3073 4253 3136 4304 ab
3159 4253 3330 4306 iisdem

1777 4341 1988 4407 perpessi
2018 4339 2229 4400 fueritis,
2251 4340 2338 4403 qui
2365 4339 2484 4392 alios
2505 4353 2535 4390 e
2563 4339 2694 4401 soro,
2726 4339 2846 4390 alios
2877 4353 2905 4390 e
2935 4341 3126 4406 templis
3151 4344 3331 4407 raptos,

1779 4441 1861 4491 per
1901 4427 2001 4476 vim
2044 4425 2350 4488 interfecere,
2390 4423 2511 4475 alios
2555 4437 2586 4475 a
2619 4424 2878 4475 liberorum
2893 4461 2909 4490 ,
2949 4429 3206 4490 parentum
3248 4431 3336 4482 aut

1778 4528 1988 4566 uxorum
2009 4513 2310 4578 amplexibus
2325 4512 2519 4564 avulsos
2533 4549 2550 4576 ‚
2582 4512 2886 4578 sibimetipsis
2923 4517 3128 4565 mortem
3159 4516 3336 4570 inferre

1779 4601 2146 4665 compulerunt,
2165 4613 2322 4664 neque
2337 4599 2555 4650 siverunt
2573 4601 2868 4666 sepulturam
2887 4599 3147 4664 legitimam
3165 4613 3335 4654 conse-

1778 4690 1891 4755 qui3
1913 4689 2244 4741 existimantes
2268 4702 2413 4740 suum
2433 4688 2734 4741 dominatum
2758 4689 3050 4740 stabiliorem
3067 4702 3168 4740 esse
3188 4703 3336 4753 quam

1780 4777 1835 4825 ut
1852 4774 2050 4825 deorum
2070 4775 2142 4824 ira
2160 4773 2310 4824 everti
2340 4773 2514 4837 posset.
2584 4773 2682 4836 (97)
2721 4773 2972 4836 Quotquot
2993 4786 3108 4823 vero
3129 4775 3336 4823 mortem

1779 4863 2036 4926 eiibgistis,
2055 4861 2189 4913 varia
2207 4861 2385 4925 ubique
2405 4861 2620 4926 pericula
2637 4861 2848 4924 experti,
2863 4860 3098 4924 plurimas
3117 4861 3338 4910 civitates

1779 4952 2042 5016 pervagati,
2054 4950 2268 5015 undique
2292 4949 2483 5014 publice
2494 4949 2653 5012 ejecti,
2664 4963 2826 5000 rerum
2841 4949 3210 4999 necessariarum
3229 4947 3336 4998 ino·

1782 5051 1881 5102 pes,
1902 5039 1984 5088 alii
1999 5040 2052 5088 in
2075 5039 2226 5103 patria
2251 5037 2410 5088 hostili
2423 5037 2598 5088 liberos
2623 5036 2964 5099 relinquentes,
2988 5036 3068 5085 alii
3083 5036 3133 5084 in
3147 5035 3338 5096 regione

1782 5117 2027 5180 peregrina
2045 5153 2060 5178 ,
2083 5115 2302 5180 plurimis
2313 5115 2633 5174 obstantibuS,
2655 5113 2706 5163 in
2731 5113 2962 5163 Piraeeum
2978 5112 3169 5162 tandem
3190 5113 3337 5163 ‹leve-

1782 5195 1936 5246 nistis.
1999 5196 2074 5246 lbi
2115 5195 2284 5246 multis
2327 5195 2379 5244 et
2413 5194 2594 5258 magnis
2637 5192 2860 5256 periculis
2897 5190 3102 5253 objecti,
3140 5190 3337 5245 fortium

1783 5275 1998 5326 virorum
2016 5274 2188 5326 officiis
2205 5273 2384 5337 functi,
2411 5272 2528 5324 aiios
2549 5273 2598 5324 in
2615 5271 2886 5324 libertatem
2912 5268 3204 5358 vindiuastis,
3223 5271 3340 5323 alios
