3825 5842
483 460 595 513 200

1438 440 1720 503 ΛΥΣΙΟΥ
1760 442 1811 500 Ο
1853 438 2061 501 ΥΠΕΡ
2101 438 2256 501 ΤΟΥ
2293 437 2598 499 ΑΔΥΝΑΤ
2599 436 2723 498 ΟΥ.

3417 434 3683 515 (nv—m)

484 578 674 643 Καίτοι
688 571 835 658 οἶμαι
855 575 1041 637 εἰδέναι
1064 576 1199 651 ὑμᾶς
1216 570 1294 633 ὅτι
1316 572 1461 652 εἴπερ
1480 564 1543 646 ἦν
1568 571 1883 646 Πλαταιεύς,
1904 594 2033 632 παν·
2117 578 2324 629 arbitror
2349 592 2488 641 eum,
2515 577 2556 628 sl
2590 590 2758 629 revera
2793 576 2958 627 ruisset
2983 575 3277 629 matinensis
3290 610 3307 637 ,
3343 574 3506 627 ubivis
3539 578 3688 641 potius

482 674 645 749 ταχοῦ
675 670 873 747 μᾶλλον
911 664 945 737 ἢ
982 663 1223 736 Θήὸησιν
1254 660 1385 729 εἰκὸς
1419 654 1483 733 ἦν
1523 661 1673 721 αὐτὸν
1705 664 2031 738 μετοικῆσαι.
2119 680 2268 731 quam
2292 666 2468 719 Thebis
2489 679 2554 717 ex
2571 665 2804 729 probabili
2823 664 3154 717 habitaturum
3173 665 3354 717 sume.
3421 664 3567 724 Quod
3583 680 3690 719 vero

482 758 582 824 Ὦς
598 748 685 816 οῧν
703 754 826 837 ᾤκει
847 753 1001 833 [ἐκεῖ]
1015 750 1177 809 πολὺν
1192 747 1397 829 χρόνον,
1415 748 1607 808 τούτων
1630 753 1750 827 ὑμῖν
1770 748 2034 830 μάρτυρας
2121 755 2218 805 illie
2241 768 2328 819 per
2352 754 2592 805 diutinum
2618 756 2810 818 tempus
2835 755 3166 805 commoratus
3193 752 3296 815 ait,
3323 751 3436 815 eiua
3461 752 3533 803 td
3555 754 3692 807 testea

484 843 791 926 παρέξομαι.
874 839 982 901 Καί
1005 861 1095 917 μοι
1117 837 1335 897 ἐπίλαὸε
1356 835 1417 896 τὸ
1438 835 1598 917 ὕδωρ.

1083 983 1423 1032 ΜᾸΡΤΥΡΕΣ.

568 1137 635 1177 ιο.
676 1114 947 1195 Ἐξαρκεῖν
984 1136 1073 1191 μοι
1110 1111 1302 1192 νομίζω
1341 1110 1409 1172 τὰ
1448 1113 1493 1172 εἰ
1566 1110 1730 1189 μένα,
1774 1100 1819 1171 ὦ
1863 1110 2038 1193 ἄνδρες

2121 842 2420 907 producam..
2465 846 2538 895 Tu
2557 841 2674 892 mibi
2696 854 2874 910 aquam
2895 839 3076 892 inhibe.

2790 994 3031 1036 rastas.

2191 1127 2265 1171 ιο.
2299 1123 2369 1171 Ea
2393 1132 2505 1183 quaa
2528 1118 2630 1171 dixi
2655 1119 2771 1171 satia
2802 1132 2904 1171 esse
2929 1118 3122 1183 opinor,
3148 1116 3360 1181 iudices
3387 1136 3402 1167 ι
3435 1130 3644 1181 quorum
3663 1121 3698 1173 si

488 1202 743 1263 δικασταί·
763 1201 851 1262 ἐὰν
871 1200 971 1282 γὰρ
993 1198 1464 1280 διαμνημονεύητε,
1483 1134 1581 1257 σφ’
1604 1194 1683 1257 ὅτι
1699 1198 1763 1257 τά
1784 1222 1841 1257 τε
1860 1198 2037 1258 δίκαια
2127 1206 2465 1271 memineritis,
2479 1208 2645 1257 nullus
2654 1206 2954 1273 dubitoquin
2971 1206 3324 1271 inuenere,
3338 1206 3394 1257 et
3409 1219 3525 1269 quai
3538 1208 3700 1259 avobis

434 1314 458 1352 ο
486 1292 577 1353 καὶ
598 1296 797 1379 τάληθῆ
829 1295 1134 1373 ψηφιεῖσθε,
1163 1288 1258 1350 καὶ
1287 1288 1321 1347 ἃ
1350 1287 1453 1369 ἐγὼ
1476 1291 1624 1371 ὖμῷν
1651 1287 1853 1368 δέομαι.

1156 1586 1368 1648 XXIV.

490 1785 701 1851 ΠΡΟΣ
746 1782 907 1843 ΤΗΝ
960 1777 1460 1841 murenam
1502 1777 1685 1837 ΠΕΡι
1727 1777 1876 1837 ‘ror
1929 1777 2045 1839 Mn

416 1925 469 1967 ιο
588 1902 956 1967 amonem
992 1900 1101 1985 'ru
1142 1898 1493 1982 ΑΔΥΝΑΤῼ
1536 1897 1937 1959 ΑΡΓΥΡιοΝ.

570 2070 652 2131 Οὔ
673 2067 868 2127 πολλοῦ
888 2062 988 2123 δέω
1004 2061 1161 2144 χάριν
1180 2058 1345 2143 ἔχειν,
1366 2050 1411 2119 ὧ
1434 2058 1625 2138 βουλή,
1645 2062 1719 2141 τῷ
1742 2058 2049 2141 κατηγόρῳ,

494 2156 576 2218 ὅτι
614 2178 703 2233 μοι
748 2150 1110 2235 παρεσκεύασε
1148 2147 1238 2208 τὸν
1274 2152 1451 2227 ἀγῶνα
1484 2147 1705 2209 τουτονί.
1786 2147 2050 2229 Πρότερον

496 2243 599 2326 γὰρ
627 2246 720 2304 οὔκ
746 2241 883 2323 ἔχων
916 2234 1283 2320 πρόφασιν’ἕφ’
1317 2228 1381 2308 ἧς
1413 2240 1506 2294 τοῦ
1548 2234 1663 2315 βίου
1697 2235 1848 2314 λόγον
1888 2234 2049 2309 δοίην,

495 2330 607 2391 νυνὶ
648 2328 733 2390 διὰ
770 2334 950 2389 τοῦτον
996 2326 1206 2405 εἴληφα.
1296 2323 1399 2385 Καὶ
1422 2322 1743 2404 πειράσομαι
1788 2326 1864 2403 τῷ
1910 2322 2050 2405 λόγῳ

426 2441 480 2485 1⁶
499 2424 676 2481 τοῦτον
698 2416 791 2495 μὲν
816 2413 1062 2483 ἐπιδεῖξαι
1078 2412 1408 2495 ψευδόμενον,
1432 2408 1653 2489 ἐμαυτὸν
1679 2409 1733 2469 δὲ
1761 2407 2050 2489 βεὸιωκότα

501 2510 662 2589 μέχρι
678 2504 837 2579 τῆσδε
854 2507 947 2575 τῆς
965 2500 1160 2583 ἡμέρας
1179 2497 1391 2559 ἐπαίνου
1416 2499 1615 2575 μᾶλλον
1638 2496 1775 2567 ἄξιον
1793 2496 1827 2569 ἢ
1846 2498 2049 2579 φθόνου·

501 2595 587 2655 διὰ
620 2594 722 2674 γὰρ
749 2589 894 2651 οὐδὲν
923 2589 1052 2648 ἄλλο
1081 2610 1171 2665 μοι
1197 2586 1338 2646 δοκεῖ
1358 2584 1759 2666 παρασκευάσαι
1793 2583 1938 2644 τόνδε
1964 2608 2053 2662 μοι

498 2682 587 2741 τὸν
615 2680 846 2741 κίνδυνον
868 2667 1013 2744 οὗτος
1034 2675 1069 2747 ἢ
1095 2674 1180 2734 διὰ
1204 2672 1403 2756 φθόνον.
1467 2674 1530 2751 (a)
1561 2672 1752 2733 Καίτοι
1772 2673 1911 2741 ὅστις
1934 2673 2051 2733 τού-

499 2789 604 2835 τοις
623 2766 796 2849 φθονεῖ
814 2764 900 2831 οὓς
918 2766 965 2823 οἳ
986 2762 1133 2823 ἄλλοι
1152 2763 1377 2833 ἐλεοῦσι,
1394 2758 1527 2827 τίνος
1549 2758 1611 2818 ἂν
1636 2760 1757 2837 ὑμῖν
1780 2764 1808 2819 ὁ
1829 2764 2054 2828 τοιοῦτος

500 2853 831 2935 ἀποσχέσθαι
856 2853 997 2911 δοκεῖ
1024 2847 1297 2931 πονηρίας
1330 2850 1377 2906 εἰ
1406 2848 1500 2926 μὲν
1526 2847 1629 2927 γὰρ
1657 2845 1807 2907 ἕνεκα
1836 2846 2050 2928 χρημά-

500 2966 623 3018 των,
648 2943 975 3021 συκοφαντεῖ·
998 2940 1043 2997 εἰ
1065 2938 1112 2996 δ’
1136 2941 1205 3005 ὣς
1224 2936 1405 3018 ἐχθρὸν
1428 2938 1611 2994 ἑαυτοῦ
1636 2958 1701 3012 με
1723 2944 2052 3017 τιμωρεῖται,

500 3030 761 3114 ψεύδεται·
791 3025 877 3093 διὰ
901 3026 1003 3108 γὰρ
1038 3024 1133 3097 τὴν
1161 3023 1412 3104 πονηρίαν
1442 3025 1598 3082 αὗτοῦ
1626 3020 1743 3082 οὔτε
1774 3022 1909 3103 φίλω
1937 3021 2054 3082 οὔτε

420 3140 476 3180 2⁰
502 3122 671 3200 ἐχθρῷ
685 3116 895 3176 πώποτε
908 3113 1214 3194 ἐχρησάμην
1234 3114 1393 3193 αὐτῷ.
1433 3109 1493 3189 (a)
1516 3108 1662 3184 Ἤδη
1678 3110 1865 3185 τοίνυν,
1880 3082 1926 3171 ’ὦ
1947 3115 2058 3192 βου·

499 3206 597 3279 λή,
634 3201 787 3276 δῆλός
815 3204 924 3261 ἐστι
951 3202 1165 3282 φθονῶν,
1202 3197 1283 3257 ὅτι
1315 3198 1529 3279 τοιαύτῃ
1566 3196 1883 3279 κεχρημένος
1921 3220 2054 3275 συμ·

503 3301 637 3373 φορᾷ
686 3289 868 3351 τούτου
908 3286 1121 3369 βελτίων
1161 3284 1270 3363 εἰμὶ
1315 3285 1549 3358 πολίτης.
1633 3286 1743 3345 Καὶ
1778 3284 1881 3365 γὰρ
1910 3275 2056 3361 οἶμαι

504 3382 630 3452 δεῖν,
652 3368 695 3438 ὦ
728 3376 890 3457 βουλή
912 3420 927 3452 ,
957 3374 1025 3434 τὰ
1045 3379 1135 3434 τοῦ
1165 3372 1405 3451 σώματος
1428 3372 1807 3452 δυστυχήματα
1834 3376 1942 3438 τοῖς
1965 3376 2058 3443 τῆς

505 3470 676 3549 ψυχῆς
696 3462 1100 3541 ἐπιτηδεύμασιν
1123 3464 1299 3521 ἰᾶσθαι
1321 3462 1512 3527 καλῶς.
1572 3462 1639 3521 Εἰ
1656 3456 1756 3539 γὰρ
1784 3458 1835 3527 ἐξ
1858 3459 1974 3519 ἴσου
1991 3464 2058 3539 τῇ

508 3562 751 3635 συμφορᾷ
772 3551 861 3611 καὶ
879 3548 973 3621 τὴν
989 3549 1217 3609 διάνοιαν
1233 3546 1329 3617 ἔξω
1350 3547 1545 3607 καὶτὸν
1568 3546 1723 3607 ἄλλον
1748 3546 1859 3627 βίον
1880 3546 2056 3623 διάξω,

506 3642 559 3702 τί
584 3641 767 3701 τούτου
795 3638 997 3711 διοίσω,

586 3750 632 3790 4.
675 3727 808 3808 Περὶ
839 3725 934 3805 μὲν
962 3716 1051 3785 οὗν
1081 3722 1275 3783 τούτων
1298 3722 1525 3783 τοσαῦτά
1552 3747 1639 3801 μοι
1664 3722 1900 3803 εἰρήσθω·
1930 3723 2061 3804 ὑπὲρ

430 3839 483 3879 25
508 3808 580 3877 ὃν
615 3816 671 3875 δέ
699 3839 786 3894 μοι
812 3812 1064 3895 προσήκει
1089 3812 1256 3891 λέγειν
1278 3815 1346 3878 ὥς
1374 3808 1435 3869 ἂν
1467 3802 1571 3871 οἶόν
1599 3834 1655 3870 τε
1683 3808 1767 3869 διὰ
1794 3812 2059 3891 βραχυτά·

508 3930 612 3966 των
643 3907 761 3985 ἐρῶ.
826 3900 977 3975 Φησὶ
1004 3899 1103 3981 γὰρ
1131 3904 1158 3958 ὁ
1190 3898 1473 3981 κατήγορος
1501 3900 1558 3958 οὗ
1590 3899 1796 3969 δικαίως
1830 3922 1895 3978 με
1923 3902 2056 3975 λαμ·

511 3992 685 4053 δάνειν
712 3990 771 4051 τὸ
798 3988 944 4072 παρὰ
970 3994 1064 4061 τῆς
1091 3986 1289 4056 πόλεως
1317 3985 1577 4069 ἀργύριον·
1605 3987 1695 4046 καὶ
1731 3987 1831 4070 γὰρ
1857 3992 1933 4066 τῷ
1957 3986 2060 4046 σώ-

510 4104 639 4159 ματι
663 4078 909 4138 δύνασθαι
934 4075 1023 4137 καὶ
1048 4076 1141 4134 οὔκ
1165 4065 1295 4133 εἶναι
1322 4076 1424 4133 τῶν
1446 4072 1731 4148 ἀδυνάτων,
1756 4075 1847 4135 καὶ
1874 4076 2062 4155 τέχνην

509 4167 818 4228 ἐπίστασθαι
839 4161 1086 4236 τοιαύτην
1110 4159 1245 4221 ὥστε
1272 4160 1361 4221 καὶ
1391 4160 1512 4219 ἄνευ
1539 4166 1628 4221 τοῦ
1658 4162 1925 4238 διδομένου
1952 4160 2065 4221 τού-

509 4278 600 4315 του
641 4278 723 4326 ην.
752 4254 816 4332 (ο)
836 4250 946 4313 Καὶ
972 4248 1267 4330 τεκμηρίοις
1281 4251 1578 4329 χρῆταιτῆς
1592 4246 1685 4327 μὲν
1704 4254 1795 4309 τοῦ
1824 4248 2065 4326 σώματος

512 4340 721 4425 ῥώμης,
744 4338 823 4399 ὅτι
846 4339 930 4398 ἐπὶ
952 4337 1071 4405 τοὺς
1095 4335 1283 4404 ἵππους
1309 4334 1577 4395 ἀναὸαίνω
1592 4381 1609 4410 ,
1632 4340 1724 4409 τ’ἥς
1752 4337 1796 4395 δ’
1824 4339 1875 4395 ἔν
1895 4340 1963 4416 τῇ
1977 4335 2062 4395 τέ-

510 4455 611 4511 χνη
642 4426 913 4509 εὐπορίας,
943 4424 1024 4485 ὅτι
1050 4423 1275 4503 δύναμαι
1302 4428 1530 4483 συνεῖναι
1548 4423 1843 4501 δυναμένοις
1867 4423 2064 4505 ἀνθρώ-

432 4542 488 4582 ao
511 4496 625 4584 ποις
643 4514 954 4575 ἀναλίσκειν.
1034 4510 1149 4584 Τὴν
1168 4511 1263 4589 μὲν
1292 4502 1380 4570 οὖν
1410 4514 1468 4570 ἐκ
1489 4514 1581 4583 τῆς
1607 4510 1791 4592 τέχνης
1814 4510 2058 4594 εὐπορίαν

513 4604 710 4665 καὶτὸν
729 4600 987 4681 ἄλλονζτὸν
1012 4598 1136 4677 ἐμὸν
1165 4598 1292 4679 βίον,
1311 4590 1412 4667 οἶος
1424 4598 1693 4679 τυγχάνει,
1708 4598 1906 4667 πάντας
1929 4603 2065 4677 ὑμᾶς

512 4692 691 4770 οἴομαι
708 4689 992 4770 γινώσκειν·
1017 4687 1157 4766 ὅμως
1183 4686 1238 4747 δὲ
1255 4687 1404 4767 κάγὼ
1426 4687 1511 4746 διὰ
1533 4687 1772 4769 βραχέων
1792 4689 1915 4768 ἐρῶ.
2001 4687 2063 4767 (ο)

514 4780 669 4860 Ἐμοὶ
681 4776 783 4859 γὰρ
810 4780 838 4837 δ
862 4775 955 4856 μὲν
978 4774 1154 4857 πατὴρ
1180 4774 1456 4835 κατέλιπεν
1470 4774 1638 4848 οὐδέν,
1662 4774 1757 4847 τὴν
1780 4774 1835 4833 δὲ
1863 4774 2064 4855 μητέρα

513 4866 899 4939 τελευτήσασαν
944 4864 1219 4941 πέπαυμαι
1268 4863 1469 4945 τρέφων
1513 4863 1684 4943 τρίτον
1734 4861 1845 4929 ἔτος
1890 4862 2062 4936 τουτί,

516 4956 696 5021 παῖδες
715 4952 770 5013 δέ
792 4975 881 5031 μοι
899 4949 1044 5011 οὔπω
1067 4951 1196 5011 εἰσὶν
1215 4949 1269 5010 οἵ
1287 4975 1353 5029 με
1374 4949 1765 5029 θεραπεύσουσι.
1782 4948 1991 5029 Τέχνην
2011 4948 2065 5010 δὲ

516 5042 773 5120 κέκτημαι
794 5038 995 5121 βραχέα
1016 5037 1303 5117 δυναμένην
1328 5040 1565 5119 ὠφελεῖν,
1590 5036 1656 5110 ἢν
1680 5036 1832 5105 αὐτὸς
1850 5036 1945 5115 μὲν
1963 5038 2064 5111 ἤδη

437 5156 491 5197 aa
516 5133 759 5211 χαλεπῶς
778 5128 1082 5208 ἐργάζομαι,
1100 5124 1187 5186 τὸν
1212 5124 1561 5203 διαδεξόμενον
1577 5126 1622 5185 δ’
1638 5124 1797 5197 αὐτὴν
1820 5123 1966 5185 οὔπω
1985 5124 2068 5185 δύ-

520 5238 681 5295 ναμαι
704 5214 1012 5287 κτήσασθαι.
1034 5211 1295 5294 Πρόσοδος
1319 5210 1375 5271 δέ
1392 5235 1479 5291 μοι
1499 5214 1591 5273 οὐκ
1608 5212 1747 5274 ἔστιν
1769 5212 1905 5287 άλλη
1928 5210 2064 5287 πλὴν

2127 1294 2317 1360 postulo
2331 1331 2350 1360 ,
2369 1294 2474 1347 sitis
2489 1294 2746 1347 decreturi.

2739 1466 3102 1495 *000⁶*—

2801 1590 3010 1651 XXlV.

2134 1747 2538 1811 ADVERSUS
2557 1747 3058 1809 DELATIONEM
3103 1748 3330 1823 QUOD
3376 1747 3698 1813 PECUNIA

2215 1844 2546 1906 PUBLICA
2565 1844 2643 1904 El
2665 1843 3014 1905 COLLATA
3032 1844 3271 1905 ESSET
3295 1844 3444 1918 QUI
3491 1846 3702 1909 IMPO-

2216 1938 2415 1999 TENS
2439 1938 2595 2001 NON
2623 1938 2848 1999 ERAT.

2201 2072 2378 2120 Parum
2387 2068 2547 2131 abest,
2559 2069 2818 2128 senatores,
2835 2070 2955 2133 quin
2967 2071 3167 2133 gratiam
3185 2070 3410 2129 habeam
3420 2072 3696 2141 accusatori,

2139 2145 2270 2207 quod
2291 2144 2416 2195 hanc
2431 2144 2551 2193 mihi
2569 2145 2926 2196 contentionem
2959 2147 3340 2210 comparaverit.
3407 2151 3536 2199 Nam
3561 2163 3699 2212 quum

2137 2215 2323 2264 nullam
2363 2215 2568 2265 antebac
2605 2216 2904 2283 occasionem
2943 2216 3199 2267 habuerim
3239 2230 3375 2268 mem
3403 2218 3524 2268 vitm
3567 2221 3700 2271 ratio·

2137 2301 2223 2338 nes
2249 2289 2549 2353 exponendi,
2597 2302 2704 2339 eam
2731 2290 2876 2341 hodie
2903 2304 2991 2354 per
3017 2292 3167 2342 istum
3208 2292 3406 2343 inveni.
3473 2292 3534 2343 Id
3569 2292 3700 2357 igitur

2135 2363 2188 2413 in
2209 2376 2319 2415 mea
2342 2365 2562 2415 oratione
2587 2366 2762 2427 enitar,
2791 2366 2848 2416 ut
2869 2367 2921 2416 et
2947 2364 3098 2417 istum
3119 2368 3378 2418 mendacii
3405 2380 3604 2431 arguam
3617 2406 3632 2431 ,
3657 2374 3700 2421 et

2137 2452 2217 2489 me
2237 2440 2396 2503 ipsum
2413 2439 2667 2491 ostendam
2701 2440 2770 2490 ita
2803 2440 2855 2490 in
2884 2441 3014 2491 bunc
3049 2456 3206 2505 usque
3229 2442 3370 2493 diem
3401 2443 3556 2493 vitam
3577 2444 3700 2496 insti·

2137 2512 2313 2577 tuisse,
2354 2517 2411 2564 ut
2445 2514 2590 2565 laude
2624 2515 2774 2577 magis
2795 2528 2944 2578 quam
2977 2516 3159 2567 invidia
3186 2517 3372 2581 dignus
3395 2520 3510 2569 sim.
3570 2522 3698 2571 Nulla

2138 2589 2266 2639 enim
2297 2588 2392 2639 alia
2415 2588 2478 2639 de
2509 2602 2657 2639 causa
2683 2590 2774 2640 iste
2803 2590 2921 2639 mibi
2949 2590 3142 2641 videtur
3171 2592 3306 2641 lianc
3349 2594 3698 2643 contentionem

2139 2666 2400 2716 instituisse
2443 2678 2589 2727 quam
2633 2668 2830 2730 propter
2871 2666 3118 2716 invidiam.
3209 2670 3283 2732 (2)
3331 2670 3562 2718 Attamen
3611 2673 3696 2733 qui·

2140 2751 2349 2802 cumque
2401 2741 2470 2789 eis
2502 2739 2687 2791 invidet
2733 2752 2858 2803 quos
2913 2741 3204 2792 miserantur
3265 2743 3450 2807 ceteri,
3501 2758 3696 2807 quonam

2139 2815 2458 2879 improbitatis
2505 2828 2679 2879 gauere
2731 2817 2972 2867 abstinere
3017 2819 3155 2869 vobis
3205 2818 3474 2870 videatur?
3533 2822 3696 2881 Quodn·

2139 2884 2247 2936 ideo
2286 2898 2364 2935 me
2405 2889 2599 2937 accusat
2639 2886 2771 2951 quod
2806 2887 2942 2938 dives
2971 2888 3090 2951 sim,
3131 2888 3542 2941 calumniatorem
3578 2894 3691 2954 agit:

2140 2962 2214 3012 sin
2259 2975 2340 3011 me
2379 2964 2517 3026 cupit
2561 2964 2728 3013 ulcisci
2773 2965 3008 3028 tanquam
3048 2964 3334 3030 inimicum,
3375 2968 3430 3017 in
3464 2967 3558 3017 hoc
3590 2981 3692 3031 quo·

2139 3052 2237 3102 que
2257 3042 2523 3103 mentitur3
2551 3041 2787 3105 siquidem
2813 3045 3007 3105 propter
3033 3044 3402 3106 improbitatem
3425 3046 3573 3109 lpslus
3592 3059 3690 3097 eum

2141 3128 2386 3180 nunquam
2405 3118 2547 3169 amici
2564 3119 2650 3168 aut
2669 3118 2851 3169 inimici
2869 3120 2920 3169 in
2941 3119 3050 3169 loco
3067 3113 3252 3171 habui.⁸
3306 3121 3378 3187 (3)
3402 3126 3596 3174 constat
3611 3124 3686 3187 igi·

2141 3195 2241 3257 tur,
2263 3197 2504 3246 senatores
2519 3232 2534 3257 ,
2555 3196 2702 3246 istum
2723 3196 2845 3245 mihi
2871 3196 3112 3259 invidere,
3137 3198 3275 3261 quod
3307 3213 3398 3263 ego
3421 3200 3597 3251 scilicet
3613 3202 3690 3252 bu·

2141 3272 2356 3335 jusmodi
2395 3273 2670 3323 calamitate
2706 3286 2959 3337 oppressus
2993 3276 3382 3339 praestantiorem
3415 3277 3518 3340 ipso
3550 3278 3688 3329 civem

2143 3360 2223 3397 me
2238 3361 2414 3412 geram.
2479 3348 2668 3412 Quippe
2695 3349 2946 3411 existimo,
2969 3351 3216 3401 senatores
3229 3385 3246 3412 ,
3277 3354 3495 3415 corporis
3519 3353 3688 3403 incom-

2143 3423 2286 3473 moda
2307 3423 2454 3473 animi
2474 3423 2669 3474 dotibus
2693 3436 2796 3474 ease
2815 3423 3130 3475 emendanda.
3195 3428 3262 3475 Et
3281 3426 3503 3489 profecto
3517 3427 3690 3490 jun-eila

2145 3500 2335 3551 sentioz
2373 3500 2415 3549 si
2445 3500 2576 3550 enim
2610 3500 2817 3551 similem
2847 3500 3061 3563 corporis
3085 3500 3382 3565 calamitati,
3411 3504 3462 3553 et
3487 3503 3686 3553 animum

2145 3589 2306 3638 geram
2344 3578 2394 3628 et
2420 3578 2631 3627 ceteram
2673 3577 2789 3628 vltoe
2821 3578 3058 3628 rationem
3083 3578 3368 3643 instituam,
3403 3592 3500 3643 qua
3523 3580 3688 3631 ratione

2147 3648 2294 3697 istum
2317 3648 2588 3711 superabo?

2209 3736 2256 3782 4.
2292 3736 2364 3783 De
2382 3731 2456 3783 his
2479 3733 2620 3797 igitur
2645 3732 2878 3783 haetenus
2903 3754 2917 3783 ε
2935 3732 2997 3784 de
3013 3734 3192 3797 quibus
3212 3738 3381 3787 autem
3401 3736 3518 3786 mihi
3535 3736 3682 3787 dicen·

2145 3827 2265 3876 dum
2281 3830 2381 3888 est,
2396 3840 2454 3877 ea
2468 3839 2616 3890 quam
2629 3825 2908 3878 brevissime
2925 3827 3030 3879 fleri
3047 3830 3226 3893 poterit
3239 3830 3511 3895 expediam.
3571 3834 3681 3881 con-

2145 3918 2301 3969 tendit
2338 3920 2593 3968 accusator
2623 3930 2702 3968 me
2735 3920 2913 3983 praeter
2933 3918 3014 3981 jus
3045 3920 3251 3983 pecunia
3291 3921 3486 3985 publica
3509 3922 3677 3972 susten·

2146 4007 2240 4056 tari
2268 4025 2281 4057 z
2310 4019 2422 4056 nam
2439 4009 2489 4056 et
2505 4018 2704 4069 corpore
2729 4006 2895 4057 valere
2908 4042 2926 4069 ,
2953 4020 3112 4071 neque
3133 4020 3281 4060 essee
3296 4022 3502 4060 numero
3521 4007 3674 4058 invali-

2147 4094 2349 4159 dorum,
2372 4107 2432 4144 ac
2461 4095 2692 4157 praeterea
2723 4094 2878 4145 artem
2901 4094 3078 4146 callere
3103 4095 3370 4160 eiusmodi,
3399 4098 3454 4147 ut
3473 4097 3569 4147 sine
3595 4096 3674 4145 hoe

2148 4182 2473 4233 emolumento
2485 4182 2648 4233 vivere
2666 4194 2857 4244 queam.
2921 4182 2990 4245 (5)
3012 4183 3170 4246 Atque
3186 4184 3362 4235 harum
3379 4198 3534 4236 rerum
3557 4196 3674 4245 argu·

2149 4277 2322 4326 mentis
2360 4276 2532 4339 utitur,
2563 4276 2778 4339 corporei
2809 4276 2993 4327 scilicet
3029 4276 3243 4340 roboris,
3287 4278 3422 4343 quod
3446 4278 3494 4329 in
3541 4290 3672 4339 equos

2149 4367 2419 4429 ascendam3
2439 4368 2651 4430 quaestus
2663 4367 2826 4416 autem
2839 4379 2903 4416 ex
2913 4366 3018 4416 arte
3026 4367 3370 4433 provenientis,
3383 4367 3510 4432 quod
3525 4380 3670 4417 eorum

2150 4462 2400 4512 hominum
2418 4460 2745 4511 familiaritate
2769 4462 2878 4511 utar
2899 4460 2986 4524 qui
3007 4462 3280 4525 sumptibus
3295 4462 3545 4513 tolerandis
3559 4458 3666 4511 suffi-

2150 4557 2302 4607 ciunt.
2369 4558 2622 4615 Quaestnm
2649 4554 2795 4619 igitur
2829 4554 2914 4619 qui
2940 4555 3060 4605 milii
3085 4568 3150 4606 ex
3175 4558 3282 4607 arte
3305 4556 3536 4621 suppetit,
3561 4554 3666 4604 cete-

2149 4662 2352 4713 ramque
2364 4662 2560 4700 omnem
2577 4649 2694 4699 vitae
2719 4661 2844 4699 mem
2859 4648 3099 4700 rationem
3121 4662 3210 4701 vos
3225 4663 3394 4702 omnes
3415 4659 3665 4713 cognoscere

2149 4745 2384 4807 arbitron
2407 4758 2495 4809 ego
2511 4747 2672 4795 tamen
2696 4745 2862 4809 paucis
2876 4744 3129 4809 attingam.
3195 4745 3263 4809 (6)
3295 4746 3412 4797 nihi
3427 4742 3663 4809 paternihil

2150 4840 2370 4904 reliquit3
2389 4841 2593 4890 matrem
2609 4838 2881 4889 defunctam
2903 4838 3064 4889 tribus
3080 4838 3254 4889 abhinc
3273 4840 3410 4891 annis
3447 4839 3562 4889 alem
3591 4832 3660 4883 de-

2150 4934 2268 4985 suu.
2335 4934 2531 4985 Liberos
2569 4931 2788 4984 noudum
2814 4932 2969 4983 babeo
2994 4934 3080 4997 qui
3101 4947 3182 4984 me
3207 4936 3379 4985 curent
3406 4954 3419 4985 ι
3449 4933 3497 4983 et
3529 4930 3660 4980 artem
3771 4986 3773 4997 ⁴

2151 5030 2301 5082 calleo
2317 5042 2382 5080 ex
2393 5041 2490 5093 qua
2499 5029 2700 5093 exiguus
2715 5027 2978 5079 admodum
2995 5029 3182 5079 fluctus
3193 5030 3347 5080 oritur
3356 5046 3373 5093 ;
3388 5040 3523 5094 quam
3537 5036 3655 5076 exe·-

2152 5138 2238 5178 ceo
2262 5124 2534 5189 egerrime,
2579 5125 2631 5176 et
2663 5138 2858 5177 servum
2895 5124 2975 5175 cui
3004 5124 3057 5175 in
3091 5136 3266 5177 manus
3301 5125 3482 5177 tradere
3507 5118 3656 5187 poesim

2150 5222 2364 5275 nondum
2383 5221 2564 5289 inveni.
2596 5220 2687 5273 mc
2709 5221 2852 5286 igitur
2881 5214 3017 5271 solus
3037 5219 3158 5275 mibi
3183 5219 3464 5287 relinquitur
3482 5221 3644 5281 proven·
