3825 5842
152 533 167 600 s
174 555 328 597 74-77
347 537 366 614 )

145 671 408 751 ταμελήσῃ,
430 665 574 728 οὐδὲν
599 664 674 725 ἔτι
696 665 856 726 πλέον
881 668 1146 740 ποιήσετε.
1230 667 1346 748 (ιω)
1371 666 1464 740 Μὴ
1489 669 1656 729 τοίνυν

147 765 247 844 μήθ’
268 767 388 838 ὑμᾶς
409 758 588 826 αὐτοὺς
617 759 721 815 τῶν
744 759 838 816 ἀπ’
861 759 988 833 ἐμοῦ
1015 755 1236 817 ἐλπίδων
1263 757 1655 840 ἀποστερήσητε

146 855 248 932 μήτ’
273 849 357 929 ἐμὲ
385 851 482 908 τῶν
505 850 576 916 εἷς
603 851 759 923 ὑμᾶς.
801 844 952 914 Ἀξιῶ
981 847 1024 905 δ’.
1047 845 1210 925 ἔγωγε
1234 845 1448 916 τούτους
1475 846 1656 914 οἵτινες

144 947 244 1022 ὑμῖν
261 943 430 1020 ἀρετῆς
451 936 550 1008 ἤδη
587 941 680 1008 τ’ῆς
703 934 952 1014 μεγίστης
979 938 1051 1002 εἰς
1075 935 1135 994 τὸ
1161 937 1359 1008 πλῆθος
1380 935 1440 995 τὸ
1463 935 1656 1014 ὑμέτε-

83 1065 126 1104 w
147 1057 213 1114 ρον
237 1033 430 1106 ἔλεγχον
461 1025 664 1096 ἔδοσαν,
695 1023 990 1091 ἀναὸάντας
1021 1025 1258 1082 ἐνταυθοῖ
1283 1023 1654 1103 συμβουλεύειν

143 1122 240 1198 ὑμῖν
265 1117 295 1174 ἃ
318 1115 617 1192 γινώσκουσι
640 1111 760 1194 περὶ
783 1114 926 1191 ἐμοῦ.
973 1115 1142 1193 Δεῦρο
1167 1110 1380 1188 Ἄνυτε,
1409 1111 1651 1193 Κέφαλε,

143 1210 202 1268 ἔτι
221 1205 268 1266 δὲ
300 1203 380 1263 καὶ
409 1206 456 1262 οἱ
483 1200 702 1283 φυλέται
723 1205 772 1261 οἱ
797 1201 1050 1283 ᾑρημένοι
1082 1223 1171 1279 μοι
1203 1201 1475 1277 συνδικεῖν,
1499 1199 1656 1282 Θρά-

117 1300 298 1362 ·συλλος
317 1293 398 1353 καὶ
417 1295 462 1351 οἱ
481 1291 650 1350 ἄλλοι.
1633 1303 1636 1308 ·

834 1599 918 1662 Β’.

79 1819 117 1856 ³0
303 1781 473 1846 ΠΕΡΙ
512 1779 680 1840 ΤΗΣ
720 1774 1024 1838 ΕΑΥΤΟΥ
1069 1773 1446 1835 ΚΑΘΟΔΟΥ.

201 1975 258 2034 Εἰ
282 1968 386 2049 μέν,
405 1957 448 2027 ι’ἶι
471 1966 684 2048 ἄνδρες,
706 1967 758 2024 ἐν
777 1964 934 2045 ἑτέρῳ
961 1987 1038 2043 τῳ
1065 1961 1336 2042 πράγματι
1355 1961 1402 2020 οἱ
1431 1955 1653 2038 παριόν-

136 2087 205 2128 τες
221 2060 284 2131 μὴ
307 2056 396 2128 τὴν
420 2052 586 2127 αὑτὴν
625 2052 840 2132 γνώμην
882 2051 1086 2132 ἔχοντες
1127 2049 1319 2116 πάντες
1359 2047 1653 2128 ἐφαίνοντο,

137 2121 254 2212 οὐδέν
281 2147 339 2206 ἂν
359 2143 662 2221 θαυμαστὸν
687 2142 916 2220 ἐνόμιζον
932 2163 946 2177 ·
966 2138 1100 2199 ὅπου
1129 2137 1304 2216 μέντοι
1331 2137 1412 2196 δεῖ
1431 2135 1526 2208 τὴν
1555 2133 1654 2193 πό-

134 2243 198 2298 λιν
217 2236 300 2315 ἐμέ
311 2259 358 2294 τι
376 2237 593 2304 ποιῆσαι
627 2229 838 2309 ἀγαθόν,
851 2228 888 2301 ἢ
911 2227 960 2287 εἴ
983 2251 1059 2295 τις
1078 2226 1248 2308 ἕτερος
1269 2223 1505 2306 βούλοιτο
1523 2225 1654 2300 ἐμοῦ

73 2361 115 2399 ⁴⁰
135 2327 317 2398 κακίων,
342 2319 629 2381 δεινότατον
651 2316 897 2378 ἁπάντων
920 2313 1210 2396 χρημάτων
1229 2317 1458 2393 ἡγοῦμαι
1479 2358 1497 2390 ,
1517 2313 1561 2370 εἰ
1578 2315 1654 2392 τῷ

135 2414 212 2492 μὲν
239 2415 368 2472 δοκεῖ
399 2414 596 2484 ταῦτα,
624 2409 702 2487 τῷ
733 2404 786 2465 δὲ
816 2403 919 2482 μή,
963 2401 1099 2462 ἀλλὰ
1130 2401 1205 2479 μὴ
1232 2410 1390 2460 πᾶσιν
1441 2398 1651 2476 ὁμοίοις.

135 2502 274 2582 Εἴπερ
297 2499 390 2580 γὰρ
414 2501 450 2569 ἡ
477 2495 636 2562 πόλις
659 2492 902 2553 ἁπάντων
934 2494 1037 2550 τῶν
1067 2490 1477 2568 πολιτευομένων
1505 2486 1652 2558 κοινή

131 2595 244 2660 ἐστι,
263 2585 426 2647 καὶτὰ
441 2581 698 2662 γινόμενα
723 2579 888 2654 δήπου
908 2577 1080 2658 ἀγαθὰ
1103 2582 1170 2659 τῇ
1185 2577 1334 2637 πόλει
1360 2575 1506 2636 κοινά
1523 2578 1650 2635 ἐστι.

133 2681 184 2756 (2)
207 2674 350 2738 Τουτὶ
372 2671 537 2734 τοίνυν
573 2670 640 2732 τὸ
659 2670 798 2750 μέγα
821 2668 910 2730 καὶ
938 2668 1098 2728 δεινὸν
1122 2666 1370 2748 πάρεστιν
1392 2665 1511 2740 ὑμῖν
1527 2666 1652 2744 ὁρᾶν

128 2765 225 2835 τοὺς
243 2764 326 2844 μὲν
351 2763 454 2836 ἤδη
484 2760 837 2841 πράττοντας,
856 2757 970 2826 τοὺς
988 2755 1044 2816 δὲ
1065 2754 1202 2836 τάχα
1231 2753 1514 2832 μέλλοντας
1530 2774 1544 2789 ·
1559 2751 1654 2811 καί

113 2878 202 2932 ,μοι
217 2853 439 2932 μέγιστον
469 2857 658 2928 θαῦμα
671 2847 994 2930 παρέστηκε,
1016 2843 1066 2904 τί
1092 2867 1218 2904 ποτε
1243 2834 1384 2902 οὗτοι
1411 2843 1458 2900 οἱ
1474 2838 1654 2921 ἄνδρες

68 2947 274 3018 ῃδεινῶς
287 2939 442 3008 οὕτως
453 2936 844 3020 περικαίονται,
868 2931 915 2994 εἴ
930 2958 981 2992 τι
1013 2937 1148 3010 ὑμᾶς
1169 2929 1272 3011 χρὴ
1304 2927 1497 3009 ἀγαθὸν
1524 2930 1652 3004 ἐμοῦ

129 3031 424 3112 ἐπαυρέσθαι.
461 3033 557 3088 Δεῖ
585 3024 692 3106 γὰρ
733 3020 919 3090 αὐτοὺς
949 3022 1065 3094 ἤτοι
1097 3017 1485 3097 ἀμαθεστάτους
1519 3007 1652 3074 εἶναι

128 3121 305 3179 πάντων
328 3115 646 3198 ἀνθρώπων,
667 3113 706 3186 ἢ
733 3118 800 3194 τῇ
822 3111 972 3172 πόλει
999 3107 1166 3190 ταύτῃ
1188 3105 1648 3186 δυσμενεστάτους.

128 3212 182 3269 Εἰ
201 3208 284 3286 μέν
309 3230 366 3284 γε
391 3204 666 3282 νομίζουσι
687 3207 781 3274 τῆς
797 3197 996 3266 πόλεως
1018 3190 1075 3258 εὖ
1112 3195 1446 3279 πραττούσης
1473 3193 1565 3254 καὶ
1584 3193 1652 3253 τὰ

127 3298 214 3357 ἴδια
231 3299 360 3379 σφῶν
377 3296 550 3354 αὐτῶν
587 3291 799 3370 ἄμεινον
828 3289 890 3349 ἂν
903 3287 1164 3370 φέρεσθαι,
1185 3284 1651 3365 ἀμαθέστατοίεῖσι

81 3415 100 3452 ι
130 3385 182 3445 τὰ
195 3388 378 3444 ἐναντία
390 3388 478 3442 νῦν
496 3385 566 3462 τῇ
588 3382 787 3440 ἑαυτῶν
795 3375 1016 3461 ὠφελείᾳ
1033 3375 1350 3443 σπεύδοντες·
1368 3375 1428 3456 (3)
1443 3376 1489 3433 εἰ
1505 3372 1558 3432 δὲ
1576 3372 1651 3453 μὴ

128 3473 263 3535 ταύτὰ
286 3477 528 3550 ἡγοῦνται
547 3474 700 3550 σφίσι
720 3491 777 3526 τε
805 3468 974 3533 αὐτοῖς
1001 3488 1108 3542 συμ
1149 3463 1281 3544 ε’ρειν
1307 3461 1397 3522 καὶ
1421 3465 1497 3544 τῷ
1520 3465 1650 3540 ὑμε-

128 3563 238 3643 τέρω
256 3556 398 3626 κοινῶ
411 3605 428 3634 ,
459 3557 741 3635 δυσμενεῖς
761 3554 824 3614 ἂν
850 3559 916 3635 τῇ
937 3552 1087 3613 πόλει
1111 3487 1208 3610 Rev
1227 3573 1240 3586 ·
1267 3549 1447 3619 οἵτινες
1473 3552 1652 3631 εἰσαγ-

126 3625 352 3731 γείλαντός
370 3627 474 3726 μου
505 3645 790 3726 ἀπόρρητα
818 3645 890 3712 εἷς
919 3641 1014 3714 τὴν
1038 3641 1228 3722 βουλὴν
1253 3639 1374 3720 περὶ
1399 3643 1502 3698 τῶν
1523 3663 1654 3720 πρα-

125 3741 327 3818 γμάτων,
347 3729 418 3798 ὧν
443 3731 901 3796 ἀποτελεσθέντων
941 3733 1035 3790 οὖκ
1064 3729 1164 3789 εἰσὶ
1196 3733 1261 3809 τῇ
1305 3729 1454 3788 πόλει
1486 3727 1655 3810 ταύτῃ

127 3828 318 3906 μείζονες
340 3825 628 3907 ὠφέλειαι,
657 3819 747 3882 καὶ
779 3818 970 3880 τούτων
1009 3817 1400 3884 ἀποδεικνύντος
1427 3840 1528 3895 μου
1553 3825 1658 3886 τοῖς

129 3917 391 3996 βουλευταῖς
414 3915 607 3996 σαφεῖς
624 3935 682 3972 τε
709 3909 802 3970 καὶ
826 3907 1066 3990 βεὸαίους
1091 3906 1185 3975 τὰς
1208 3905 1492 3986 ἀποδείξεις
1507 3951 1526 3983 ,
1551 3909 1660 3966 ἐκεῖ

125 4009 202 4081 μὲν
223 4005 328 4064 οὗτε
365 4002 570 4062 τούτοιν
611 4003 716 4060 τῶν
759 3998 956 4078 ἀνδρῶν
980 3997 1029 4054 οἱ
1051 3993 1459 4075 παραγενόμενοι
1497 3992 1658 4073 ἐλέγ-

73 4119 104 4149 ϊ
121 4095 266 4162 ξαντες
287 4085 382 4154 οἶοί
407 4095 454 4151 τ’
505 4083 652 4163 ἦσαν
689 4085 961 4155 ἀποδεῖξαι
989 4083 1038 4144 εἴ
1069 4107 1120 4142 τι
1146 4083 1223 4162 μὴ
1247 4085 1408 4164 ὀρθῶς
1426 4082 1650 4163 ἐλέγετο,

125 4183 211 4242 οὔτ’
237 4182 384 4248 ἄλλος
402 4179 606 4252 οὐδείς,
639 4176 820 4236 ἐνθάδε
841 4173 896 4234 δὲ
924 4178 1013 4232 νῦν
1025 4175 1306 4252 πειρῶνται
1333 4164 1654 4232 διαὸοίλλειν.

128 4274 170 4346 (ι)
195 4273 410 4346 Σημεῑον
437 4258 530 4326 οὖν
561 4271 718 4324 τοῦτο
753 4262 832 4322 ὅτι
860 4253 1000 4320 οὗτοι
1033 4262 1128 4319 οὐκ
1157 4262 1248 4340 ἀφ’
1295 4263 1462 4318 αὑτῶν
1492 4264 1656 4318 ταῦτα

126 4359 403 4436 πράττουσιν
430 4353 622 4434 (εὐθὺς
648 4352 752 4432 γὰρ
781 4349 842 4410 ἂν
867 4347 984 4409 τότε
1010 4351 1395 4426 ἠναντιοῦντο),
1417 4351 1534 4408 ἀλλ’
1563 4351 1658 4407 ἀπ’

127 4449 290 4528 ἀνδρῶν
316 4444 533 4524 ἑτέρων,
575 4433 675 4501 οἶοί
701 4443 828 4498 εἰσιν
859 4441 912 4496 ἐν
931 4442 998 4519 τῇ
1029 4436 1179 4496 πόλει
1215 4436 1409 4517 ταύτῃ,
1456 4437 1659 4506 οὐδενὸς

127 4535 176 4592 ἂν
195 4535 450 4615 γρῆματος
469 4530 749 4608 δεξάμενοι
774 4533 909 4606 ὑμᾶς
931 4549 982 4584 τι
1007 4526 1199 4606 ἀγαθὸν
1223 4526 1272 4595 ἐξ
1294 4529 1420 4603 ἐμοῦ
1439 4527 1649 4608 πρᾶξαι.

127 4605 373 4681 Καὶ-αὐτοὶ
397 4619 498 4701 μὲν
525 4611 666 4678 οὗτοι
691 4619 739 4676 οἱ
767 4615 945 4699 ἄνδρες
970 4616 1030 4675 οὗ
1051 4617 1285 4692 τολμῶσι
1313 4625 1443 4696 σφᾶς
1476 4615 1659 4684 αὐτοὺς

71 4740 101 4775 {5
125 4709 241 4776 εἰςτὸ
255 4710 407 4786 μέσον
426 4705 861 4779 καταστήσαντες
881 4701 1281 4783 διισχυρίζεσθαι
1303 4703 1420 4783 περὶ
1437 4703 1653 4778 τούτων,

125 4797 404 4876 φῦὸούμενοι
433 4795 656 4873 ἔλεγγον
701 4791 894 4852 διδόναι
921 4791 970 4850 εἴ
1002 4814 1054 4849 τι
1079 4793 1150 4857 εἷς
1183 4793 1317 4868 ὑμᾶς
1343 4789 1658 4870 τυγχάνουσι

129 4886 189 4959 μὴ
220 4878 272 4944 εὗ
307 4863 644 4967 φρονοῦντες·
673 4881 877 4961 ἑτέρους
903 4879 957 4938 δὲ
989 4877 1334 4954 εἰσπέμπουσι
1352 4923 1368 4950 ,
1401 4878 1659 4946 τοιούτους

127 4973 392 5057 ἀνθρώπους
420 4964 498 5041 οἷς
523 4969 828 5049 εἰθισμένοις
845 4969 946 5042 ἤδη
966 4971 1324 5047 ἀναισχυντεῖν
1347 4965 1491 5026 οὐδὲν
1537 4969 1658 5027 δια-

51 5045 60 5052 ⁶
127 5064 242 5143 φέρει
263 5064 418 5121 εἰπεῖν
441 5085 504 5120 τε
538 5061 628 5118 καὶ
646 5062 865 5118 ἀκοῦσαι
894 5056 960 5115 τὰ
989 5055 1213 5135 μέγιστα
1241 5059 1343 5114 τῶν
1367 5059 1563 5114 κακῶν.
1585 5059 1654 5135 (ο)

127 5155 166 5210 Τ
167 5151 190 5210 ὸ
215 5155 253 5211 δ’
285 5149 505 5231 ἰσχυρὸν
535 5153 690 5206 τοῦτο
717 5145 870 5224 μόνον
889 5145 1040 5226 εὕροι
1063 5168 1139 5212 τις
1173 5143 1236 5204 ἂν
1274 5147 1443 5203 αὐτῶν
1477 5147 1528 5204 ἐν
1553 5149 1659 5214 τοῖς

125 5239 294 5316 λόγοις,
320 5219 414 5306 τας
442 5237 580 5316 ἐμὰς
625 5233 894 5317 συμφορὰς
930 5234 1015 5294 ἐπὶ
1041 5232 1200 5292 παντὶ
1237 5232 1517 5307 ὀνειδίζειν,
1568 5235 1658 5294 καὶ

125 5334 268 5386 ταῦτα
290 5331 348 5390 ἐν
372 5327 544 5388 εἰδόσι
571 5324 740 5398 δήπου
782 5322 993 5384 κάλλιον
1027 5326 1175 5403 ὑμῖν,
1218 5320 1354 5382 ὥστε
1391 5321 1554 5401 μηδὲν
1595 5322 1658 5382 ἂν

1153 533 1563 630 ANnocmls
1606 535 1730 598 on.
1776 537 1880 600 DE
1924 541 2068 603 suo
2081 533 2410 604 v-xmzniru
3198 559 3292 621 -ra

1745 679 1991 740 poeuiteat.
2076 683 2203 747 (150)
2228 686 2392 748 Neque
2418 686 2561 749 igitur
2582 695 2770 744 vosmet
2796 691 2885 754 ipsi
2901 705 2983 755 spe
3006 691 3243 748 bonorum
3266 711 3297 748 a

1744 770 1824 807 me
1842 757 2255 822 impetrandorum
2267 764 2469 827 private,
2486 779 2645 830 neque
2660 783 2742 820 me
2758 784 2841 834 spe
2859 771 3099 822 bonorum
3116 787 3146 823 a
3159 776 3301 826 vobis

1745 839 2167 898 proventuromm.
2182 841 2399 892 Tandem
2417 843 2505 894 bos
2516 858 2603 908 ego
2616 847 2763 910 viros,
2778 849 2862 912 qui
2876 849 3069 903 virtutis
3077 853 3301 903 maximae

1745 913 1872 976 plebi
1894 917 2067 966 vestrae
2106 917 2398 970 documenta
2427 920 2707 988 ediderunt,
2746 939 2863 988 rogo
2894 927 2951 976 ut
2992 927 3301 980 ascendentes

1745 990 1842 1041 huc
1861 1007 1949 1044 vos
1965 994 2027 1044 de
2056 1009 2135 1046 me
2152 997 2269 1060 quid
2299 998 2391 1049 sibi
2413 998 2643 1068 videatur'
2660 1001 2864 1054 doceant
2898 1005 3303 1070 consiliorumque

1746 1073 1882 1123 vobis
1899 1075 2121 1126 auctores
2146 1075 2281 1126 fiant.
2349 1081 2456 1130 Huc
2482 1080 2595 1130 adoe
2618 1083 2799 1147 Anyte,
2828 1083 2923 1134 huc
2945 1085 3181 1151 cephale,
3206 1087 3302 1138 buc

1743 1151 1906 1204 adeste
1924 1168 2011 1205 vos
2034 1155 2233 1206 tribules
2248 1157 2333 1221 qui
2354 1172 2383 1208 a
2402 1158 2529 1209 tribu
2555 1173 2663 1210 mea
2678 1161 2853 1212 delecti
2880 1163 2995 1214 estis
3018 1165 3081 1215 ad
3106 1179 3301 1217 causam

1745 1245 1938 1284 mecum
1956 1233 2302 1288 defendendam
2313 1274 2330 1301 ,
2344 1239 2399 1288 tu
2410 1275 2425 1302 ‚
2445 1241 2587 1305 puta,
2604 1239 2850 1306 Thrasylle
2866 1244 2916 1294 et
2934 1245 3174 1310 quotquot
3190 1247 3303 1298 estis

1742 1311 1930 1375 reliqui.

2485 1598 2564 1658 11.

2024 1765 2124 1826 DE
2164 1765 2309 1829 SUO
2354 1768 2643 1832 REDITU
2685 1772 3003 1834 ORATIO.

1806 1955 1910 2005 Alia
1928 1955 2124 2019 quidem
2142 1958 2365 2022 quapiam
2382 1958 2435 2010 in
2457 1973 2538 2022 re,
2562 1959 2679 2024 viri,
2698 1961 2739 2012 si
2767 1963 3002 2014 sententia
3023 1979 3121 2017 non
3144 1969 3205 2020 sit
3222 1983 3301 2020 ea·

1743 2041 1855 2092 dem
1885 2043 2109 2094 omnibus
2138 2044 2200 2094 ad
2215 2045 2471 2096 dicendum
2506 2048 2879 2114 prodeuntibus,
2916 2051 3048 2103 haud
3071 2057 3295 2118 equidem

1744 2129 1890 2179 mirer
1916 2149 1930 2180 ε
1952 2131 2035 2180 ubi
2057 2133 2221 2183 autem
2244 2132 2339 2182 boc
2362 2133 2535 2196 agitur,
2557 2135 2614 2186 ιιι
2638 2149 2763 2199 resp.
2782 2150 2813 2186 a
2830 2150 2909 2188 me
2926 2138 3161 2192 beneficio
3176 2158 3298 2208 quo-

1743 2206 1854 2260 dam
1869 2210 2069 2258 ornetur
2087 2209 2180 2258 alio
2199 2210 2425 2274 quopiam
2447 2211 2591 2261 modo
2603 2249 2619 2275 ,
2638 2226 2785 2276 quam
2805 2228 2903 2277 quo
2920 2217 3029 2279 quis
3050 2219 3169 2270 alius
3188 2224 3301 2273 velit

1743 2307 1822 2343 me
1838 2294 2127 2358 inferior,ibi
2144 2309 2335 2346 mecum
2354 2297 2473 2348 alios
2490 2298 2773 2360 consentire,
2792 2301 2912 2352 alios
2932 2302 3200 2370 dissentire,
3218 2323 3299 2360 ne·

1743 2397 1836 2448 que
1848 2396 2039 2436 sensum
2052 2382 2275 2434 omnibus
2284 2384 2488 2436 eundem
2497 2386 2670 2450 inesse,
2680 2386 2728 2437 id
2740 2401 2855 2439 vero
2866 2384 3071 2442 arbitror
3083 2396 3298 2448 omnium

1743 2463 1844 2522 esse
1863 2470 2257 2534 indignissimum.
2308 2472 2491 2523 Civitas
2510 2473 2638 2523 enim
2664 2475 2704 2524 si
2729 2469 2998 2529 communis
3014 2475 3087 2531 e'st
3118 2482 3303 2534 civibus

1743 2556 1993 2619 omnibus,
2013 2570 2203 2609 necesse
2239 2557 2311 2609 est
2338 2559 2423 2622 ut,
2442 2571 2554 2622 quae
2578 2559 2769 2610 civitati·
2788 2562 3015 2614 salutaria
3044 2568 3300 2632 eveniunt,

1743 2647 1929 2696 cunctis
1950 2659 2145 2710 quoque
2172 2646 2269 2696 sint
2298 2648 2484 2698 civibus
2514 2649 2805 2700 communia.
2875 2652 2944 2716 (2)
2976 2655 3081 2704 Hoc
3109 2657 3271 2707 autem
3285 2695 3300 2721 ,

1743 2734 1874 2798 quod
1894 2747 2041 2798 grave
2059 2735 2107 2785 et
2134 2734 2379 2798 indignum
2398 2736 2475 2787 aio
2492 2750 2596 2788 esse
2609 2777 2624 2803 ,
2642 2738 2757 2788 licet
2775 2751 2972 2791 cernere
2994 2742 3114 2794 alios
3138 2744 3187 2794 id
3199 2747 3301 2810 jam

1743 2821 1961 2884 agentes,
1976 2821 2094 2871 alios
2112 2822 2281 2888 ¹paullo
2302 2823 2411 2885 post
2432 2823 2629 2875 forsitan
2649 2827 2843 2876 acturos
2863 2841 2876 2876 z
2900 2825 3051 2878 miror
3076 2831 3300 2894 equidem

1742 2906 1974 2970 majorem
1997 2907 2047 2956 in
2064 2907 2261 2957 modum
2273 2945 2289 2971 ,
2304 2906 2479 2970 ecquid
2498 2909 2689 2959 tandem
2704 2911 2793 2973 sit,
2808 2925 2896 2960 cur
2914 2912 2963 2961 bi
2980 2915 3081 2963 tam
3100 2916 3301 2966 urantur

1743 2986 2070 3049 vehementer,
2090 2985 2220 3049 quod
2243 2999 2273 3036 a
2298 2999 2377 3036 me
2396 2987 2510 3036 boni
2534 2988 2797 3052 quicquam
2820 2990 2882 3040 ad
2900 3002 2988 3041 vos
3011 2993 3075 3042 sit
3103 3007 3302 3058 perven-

1742 3075 1924 3123 turum.
1971 3073 2168 3135 Oportet
2188 3085 2270 3123 eos
2286 3073 2455 3136 utique
2474 3075 2560 3124 aut
2576 3074 2826 3126 bominum
2856 3077 3073 3128 omnium
3094 3078 3301 3133 taulissi·

1741 3173 1873 3222 mos,
1893 3160 1980 3209 aut
1998 3158 2274 3223 reipublicoe
2290 3161 2463 3210 vestrae
2482 3161 2955 3214 malevolentissimos
2978 3178 3098 3217 esse.
3118 3169 3241 3218 Nam
3259 3170 3301 3220 si

1742 3261 2022 3312 persuasum
2044 3247 2131 3298 sibi
2158 3248 2338 3298 habent
2351 3285 2366 3311 ,
2386 3261 2487 3312 rep.
2519 3248 2745 3311 florente,
2764 3263 2842 3301 res
2861 3264 3056 3316 quoque
3070 3267 3183 3305 suas
3200 3257 3301 3319 pri-

1743 3329 1882 3377 vatas
1901 3326 2101 3376 meliore
2122 3325 2230 3375 loco
2250 3326 2437 3376 suturas
2454 3339 2557 3377 esse
2568 3363 2583 3388 ,
2606 3326 2876 3378 stultissimi
2896 3332 3014 3380 sunt
3031 3333 3299 3385 commodis

1741 3404 1830 3468 ipsi
1847 3403 1947 3454 suis
1970 3403 2262 3466 officientes;
2328 3403 2397 3466 (3)
2422 3405 2497 3455 sin
2516 3405 2683 3456 autem
2702 3417 2791 3456 sua
2811 3406 2903 3457 sibi
2921 3406 3101 3459 habent
3116 3411 3301 3473 privata

1743 3489 1997 3540 commoda
2017 3503 2047 3539 a
2071 3490 2243 3540 vestris
2262 3489 2465 3552 publicis
2480 3491 2721 3553 seiuncta,
2746 3489 2919 3542 intensi
2950 3493 3067 3557 reip.
3102 3494 3298 3548 fuerint.

1745 3584 1931 3630 Arcana
1942 3577 2165 3643 quumad
2178 3578 2398 3627 senatum
2416 3577 2837 3629 intronuntiassem
2850 3578 2909 3629 iis
2923 3578 2986 3629 de
3003 3579 3166 3646 rebus,
3190 3597 3300 3646 quac

1742 3668 1784 3718 si
1814 3667 2003 3718 exitum
2030 3667 2314 3728 sortiantur,
2346 3667 2558 3717 maxima
2592 3666 2792 3717 afferent
2822 3667 2941 3731 reip.
2957 3667 3298 3736 emolumenta,

1742 3768 2007 3818 eorumque
2032 3754 2322 3805 documenta
2348 3755 2648 3806 senatoribus
2674 3757 3025 3818 proposuissem
3053 3757 3300 3821 perspicua

1743 3841 1794 3890 et
1839 3841 2001 3901 certa,
2040 3841 2146 3890 tum
2192 3852 2351 3903 neque
2391 3840 2565 3890 borum
2605 3840 2853 3904 virorum,
2886 3840 2901 3868 ¹
2906 3842 2991 3904 qui
3042 3846 3301 3906 praesentes

1742 3926 1959 3990 aderant,
1976 3938 2133 3989 neque
2152 3926 2277 3977 alius
2297 3925 2553 3990 quispiam,
2572 3939 2653 3976 me
2668 3927 2843 3977 erroris
2856 3927 3000 3980 ullius
3017 3931 3301 3983 convincere

1743 4013 1965 4078 poterat3
1996 4025 2125 4062 nunc
2160 4013 2323 4062 autem
2358 4024 2438 4062 me
2463 4013 2513 4062 in
2551 4012 2869 4074 suspicionem
2912 4013 3173 4077 odiumque
3212 4017 3300 4066 ad·

1743 4101 1922 4151 ducere
1964 4101 2217 4150 conantur.
2285 4099 2352 4162 (4)
2386 4099 2443 4150 Id
2476 4099 2607 4162 quod
2632 4099 2922 4150 documento
2956 4102 3069 4163 est,
3084 4114 3167 4152 eos
3200 4116 3299 4154 non

1743 4189 1911 4254 sponte
1934 4201 2021 4238 sua
2040 4188 2134 4237 hoc
2158 4187 2315 4236 facere
2335 4187 2463 4248 (nam
2480 4185 2598 4234 alias
2612 4186 2721 4236 tum
2739 4186 2901 4237 statim
2918 4186 3119 4240 ruissent
3131 4188 3301 4242 adver-

1743 4269 1834 4317 sati
1853 4268 1900 4330 ),
1933 4267 2013 4315 sed
2042 4265 2330 4316 subornatos
2346 4264 2409 4314 ab
2436 4263 2543 4314 aliis
2560 4264 2849 4327 quibusdam
2862 4301 2878 4329 ,
2896 4266 3167 4328 cuiusmodi
3189 4272 3297 4320 sunt

1745 4355 1900 4405 bacin
1918 4354 2058 4416 urbe,
2073 4353 2157 4417 qui
2176 4353 2311 4402 nullo
2324 4352 2468 4402 modo
2486 4365 2539 4403 se
2560 4353 2736 4404 adduci
2754 4354 3016 4418 patiantur,
3036 4356 3093 4405 ut
3112 4356 3300 4407 emolu-

1745 4445 1961 4494 mentum
1976 4442 2167 4506 aliquod
2184 4441 2245 4492 ad
2259 4441 2603 4505 rempublicam
2614 4455 2645 4492 a
2659 4455 2738 4493 me
2756 4443 3109 4506 proficiscatur.
3130 4448 3191 4498 Hi
3212 4447 3299 4512 ipsi

1745 4532 1940 4596 quidem
1958 4545 2055 4582 non
2077 4531 2257 4581 audent
2279 4531 2331 4580 in
2351 4531 2565 4582 medium
2592 4531 2784 4595 prodire
2816 4535 3073 4598 palamque
3107 4539 3299 4588 senten·

1743 4623 1862 4672 tiam
1880 4635 2019 4671 suam
2041 4620 2367 4683 pronuntiare,
2390 4633 2493 4669 sum
2514 4633 2689 4683 nempe
2705 4633 2818 4683 erga
2836 4636 2923 4672 vos
2946 4624 3300 4677 malevolentiae

1745 4712 1886 4760 uleus
1902 4711 2173 4760 metuentes
2188 4723 2251 4759 ne
2273 4710 2341 4760 sic
2356 4709 2652 4772 denudetur3
2674 4710 2757 4760 sed
2776 4711 2895 4760 alios
2916 4713 3189 4763 immittunt
3210 4715 3323 4779 hu·-

1739 4799 1949 4861 jusmodi
1968 4798 2205 4861 homines,
2224 4798 2329 4861 qui,
2354 4797 2484 4860 quod
2502 4797 2687 4847 dudum
2706 4799 2955 4849 insuevere
2973 4800 3298 4865 impudentim‚

1744 4886 2020 4950 aequissimo
2043 4886 2222 4948 animo,
2242 4898 2351 4948 quan
2370 4884 2419 4934 in
2444 4885 2562 4936 alios
2579 4885 2859 4949 intorquent
2881 4888 3056 4950 probra
3079 4888 3300 4951 turpissi-

1743 4989 1844 5038 ma,
1868 4975 2037 5025 eadem
2065 4974 2114 5023 in
2141 4987 2193 5024 se
2224 4975 2404 5024 retorta
2430 4974 2607 5024 serunt.
2674 4975 2742 5037 (5)
2777 4976 2945 5026 Solum
2976 4976 3025 5025 id
3050 4976 3101 5025 in
3132 4989 3300 5027 eorum

1743 5063 2041 5114 orationibus
2064 5062 2337 5112 inveniatur
2372 5062 2728 5125 quodammodo
2766 5063 3003 5125 solidum,
3039 5065 3095 5113 ιιι
3120 5063 3299 5127 ubique

1745 5165 1878 5202 meas
1901 5151 2021 5202 mihi
2044 5151 2342 5201 calamitates
2359 5151 2670 5214 exprobrent,
2689 5151 2829 5214 quasi
2846 5164 2934 5200 vos
2950 5164 3031 5201 eas
3056 5151 3296 5216 ignoretis,

1743 5242 1828 5305 qui
1841 5241 2015 5292 melius
2032 5239 2177 5291 etiam
2194 5239 2345 5290 nostis
2367 5259 2379 5289 ε
2406 5238 2525 5290 adeo
2543 5241 2716 5290 utnon
2736 5239 2818 5303 sit,
2834 5253 2923 5290 cur
2940 5239 3091 5302 gratia
3107 5239 3211 5303 ejus
3228 5242 3297 5306 rei

1745 5330 1858 5395 ipsis
1873 5329 2124 5385 habeatur.
2150 5329 2281 5384 Mihi·
2294 5341 2429 5392 νει-ο,
2450 5329 2561 5390 viri,
2583 5328 2878 5396 quicumque
2899 5328 2991 5394 l'uit
3009 5329 3092 5393 qui
3114 5331 3299 5400 primus
3320 5385 3327 5394 ‚
