3825 5842
122 464 335 547 sm-m)

120 593 443 656 κινδυνευθέντα
469 595 555 674 ὑφ’
580 591 688 661 ἑνὸς
716 596 934 674 ῥηθῆναι
948 635 963 664 ,
984 586 1101 649 οὐδὲ
1126 589 1194 649 τὰ
1227 591 1281 648 ἐν
1317 588 1513 648 ἅπαντι
1533 591 1609 671 τῷ

118 684 247 766 χρόνῳ
270 680 545 763 πραχθέντα
573 685 627 740 ἐν
650 690 747 763 μιᾷ
779 677 955 762 ἡμέρᾳ
976 679 1293 752 δηλωθῆναι,
1379 675 1475 746 Τίς
1506 674 1607 758 γὰρ

64 789 99 828 a
122 776 167 832 ἂν
190 773 220 844 ἢ
250 770 411 851 χρόνος
428 767 483 838 ἢ
512 768 663 848 λόγος
689 767 725 840 ἢ
768 769 943 852 ῥήτωρ
978 765 1152 834 ἱκανὸς
1196 765 1394 844 γένοιτο
1444 769 1610 844 μηνῦ-

119 885 183 920 σαι
210 860 291 930 τὴν
324 861 429 918 τῶν·
464 856 639 918 ἐνθάδε
682 856 949 935 κειμένων
982 857 1180 937 ἀνδρῶν
1242 853 1469 936 ἀρετήνς
1515 854 1629 932 (σε)

116 949 235 1010 Μετὰ
252 947 487 1006 πλείστων
522 944 625 1026 γὰρ
659 944 829 1005 πόνων
858 943 949 1003 καὶ
992 941 1377 1026 φανερωτάτων
1396 941 1612 1022 ἀγώνων

116 1038 183 1096 καὶ
201 1036 461 1096 καλλίστων
484 1033 745 1095 -κινδύνων
787 1031 1075 1114 ἐλευθέραν
1089 1031 1184 1111 μὲν
1218 1031 1471 1104 ἐποίησαν
1514 1027 1609 1103 τὴν

116 1125 301 1186 Ἑλλάδα
314 1171 327 1198 ,
344 1123 607 1204 μεγίστην
628 1123 675 1184 δ’
699 1120 977 1191 ἀπέδειξαν
998 1120 1093 1194 τὴν
1120 1124 1323 1188 ἑαυτῶν
1347 1119 1577 1200 πατρίδα
1592 1163 1619 1194 ,

116 1213 525 1290 ἑὸδομήκονταμὲν
547 1211 639 1286 ἔτη
658 1216 752 1284 τῆς
767 1211 1029 1282 θαλάττης
1053 1209 1325 1290 ἄρξαντες,
1354 1206 1609 1270 ἀστασιά·

116 1325 229 1368 ετους
254 1303 301 1362 δὲ
321 1301 669 1382 παρασχόντες
693 1297 811 1367 τοὺς
837 1295 1151 1376 συμμάχους
1164 1341 1183 1374 ,
1212 1299 1271 1356 οὔ
1293 1303 1399 1364 τοῖς
1419 1294 1611 1374 ὀλίγοις

114 1390 201 1457 τοὺς
225 1387 418 1470 πολλοὺς
444 1390 701 1450 δουλεύειν
730 1386 1081 1470 ἀξιώσαντες,
1111 1387 1201 1468 (sc)
1242 1383 1381 1444 ἀλλὰ
1408 1383 1469 1444 τὸ
1496 1381 1609 1444 ἴσον

57 1493 95 1534 w
114 1478 217 1558 ἔχειν
261 1476 473 1546 ἅπαντας
518 1475 909 1554 ἀναγκάσαντες
926 1521 945 1552 ,
990 1473 1107 1533 οὐδὲ
1143 1471 1262 1541 τοὺς
1298 1467 1609 1552 συμμάχους

114 1565 295 1632 ἀσθενεῖς
342 1569 595 1633 ποιοῦντες
612 1611 633 1642 ,
672 1563 812 1624 ἀλλὰ
854 1563 1129 1630 κάκείνους
1171 1559 1413 1642 ἷσχυροῦς
1456 1564 1609 1620 καθι-

114 1653 391 1732 στάντες,κα”ι
404 1652 493 1726 τὴν
524 1655 701 1712 αὑτῶν
725 1649 943 1730 δύναμιν
964 1648 1223 1722 τοσαύτην
1243 1648 1604 1722 ἐπιδείξαντες,

112 1741 247 1801 ὥσθ’δ
272 1742 414 1821 μέγας
428 1740 677 1822 βασιλεὺς
694 1739 865 1800 οὐκέτι
888 1743 991 1800 τῶν
1024 1737 1313 1818 ἀλλοτρίων
1336 1736 1606 1816 ἐπεθύμει,

114 1831 201 1886 ἀλλ’
222 1831 359 1890 ἐδίδου
384 1834 479 1890 τῶν
506 1834 697 1890 ἑαυτοῦ
726 1827 817 1888 καὶ
843 1827 967 1906 περὶ
992 1830 1097 1886 τῶν
1129 1828 1328 1885 λοιπῶν
1349 1825 1606 1906 ἐφοὸεἵτο,

111 1919 183 1994 (ετ)
200 1919 273 1978 καὶ
290 1917 391 1978 οὔτε
410 1917 639 2000 τριήρεις
658 1919 713 1976 ἐν
740 1915 923 1996 ἐκείνῳ
944 1919 1021 1994 τῷ
1042 1915 1219 1996 χρόνῳ
1240 1915 1299 1973 ἐκ
1324 1918 1417 1986 τῆς
1436 1912 1610 1981 Ἀσίας

113 2004 331 2084 ἔπλευσαν,
344 2005 451 2066 οὔτε
470 2007 722 2087 τύραννος
744 2006 799 2064 ἐν
822 2008 930 2070 τοῖς
953 2002 1186 2074 *Ἕλλησι
1208 1999 1463 2073 κατέστη,
1490 2000 1609 2060 οὔτε

58 2091 301 2166 wlmari<
322 2093 455 2163 πόλις
480 2093 587 2154 ὑπὸ
628 2097 733 2153 τῶν
777 2090 1057 2174 βαρὸάρων
1090 2087 1497 2172 ἠνδραποδίσθη·
1522 2111 1607 2148 το-

111 2180 262 2254 σαύτην
299 2179 624 2265 σωφροσύνην
666 2180 759 2240 καὶ
804 2179 915 2248 δέος
962 2183 997 2250 ἡ
1026 2176 1221 2238 τούτων
1251 2176 1409 2259 ἀρετὴ
1445 2185 1607 2236 πᾶσιν

109 2269 337 2350 ἀνθρώποις
356 2275 625 2352 παρεῖχεν.
705 2259 809 2330 Ὧν
837 2267 989 2328 ἕνεκα
1022 2269 1101 2328 δεῖ
1125 2263 1311 2346 μόνους
1348 2267 1441 2326 καὶ
1479 2289 1609 2348 προ-

108 2356 258 2424 στάτας
283 2362 375 2418 τῶν
414 2357 695 2432 Ἑλλήνων
730 2355 820 2416 καὶ
862 2355 1123 2434 ἡγεμόνας
1152 2358 1257 2414 τῶν
1298 2355 1501 2415 πόλεων
1525 2352 1608 2434 γί-

109 2451 289 2521 γνεσθαι.

168 2556 223 2594 ιε.
256 2535 539 2607 Ἐπέδειξαν
569 2533 634 2596 δὲ
676 2535 768 2594 καὶ
796 2537 850 2595 ἐν
885 2541 1000 2601 ταῖς
1023 2531 1329 2612 δυστυχίαις
1356 2529 1452 2604 τὴν
1486 2535 1605 2591 ἑαυ-

112 2623 189 2680 τῶν
222 2625 409 2704 ἀρετήν.
486 2621 859 2704 Ἀπολομένων
898 2621 1001 2702 γὰρ
1024 2625 1128 2681 τῶν
1146 2624 1275 2680 νεῶν
1306 2622 1361 2680 ἐν
1380 2619 1607 2692 Ἑλλησ-

112 2709 243 2792 πόντῳ
274 2713 365 2774 εἴτε
404 2712 663 2793 ἡγεμόνος
708 2709 873 2792 κακία
918 2709 1023 2770 εἴτε
1060 2712 1187 2769 θεῶν
1238 2707 1465 2786 διανοίᾳ,
1516 2709 1607 2768 καὶ

62 2811 83 2850 ⁸
111 2809 321 2879 συμφοῷς
346 2801 541 2874 ἐκείνης
569 2797 834 2878 μεγίστης
854 2797 1134 2878 γενομένης
1153 2797 1245 2858 καὶ
1261 2801 1389 2874 ἡμῖν
1415 2799 1603 2856 δυστυ-

107 2883 259 2959 χήσασι
288 2889 369 2948 καὶ
394 2895 497 2958 τοῖς
536 2889 731 2956 ἄλλοις
748 2885 1029 2960 Ἕλλησιν,
1050 2886 1320 2958 ἐδήλωσαν
1348 2889 1403 2946 οὗ
1428 2886 1608 2967 πολλῷ

106 2971 235 3063 4&ss
250 2975 443 3058 ὕστερον
469 2977 551 3038 ὅτι
566 2983 607 3050 ἧ
632 2982 727 3049 τῆς
762 2975 964 3043 πόλεως
984 2975 1204 3054 δύναμις
1226 2978 1317 3046 τῆς
1341 2973 1603 3041 Ἑλλάδος

106 3063 151 3129 ἦ*
170 3066 383 3146 σωτηρία.
482 3066 573 3148 (sa)
599 3063 835 3144 Ἑτέρων
857 3062 961 3146 γὰρ
995 3063 1269 3144 ἡγεμόνων
1294 3061 1605 3141 γενομένων,

108 3149 296 3220 ἐνίκησαν
316 3153 403 3230 μὲν
420 3159 827 3236 ναυμαχοῦντες
853 3153 971 3221 τοὺς
991 3151 1262 3222 Ἕλληνας
1282 3153 1331 3209 οἱ
1358 3148 1607 3230 πρότερον

106 3238 157 3304 εἷς
170 3236 245 3309 τὴν
269 3240 513 3302 θάλατταν
542 3246 649 3302 οὐκ
672 3238 1023 3318 ἐμὸαίνοντες,
1058 3239 1318 3299 ἔπλευσαν
1347 3239 1391 3296 δ’
1422 3239 1495 3304 εἰς
1514 3235 1609 3308 τὴν

108 3325 327 3405 Εὗρώπην,
350 3332 653 3391 δουλεύουσι
677 3328 735 3390 δὲ
770 3329 945 3398 πόλεις
971 3331 1073 3388 τῶν
1108 3325 1397 3398 Ἑλλήνων,
1420 3326 1607 3407 τύραν·

57 3427 91 3467 ιο
112 3435 167 3470 vot
190 3415 225 3473 δ’
242 3421 623 3498 ἐγκαθεστᾶσιν,
661 3420 711 3478 οἱ
748 3417 843 3496 μὲν
873 3416 1011 3496 μετὰ
1042 3415 1139 3487 τὴν
1163 3413 1429 3497 ἡμετέραν
1470 3438 1607 3493 συμ-

106 3502 245 3579 qoph,
266 3509 307 3564 οί
326 3506 375 3566 δὲ
396 3508 531 3586 μετὰ
556 3507 664 3581 τὴν
683 3506 833 3578 νίκην
864 3509 967 3564 τῶν
996 3503 1297 3586 βαρὸάρων.
1332 3504 1423 3582 (σο)
1441 3500 1609 3564 ‘ssot'

110 3587 213 3656 ἕξων
232 3582 287 3664 ἦν
303 3594 381 3654 ἐπὶ
401 3597 533 3678 τῷδε
555 3598 644 3677 τῷ
668 3592 821 3676 τάφῳ
842 3592 965 3653 τότε
988 3591 1265 3674 κείρασθαι
1286 3596 1351 3672 τῇ
1384 3591 1607 3653 Ἑλλάδι

108 3677 175 3734 ¹2⁸1
202 3686 425 3753 πενθῆσαι
455 3683 574 3753 τοὺς
604 3681 789 3743 ἐνθάδε
824 3681 1089 3759 κειμένους
1106 3723 1123 3750 ,
1160 3683 1233 3748 ὣς
1269 3683 1605 3760 συγκαταθα-

106 3765 309 3843 mid-m<
328 3774 412 3844 τῆς
446 3776 626 3832 αὑτῶν
658 3769 947 3852 ἐλευθερίας
974 3773 1039 3849 τῇ
1081 3767 1275 3828 τούτων
1306 3769 1498 3848 ἀρετῇ·
1538 3771 1609 3836 ὥς

107 3851 309 3933 ἕνπυχὴς
332 3856 420 3934 μὲν
441 3864 475 3930 ἡ
504 3856 706 3924 Ἑλλὰς
733 3855 980 3918 τοιούτων
1009 3857 1208 3915 ἀνδοῶν
1238 3853 1438 3958 ὀρφανὴ
1467 3879 1607 3933 γενο·

108 3929 227 4005 uim,
245 3935 437 4018 Εὗτυχὴς
458 3939 508 3998 δ’
534 3942 565 3996 ὅ
591 3941 691 4009 τῆς
718 3936 892 4004 Ἀσίας
918 3913 1161 4016 βασιλείας
1188 3939 1379 4014 ἑτερων
1407 3934 1607 4014 ἡγεμό-

106 4038 175 4073 νων
192 4021 470 4100 λαὸόμενος·
498 4030 566 4106 τῇ
594 4022 696 4103 μὲν
722 4021 824 4105 γὰρ
846 4019 1043 4082 τούτων
1068 4021 1373 4103 στερηθείσῃ
1400 4021 1606 4081 δουλεία

62 4108 385 4186 ιιεεριέστηκε,
421 4117 497 4196 τῷ
523 4115 571 4172 δ’
601 4111 781 4171 ἄλλων
834 4109 1099 4191 ἀρξάντων
1148 4111 1301 4182 ζῆλος
1350 4109 1605 4188 ἐγγίνεται

106 4195 170 4280 τῆς
204 4201 289 4256 τῶν
324 4203 585 4282 προγόνων
642 4200 883 4270 διανοίας.
945 4203 1034 4279 (σι)
1080 4197 1240 4261 Ἀλλὰ
1280 4205 1453 4259 ταῦτα
1501 4199 1595 4277 μὲν

111 4278 273 4360 ἐῖἧιθην
306 4289 427 4370 ὑπὲρ
452 4292 635 4362 πάσης
655 4289 1009 4370 ὀλοφύρασθαι
1042 4292 1134 4360 τῆς
1158 4279 1441 4357 Ἑλλάδος·
1464 4288 1604 4348 ἐκεί-

107 4386 175 4425 ’ων
192 4371 237 4430 δὲ
257 4379 349 4435 τῶν
369 4379 569 4460 ἀνδρῶν
594 4376 737 4448 ἄξιον
766 4377 857 4436 καὶ
880 4375 987 4457 ἰδίᾳ
1018 4376 1109 4436 καὶ
1141 4375 1371 4457 δημοσία
1396 4380 1603 4454 μεμνῆ-

110 4459 223 4533 σθαι,
250 4462 293 4520 οἳ
325 4465 591 4546 φεύγοντες
622 4465 719 4538 τὴν
745 4463 980 4526 δουλείαν
1006 4463 1098 4524 καὶ
1124 4463 1245 4546 περὶ
1276 4469 1365 4524 τοῦ
1402 4463 1603 4523 δικαίου

110 4545 341 4623 undamn
372 4555 462 4614 καὶ
504 4555 643 4634 ὑπὲρ
680 4558 774 4626 τῆς
812 4552 1166 4634 δημοκρατίας
1198 4553 1603 4627 στασιάσαντες,

111 4628 260 4702 ῗᾶἳῖῑς
281 4643 546 4718 πολεμίως
582 4643 899 4720 κεκτημένοι
930 4643 1003 4709 εἰς
1028 4641 1117 4700 τὸν
1148 4644 1379 4722 Πειραιᾶ
1408 4645 1599 4714 κατῆλ-

113 4716 184 4790 ⁰⁰⁹2
200 4724 281 4804 ῦῦχ
292 4726 383 4787 ὑπὸ
396 4729 553 4808 νόμου
570 4728 1005 4808 ἀναγκασθέντες,
1029 4729 1145 4788 ἀλλ’
1170 4727 1273 4788 ὑπὸ
1290 4733 1384 4800 τῆς
1402 4729 1603 4810 φύσεως

64 4810 361 4906 π’ῑῖῑΰθὲντῑῡῆ
390 4818 479 4898 (⁶2)
506 4823 707 4885 καινοῖς
734 4817 985 4885 κινδύνοις
1007 4817 1102 4890 τὴν
1140 4817 1373 4876 παλαιὰν
1408 4815 1594 4898 ἀρετὴν

114 4911 185 4949 ’⁴¹¹2
202 4901 426 4980 1Ιῐρογοίκιιν
454 4906 846 4985 μιμησάμενοι,
874 4909 989 4974 ταῖς
1018 4909 1189 4965 αὑτῶν
1208 4907 1402 4986 ψυχαῖς
1422 4904 1599 4976 κοινὴν

118 4977 185 5048 τὴν
206 4987 329 5048 πόλιν
360 4995 447 5052 καὶ
475 4999 585 5064 τοῖς
628 4995 801 5062 ἄλλοις
832 4994 1183 5072 κτησάμενοι,
1226 4994 1445 5054 θάνατον
1490 4993 1603 5072 μετ’

124 5063 343 5172 ὒξώερῖᾱς
364 5080 659 5162 αἱρούμενοι
683 5082 721 5156 ἢ
750 5081 861 5162 βίον
892 5080 1027 5159 μετὰ
1053 5079 1307 5156 δουλείας,
1326 5085 1425 5162 οὗχ
1448 5073 1602 5154 ἧττον

124 5171 209 5222 τ’*ῗ-ῑῖ
220 5174 461 5247 α“«ὶι1-φος;οαῖς
476 5171 847 5251 αἰσχυνόμενοι
862 5169 898 5242 ἢ
910 5173 1017 5237 τοῖς
1039 5171 1239 5250 ἐχθροῖς
1256 5169 1575 5252 ὀργιζόμενοι
1586 5214 1603 5242 ,

122 5243 279 5306 “mm‘'
300 5255 607 5330 βουληθέντες
625 5261 675 5320 ἐν
694 5263 759 5340 τῇ
782 5261 952 5346 αὑτῶν
978 5255 1319 5348 ἀποθνήσκειν
1339 5257 1375 5330 ἢ
1400 5257 1491 5330 ζῆν
1510 5255 1605 5330 τὴν

1075 459 1101 538 [
1116 457 1411 538 LYSIAE]
1443 456 1729 520 ORATIO
1771 457 2166 520 FUNEBRIS.

3141 468 3250 521 105

1698 590 1831 653 gesta
1850 588 2198 654 plurimorum,
2225 582 2382 653 neque
2403 589 2536 640 omni
2558 602 2669 640 oevo
2688 589 3026 641 administrata
3060 602 3160 650 uno
3185 591 3268 643 dio

1698 691 1911 742 indicari.
1975 691 2117 750 Quod
2136 691 2265 742 enim
2284 693 2506 754 tempus,
2528 703 2642 755 qnoe
2659 691 2842 756 oratio,
2857 691 2966 754 quis
2981 693 3144 743 orator
3162 693 3266 743 sur·

1698 794 1829 846 ficiat
1846 795 1908 844 ad
1941 795 2156 845 virorum
2177 794 2259 844 blc
2289 777 2596 844 conditorum
2633 793 2867 844 virtutem
2899 794 3268 857 explicandam?

1698 897 1799 962 (55)
1822 897 2049 950 Maximis
2069 896 2201 947 enlm
2221 896 2498 960 laboribus,
2519 897 2909 948 contentionibus
2922 898 3265 964 celeberrimis,

1697 1001 2134 1064 laudatissimisque
2149 999 2378 1064 periculis
2397 999 2640 1050 Grzeciam
2664 999 2976 1052 vindicarunt
2996 1001 3048 1054 in
3075 1001 3268 1053 liberta·

1696 1109 1817 1170 tem,
1841 1117 2184 1168 summamque
2217 1116 2320 1154 suae
2346 1103 2516 1168 patriae
2550 1103 2824 1168 potentiam
2865 1103 3188 1155 conciliarunt
3217 1107 3268 1156 et

1698 1221 1785 1270 per
1807 1220 1961 1257 annos
1995 1207 2298 1272 septuaginta
2330 1207 2478 1257 maris
2501 1206 2704 1270 imperio
2735 1207 2878 1271 potiti
2909 1208 3064 1258 socios
3085 1209 3274 1271 praesti«

1698 1312 1862 1362 terunt
1882 1311 1948 1362 ab
1971 1303 2101 1360 omni
2126 1310 2356 1362 seditione
2373 1310 2581 1375 alienos,
2605 1309 2704 1374 (56)
2721 1324 2876 1374 quum
2907 1324 3005 1361 non
3027 1311 3080 1361 id
3110 1312 3267 1362 stude·

1696 1416 1807 1466 rent
1820 1416 1877 1465 ut
1888 1415 2030 1465 multi
2043 1391 2278 1466 servirent
2295 1413 2478 1478 paucis,
2498 1412 2584 1464 sed
2596 1415 2654 1464 ut
2671 1413 2929 1477 aequalitas
2951 1415 3081 1465 inter
3098 1403 3267 1466 omnes

1695 1519 1984 1568 servaretur.
2047 1519 2214 1581 Neque
2225 1517 2358 1567 enim
2373 1515 2530 1568 socios
2547 1515 2764 1567 infirmos
2775 1551 2792 1579 ,
2827 1516 2914 1568 sed
2949 1517 3137 1582 validos
3157 1517 3264 1569 erfi-

1696 1635 1807 1673 cere
1826 1619 2112 1684 cupiebant,
2127 1621 2178 1670 et
2198 1631 2336 1670 sinam
2359 1619 2576 1682 ipsorum
2597 1618 2666 1669 ita
2681 1617 3078 1669 demonstrabant
3097 1619 3268 1682 poten·

1698 1727 1813 1777 tiam
1827 1762 1843 1789 ‚
1862 1726 1922 1775 ut
1941 1737 2030 1774 rex
2053 1724 2134 1774 ille
2158 1735 2362 1786 magnus
2377 1735 2476 1772 non
2497 1722 2706 1786 ampllus
2721 1721 2876 1773 aliena
2893 1723 3156 1786 appeteret,
3175 1721 3260 1773 sed

1698 1830 1757 1880 de
1774 1829 1875 1879 suis
1890 1828 1990 1891 ipse
2013 1825 2324 1888 concederet,
2340 1823 2526 1888 sibique
2549 1825 2744 1875 timeret
2767 1825 2816 1874 ln
2833 1825 3098 1888 posterum.
3163 1825 3264 1887 (57)

1696 1932 1863 1992 Neque
1881 1928 2100 1978 triremes
2133 1925 2248 1976 ulla‘.
2269 1939 2333 1976 ex
2359 1925 2470 1976 Asia
2506 1925 2594 1975 illo
2631 1926 2850 1989 tempore
2869 1925 2932 1976 ad
2954 1939 3042 1977 nos
3067 1925 3268 1990 naviga-,

1696 2032 1843 2092 bant,
1878 2042 2038 2094 neque
2073 2031 2306 2092 tyrannus
2337 2029 2387 2077 in
2409 2028 2599 2079 Graecia
2634 2027 2762 2078 ullus
2801 2030 2933 2090 erat;
2975 2019 3141 2094 neque*
3168 2029 3266 2080 ulla

1698 2134 1899 2186 Graeciae
1919 2131 2092 2182 civitas
2121 2145 2150 2181 a
2173 2129 2396 2181 Barbaria
2416 2130 2648 2181 servitute
2669 2130 2994 2194 premebatur.
3061 2133 3264 2184 Tantam

1695 2235 2074 2288 moderationem
2105 2235 2155 2285 et
2193 2231 2514 2285 reverentiam
2553 2233 2833 2283 nostrorum
2861 2231 3019 2283 vlrtus
3053 2231 3266 2282 mortali-

1696 2337 1785 2388 bus
1806 2335 2030 2386 omnibus
2050 2310 2231 2385 attulit.
2297 2333 2493 2385 Talibus
2515 2345 2630 2384 vero
2657 2332 2880 2384 laudibus
2913 2333 3112 2384 ornatos
3137 2333 3266 2383 solos

1697 2441 1886 2506 oportet
1903 2441 1954 2492 et
1966 2439 2218 2504 praefectos
2231 2441 2534 2500 Graecorum,
2550 2438 2602 2488 et
2625 2437 2862 2502 principes
2879 2449 2984 2488 esse
2995 2435 3263 2488 civitatum.

1760 2547 1837 2593 58.
1858 2541 2061 2605 cognita
2069 2541 2142 2592 est
2153 2541 2316 2591 mitem
2335 2541 2479 2591 etiam
2491 2554 2552 2591 ex
2571 2539 2942 2592 adversitatibus
2953 2541 3150 2591 illorum
3163 2554 3266 2592 ma-

1696 2630 2000 2696 gnanimitas.
2045 2630 2232 2682 Nostris
2265 2629 2394 2680 enim
2421 2629 2628 2680 navibus
2647 2629 2699 2680 in
2717 2628 3024 2693 Hellesponto
3040 2629 3263 2697 perdius,

1696 2725 1798 2776 sive
1815 2723 1952 2775 ducis
1972 2723 2160 2774 inscitia
2171 2761 2188 2788 ‚
2203 2723 2303 2776 sive
2323 2723 2524 2774 deorum
2539 2723 2790 2774 voluntate
2805 2760 2821 2786 ,
2849 2722 3165 2786 maximaque
3180 2722 3266 2773 illa

1697 2816 1972 2867 calamitate
1992 2818 2190 2881 accepta
2202 2853 2216 2878 ,
2237 2829 2349 2880 quae
2369 2829 2466 2866 non
2485 2829 2573 2866 nos
2595 2816 2790 2866 tantum
2813 2809 2982 2878 iniquo
3005 2815 3162 2865 marte
3175 2827 3263 2877 pu·

1695 2905 2029 2969 gnantcs,·sed
2063 2905 2273 2969 reliquos
2298 2917 2498 2968 quoque
2530 2907 2727 2955 Graecos
2757 2895 2808 2952 in
2834 2916 3062 2966 magnum
3093 2897 3272 2954 discri·'

1696 3007 1808 3044 men
1845 2992 2076 3055 conjecit3
2115 3005 2212 3042 non
2254 2992 2396 3055 longo
2430 2992 2540 3055 post
2583 2993 2802 3053 tempore
2840 2991 2969 3041 clare
2999 2991 3158 3041 visum
3193 2993 3266 3042 est

1698 3083 1901 3136 Gracciae
1931 3082 2138 3131 salutem
2162 3082 2340 3131 nostrai
2372 3079 2581 3130 civitatis
2605 3080 2820 3144 potentia
2839 3080 3088 3130 contineri.
3157 3081 3259 3144 (59)

1697 3171 1809 3223 Aliis
1824 3172 1954 3222 enim
1977 3167 2272 3236 principibus
2292 3173 2574 3221 Graecorum
2588 3168 2886 3231 constitutis,
2902 3169 3062 3219 navali
3096 3170 3266 3233 proelio

1696 3263 1729 3311 ii
1750 3264 1946 3312 Graecos
1969 3260 2219 3322 vicerunt,
2239 3258 2324 3322 qui
2363 3245 2566 3308 antebac
2584 3270 2719 3308 mare
2759 3257 2938 3322 ingredi
2983 3271 3081 3308 non
3112 3259 3264 3310 aude-

1696 3350 1814 3400 bant
1825 3386 1841 3413 ,
1867 3351 1986 3399 tunc
2003 3349 2168 3398 autem
2183 3347 2474 3410 navigabant
2507 3347 2556 3397 in
2579 3351 2834 3410 Europam.
2901 3351 2958 3398 In
2983 3347 3264 3400 servitutem

1696 3439 1903 3490 redactae
1935 3438 2050 3488 sunt
2079 3440 2360 3488 Graecorum
2383 3436 2633 3496 civitates,
2661 3436 2952 3500 tyrannique
2983 3437 3262 3500 constituti,
3331 3479 3336 3484 .
3369 3485 3376 3492 ,

1697 3530 1747 3578 hi
1768 3528 1963 3593 quidem
1991 3528 2100 3591 post
2125 3539 2339 3592 pugnam
2376 3525 2509 3576 illam
2537 3526 2897 3586 calamitosam,
2918 3525 2988 3575 illi
3017 3539 3132 3576 vero
3157 3528 3278 3592 post·

1695 3617 1950 3668 victoriam
1963 3616 2300 3682 Barbarorum.
2331 3615 2432 3678 (60)
2450 3615 2754 3678 Quapropter
2784 3625 2983 3676 oequum
3013 3613 3106 3664 mit
3127 3615 3262 3664 Gra.»-

1694 3707 1821 3757 ciam
1850 3719 1996 3770 super
2033 3705 2130 3756 boc
2153 3705 2432 3768 sepulcrum
2477 3704 2668 3766 plorare
2706 3704 2757 3754 et
2779 3703 2960 3764 ejulare
2973 3740 2990 3766 ,
3024 3704 3074 3754 et
3100 3702 3264 3766 lugere

1694 3795 1775 3845 hlc
1802 3795 2018 3859 sepultos
2029 3831 2044 3857 ‚
2063 3794 2199 3857 quasi
2224 3793 2420 3843 libertas
2445 3791 2594 3856 ipsius
2611 3805 2710 3842 una
2733 3805 2848 3842 cum
2865 3785 3144 3844 nostrorum
3163 3792 3261 3842 vir-

1694 3886 1799 3935 tute
1834 3883 2000 3934 suisset
2030 3879 2380 3932 contumulata.
2445 3883 2632 3944 Quippe
2652 3881 2754 3930 tam
2783 3881 2950 3957 inlJelix
2968 3881 3153 3933 Groecla
3171 3881 3264 3931 mit

1692 3973 1791 4024 illis
1814 3973 1932 4023 viris
1960 3971 2190 4035 spoliata,
2209 3984 2358 4034 quam
2385 3970 2502 4021 felix
2525 3969 2646 4019 Asioe
2664 3983 2754 4020 rex
2779 3969 2900 4019 alios
2924 3970 3093 4020 nactus
3125 3970 3262 4020 Grae-

1694 4064 1782 4114 cioe
1803 4061 2058 4127 principes.
2093 4061 2233 4111 lllam
2276 4060 2406 4110 enim
2453 4058 2629 4109 nostris
2671 4057 2944 4108 hominibus
2976 4057 3258 4110 destitutam

1692 4152 1896 4202 servitus
1925 4149 2182 4213 oppressit3
2203 4150 2254 4199 at
2290 4148 2441 4210 bunc,
2464 4147 2572 4197 aliis
2592 4147 2642 4196 in
2673 4146 2858 4220 Graecia
2885 4145 3259 4212 imperantibus,

1694 4238 1867 4304 cupido
1894 4238 2086 4288 incessit
2117 4235 2354 4298 majorum
2395 4248 2598 4285 suorum
2629 4234 2786 4286 studia
2821 4233 3096 4286 oemulandi.
3159 4234 3261 4301 (61)

1694 4328 1787 4379 Sed
1809 4326 1980 4391 patriae
2013 4325 2273 4376 infortunia
2315 4338 2372 4374 eo
2408 4337 2488 4374 me
2525 4323 2702 4374 sensim
2735 4321 3044 4373 adduxerunt
3077 4325 3134 4374 ut
3156 4324 3260 4374 uni·

1692 4430 1845 4468 versae
1866 4417 2068 4467 Graeciae
2101 4415 2346 4465 fortunam
2377 4413 2694 4475 deplorarem.
2733 4412 2884 4462 Decet
2911 4413 3076 4462 autem
3101 4427 3190 4465 nos
3206 4414 3273 4474 ἰΙ-ο

1691 4508 1849 4558 lorum
1871 4507 2088 4561 virorum
2107 4504 2157 4575 et
2173 4503 2400 4566 privatim
2426 4503 2476 4552 et
2497 4501 2688 4566 publice
2721 4499 2960 4550 recordari
2976 4535 2992 4562 ,
3015 4501 3124 4564 qui,
3142 4500 3262 4552 dum

1690 4601 1974 4653 servitutem
1995 4599 2186 4663 fugiunt
2198 4633 2214 4659 ,
2246 4597 2366 4648 dnm
2385 4610 2478 4659 pro·
2490 4595 2624 4658 iusto
2648 4594 2941 4658 depugnant,
2963 4595 3014 4644 et
3033 4607 3120 4657 pro
3133 4595 3261 4644 statu

1692 4697 1907 4762 populari
1924 4695 2179 4758 insurgunt
2205 4693 2431 4743 adversus
2460 4692 2714 4754 tyrannm,
2731 4689 2951 4739 omnium
2991 4689 3154 4740 hostes
3195 4689 3260 4739 ef·
3337 4753 3344 4759 .

1691 4787 1805 4836 secti
1826 4786 2061 4836 venerunt
2079 4783 2142 4834 ad
2163 4783 2398 4833 Piraeeum
2412 4817 2427 4842 ,
2447 4793 2545 4829 non
2563 4779 2665 4841 lege
2691 4778 2959 4840 coacti‚sed
2980 4780 3167 4829 suamet
3185 4780 3260 4828 in-

1692 4871 1804 4932 dole
1820 4879 2064 4944 persuasi,
2092 4877 2193 4942 (62)
2217 4877 2274 4925 ut
2291 4875 2428 4926 novis
2443 4872 2668 4937 periculis
2687 4874 2898 4923 veterem
2913 4872 3150 4934 majorum
3169 4871 3259 4921 vir·

1690 4978 1845 5028 tutem
1889 4973 2215 5034 imitarentur,
2251 4982 2310 5020 ac
2345 4981 2448 5019 suae
2485 4969 2600 5018 vitoe
2630 4966 2908 5017 discrimine
2949 4975 3260 5014 communem

1692 5071 1934 5123 civitatem
1953 5067 2058 5119 aliis
2075 5064 2440 5130 recuperarent,
2465 5062 2514 5112 et
2531 5061 2834 5111 morerentur
2855 5057 3016 5122 potius
3038 5057 3089 5105 in
3111 5055 3257 5105 liber-

1692 5169 1793 5220 tate
1825 5179 1977 5231 quam
2005 5163 2228 5214 viverent
2259 5160 2310 5210 in
2334 5157 2594 5220 servitute3
2631 5169 2730 5206 non
2766 5153 2926 5204 minus
2956 5151 3026 5201 illi
3049 5145 3256 5210 acceptia

1692 5261 2025 5314 erubescentes
2057 5255 2273 5308 cladibus
2302 5263 2452 5317 quam
2473 5249 2678 5301 inimicis
2713 5245 2996 5305 irascentes,
3021 5240 3280 5332 malentes·
