3825 5842
1249 467 1642 530 lsocssATls
1680 466 2095 528 EPISTOLAE.
2146 478 2199 526 7.

119 618 268 695 ἔχων
295 615 394 686 τὴν
417 612 649 692 γνώμην·
677 607 802 667 ὥστ’
831 606 897 677 ἢν
929 602 1178 683 ἐμμείνῃς
1202 610 1308 668 τοῖς
1339 600 1456 681 περὶ
1485 604 1576 657 σοῦ
1605 604 1693 655 νῦν

108 686 450 781 λεγομένοις,
479 703 574 759 οὐκ
619 696 898 776 ἀπορήσεις
941 696 1044 751 τῶν
1090 688 1558 769 ἕγκωμιασομένων
1595 687 1691 757 τήν

106 818 162 851 τε
223 791 480 873 φρόνησιν
538 787 634 857 τὴν
683 784 778 856 σὴν
829 783 920 841 καὶ
969 780 1064 851 τὴν
1118 778 1418 859 προαίρεσιν
1475 774 1689 845 ταύτην.

111 882 184 959 (2)
228 854 504 956 ‘fl-(offigunt
542 876 598 933 δὲ
632 873 724 931 καὶ
755 870 822 930 τὰ
852 866 1198 946 διηγγελμένα
1226 864 1346 945 περὶ
1381 868 1472 922 τοῦ
1498 862 1691 942 πατρός

57 992 80 1027 5
110 992 210 1026 σου
251 964 650 1043 συμὸείλλεσθαι
689 958 922 1038 μεγάλην
966 956 1142 1014 πίστιν
1171 953 1298 1035 πρὸς
1336 952 1396 1011 τὸ
1433 953 1596 1010 δοκεῖν
1635 940 1693 1008 εὐ

111 1059 330 1135 φρονεῖν
359 1078 420 1112 σε
470 1050 558 1110 καὶ
602 1048 858 1129 διαφέρειν
883 1048 985 1103 τῶν
1024 1044 1214 1101 ἄλλων·
1253 1040 1462 1100 εἰώθασι
1495 1036 1596 1117 γὰρ
1645 1040 1692 1097 οἱ

109 1146 366 1201 πλεῖστοι
389 1144 492 1198 τῶν
528 1135 811 1215 ἀνθρώπων
853 1136 953 1213 οὐχ
981 1130 1140 1197 οὕτως
1165 1130 1390 1187 ἐπαινεῖν
1416 1128 1504 1186 καὶ
1534 1134 1692 1203 τιμᾶν

113 1229 241 1297 τοὺς
273 1233 333 1287 ἐκ
386 1232 489 1286 τῶν
536 1224 779 1304 πατέρων
810 1226 912 1280 τῶν
956 1216 1362 1295 εὐδοκιμούντων
1391 1214 1691 1294 γεγονότας,

113 1323 186 1385 ὡς
215 1316 344 1383 τοὺς
371 1319 428 1373 ἐκ
457 1318 560 1373 τῶν
598 1311 863 1371 δυσκόλων
893 1308 982 1367 καὶ
1013 1308 1288 1387 χαλεπῶν,
1318 1304 1383 1377 ἤν
1426 1326 1524 1382 περ
1570 1303 1694 1379 φαί-

45 1429 88 1469 1⁰
113 1428 315 1464 νωνται
371 1400 532 1480 μηδὲν
583 1400 753 1476 ὅμοιοι
785 1406 890 1464 τοῖς
934 1400 1168 1473 γονεῦσιν
1220 1392 1380 1459 ὄντες.
1469 1394 1696 1452 Μᾶλλον

114 1495 224 1574 γὰρ
252 1493 344 1551 ἐπὶ
367 1490 574 1549 πάντων
601 1485 978 1567 κεχαρισμένον
1007 1484 1178 1548 αὐτοῖς
1202 1486 1312 1541 ἐστι
1336 1481 1396 1539 τὸ
1430 1479 1576 1561 παρὰ
1605 1479 1696 1538 λό-

115 1606 212 1659 γον
257 1580 549 1657 συμὸαῖνον
590 1575 780 1654 ἀγαθὸν
823 1578 926 1633 τῶν
955 1571 1163 1637 εἰκότως
1211 1571 1301 1628 καὶ
1334 1568 1700 1650 προσηκόντως

119 1668 472 1748 γιγνομένων.

202 1779 256 1820 a.
303 1748 415 1815 ῗΩν
437 1752 813 1831 ἐνθυμούμενον
837 1746 942 1829 χρὴ
971 1752 1142 1819 ζητεῖν
1171 1746 1262 1805 καὶ
1299 1746 1619 1826 φιλοσοφεῖν,
1647 1742 1700 1812 ἐξ

57 1868 100 1905 15
119 1846 246 1904 ὅτου
276 1844 474 1925 τρόπου
503 1841 594 1901 καὶ
623 1838 756 1917 μετὰ
778 1837 932 1896 τίνων
962 1834 1053 1894 καῖ
1080 1834 1188 1893 τίσι
1215 1830 1530 1911 συμὸούλοις
1554 1831 1696 1911 χρώ-

125 1956 282 2011 μενος
311 1930 408 1995 τάς
434 1953 491 1987 τε
529 1932 622 1999 τῆς
660 1926 860 1991 πόλεως
900 1922 1118 2001 ἀτυχίας
1167 1916 1570 2001 ἐπανορθώσεις,
1609 1918 1699 1977 καὶ

125 2018 248 2085 τούς
274 2016 498 2083 πολίτας
526 2015 612 2074 ἐπί
634 2038 692 2073 τε
718 2013 812 2080 τὰς
840 2010 1086 2093 ἐργασίας
1113 2007 1204 2067 καὶ
1233 2007 1327 2077 τὴν
1364 2006 1699 2087 σωφροσύνην

33 2106 440 2188 422προτρέψεις
455 2150 472 2177 ,

127 2196 386 2275 λεώτερον
414 2192 450 2264 ἢ
478 2192 566 2250 τὸν
594 2189 920 2270 παρελθόντα
939 2188 1146 2268 χρόνον.
1233 2188 1421 2246 Ταῦτα
1440 2183 1543 2264 γάρ
1565 2186 1702 2242 ἐστιν

54 2305 104 2342 20
135 2284 267 2363 ἔργα
309 2284 415 2340 τῶν
463 2282 627 2359 ὀρθῶς
669 2278 762 2337 καὶ
810 2276 1071 2358 φρονίμως
1114 2270 1543 2351 τυραννευόντων.
1640 2273 1724 2349 (4)

131 2364 238 2431 Ὧν
281 2370 401 2429 ἔνιοι
436 2365 924 2449 καταφρονήσαντες
957 2362 1102 2423 οὐδὲν
1133 2362 1262 2421 ἄλλο
1291 2366 1544 2421 σκοποῦσι
1566 2359 1704 2430 πλὴν

137 2460 284 2523 ὅπως
311 2455 454 2516 αὐτοί
495 2463 543 2517 θ’
573 2460 643 2523 ὣς
693 2452 829 2531 μετὰ
869 2450 1116 2519 πλείστης
1145 2448 1418 2527 ἀσελγείας
1464 2446 1552 2505 τὸν
1595 2446 1704 2525 βίον

135 2546 401 2621 διάξουσι,
428 2546 532 2602 τῶν
561 2566 620 2601 τε
645 2544 873 2600 πολιτῶν
901 2538 1017 2606 τοὺς
1060 2537 1357 2617 βελτίστους
1401 2536 1494 2594 καὶ
1538 2538 1704 2595 πλου-

137 2631 426 2699 σιωτᾶτους
449 2630 538 2690 καὶ
563 2628 982 2711 φρονιμωτάτους
1001 2628 1353 2703 λυμανοῦνται
1380 2624 1471 2683 καὶ
1505 2626 1709 2701 δασμο-

3214 478 3327 531 293

1781 604 1860 653 tali
1883 595 2139 655 animosis
2156 604 2399 667 praeditus.
2464 606 2623 661 Quare
2639 606 2713 667 si,
2742 607 2798 655 ut
2827 606 3041 669 coepisti,
3066 607 3339 671 passimque

1781 708 1842 758 de
1859 712 1910 759 te
1928 722 2055 758 nunc
2071 708 2373 772 praedicatur,
2397 709 2689 771 perrexeris,
2708 722 2805 759 non
2828 710 3035 759 defuturi
3058 714 3172 761 sunt
3194 711 3346 773 quiet

1781 814 2066 877 sapientiam
2100 819 2232 864 tuam
2267 818 2318 863 et
2347 815 2618 864 institutum
2659 812 2787 863 istud
2828 814 3051 864 laudibus
3084 814 3343 865 illustrent.

1783 919 1850 979 (2)
1879 918 2099 967 Arbitror
2124 922 2284 967 autem
2318 918 2461 967 ettam
2484 929 2542 967 ea
2572 930 2685 980 quae
2716 918 2776 967 de
2808 922 2943 981 patre
2980 921 3069 967 tuo
3104 918 3347 977 dicuntur,

1782 1022 2010 1071 momenti
2034 1022 2239 1071 multum
2258 1020 2319 1069 ad
2344 1022 2432 1070 hoc
2458 1034 2565 1071 esse
2592 1021 2822 1083 allatura,
2851 1026 2906 1071 ut
2940 1034 3105 1085 sapere
3144 1021 3349 1083 aliisque

1782 1132 2011 1192 praestare
2030 1126 2259 1176 videaris.
2325 1126 2491 1176 Solent
2511 1126 2639 1176 enim
2672 1126 2885 1189 plerique
2903 1127 3084 1177 nonita
3114 1140 3352 1176 commen-

1781 1234 1896 1283 dare
1918 1237 1967 1283 et
1983 1234 2199 1283 venerari
2220 1232 2423 1284 laudatis
2441 1233 2659 1295 patribus
2674 1237 2841 1293 natos,
2863 1238 2919 1281 nt
2940 1246 3023 1283 eos
3041 1232 3126 1296 qui
3162 1236 3352 1295 patrum

1787 1339 2021 1389 saevitiam
2045 1343 2095 1389 et
2110 1338 2455 1388 immanitatem
2475 1338 2605 1389 nulla
2622 1352 2685 1389 ex
2704 1342 2837 1401 parte
2858 1338 3123 1389 imitantur.
3208 1340 3349 1399 Quic-

1786 1444 1901 1507 quid
1925 1444 2051 1494 enim
2075 1442 2189 1492 boni
2216 1442 2499 1492 mortalibus
2516 1447 2689 1504 praeter
2706 1442 3106 1506 exspectationem
3125 1442 3351 1505 offertur,

1787 1548 1836 1597 id
1855 1546 2143 1597 omnibusin
2162 1547 2307 1597 rebus
2330 1546 2468 1609 longe
2484 1546 2665 1608 gratius
2684 1548 2761 1595 est
2781 1558 2927 1610 quam
2960 1558 3017 1596 ea
3038 1560 3151 1609 quae
3180 1546 3355 1597 usitata

1785 1649 1836 1693 et
1854 1644 2063 1705 legitima
2084 1645 2267 1694 ratione
2284 1648 2588 1709 contingunt.

1850 1758 1896 1803 3.
1934 1753 2020 1803 ilis
2034 1754 2178 1815 igitur
2195 1754 2510 1806 consideratis
2527 1756 2841 1819 quaerendum
2867 1756 2955 1807 tibi
2985 1760 3035 1806 et
3056 1756 3259 1807 sollicite
3280 1768 3357 1817 co-

1784 1860 2035 1923 gitandum
2052 1866 2155 1923 est,
2175 1865 2351 1927 quibus
2382 1864 2539 1915 modis
2558 1869 2607 1917 et
2634 1878 2839 1929 quorum
2872 1878 3016 1929 opera
3055 1878 3357 1929 quorumque

1787 1964 1999 2015 consiliis
2016 1967 2122 2015 tum
2154 1966 2287 2017 urbis
2309 1969 2605 2019 calamitates
2620 1970 2849 2019 emendes
2866 2004 2882 2031 ,
2908 1976 3009 2018 tum
3029 1970 3159 2018 cives
3191 1968 3255 2017 ad
3281 1966 3361 2017 ol-

500 2104 590 2162 m}
620 2101 858 2173 ποιήσεις
880 2098 1062 2167 αὐτοὺς
1094 2098 1240 2170 ἥδιον
1264 2101 1356 2168 ζῆν
1383 2095 1474 2155 καὶ
1501 2100 1702 2176 002pr-
1729 2104 1768 2145 a
1791 2070 1951 2121 licium
1978 2077 2027 2123 et
2063 2074 2347 2124 modestiam
2382 2075 2675 2137 cohorteris,
2707 2080 2851 2139 atque
2880 2075 3060 2125 efficias
3085 2080 3142 2124 ut
3170 2078 3219 2125 et
3254 2088 3363 2125 snia-

1794 2177 1901 2227 vius
1918 2182 1967 2227 et
2000 2178 2221 2227 securius
2247 2192 2415 2227 sevum
2438 2180 2663 2242 exigant,
2696 2193 2839 2242 quam
2867 2180 3099 2244 superiori
3132 2182 3362 2243 tempore.

1791 2283 1912 2331 Nam
1940 2282 2046 2331 hoec
2072 2281 2227 2331 officia
2254 2286 2368 2332 sunt
2400 2274 2645 2333 bonorum'
2658 2287 2708 2332 et
2729 2283 3033 2333 cordatorum
3072 2284 3359 2346 principum.

1793 2386 1862 2448 (4)
1887 2386 2073 2443 Quibus
2102 2387 2323 2437 nonnulli
2356 2389 2642 2451 contemptis
2675 2387 2795 2439 inid
2829 2402 2979 2439 unum
3019 2388 3187 2440 intenti
3218 2394 3364 2449 sunt,

1794 2491 1923 2541 utin
1942 2505 2132 2541 summa
2155 2492 2345 2543 licentia
2369 2494 2518 2543 vitam
2536 2494 2800 2557 transigant
2830 2495 3133 2559 optimosque
3163 2500 3213 2545 et
3242 2508 3364 2557 opu-

1798 2593 2089 2645 lentissimos
2104 2600 2155 2645 et
2173 2595 2572 2659 prudentissimos
2594 2598 2773 2648 civium
2789 2598 2973 2661 injuriis
2991 2598 3198 2647 afficiant
3218 2601 3269 2647 et
3286 2599 3367 2648 tri-

63 2747 111 2783 25
134 2721 456 2800 λογήσουσι,
508 2722 683 2784 κακῶς
724 2715 914 2783 εἰδότες
939 2713 1020 2773 ὅτι
1050 2712 1306 2793 προσήκει
1336 2711 1453 2778 τοὺς
1495 2702 1553 2769 εὔ
1585 2732 1711 2793 ‘3²90-
1799 2698 1916 2747 buta
1938 2698 2001 2747 ab
2038 2698 2097 2747 iis
2128 2699 2335 2760 exigant.
2400 2702 2626 2761 Ignorant
2662 2700 2729 2749 illi
2768 2701 3021 2762 nimirum,
3044 2700 3211 2751 decere
3237 2701 3367 2750 viros

135 2816 356 2873 γρῦπας
377 2806 469 2865 xal
497 2804 592 2876 τὴν
633 2802 794 2879 τιμὴν
833 2801 1030 2874 ταύτην
1075 2800 1290 2881 ἔχοντας
1340 2798 1416 2875 μὴ
1455 2802 1560 2865 τοῖς
1603 2802 1709 2857 τῶν
1733 2790 1778 2853 b
1801 2802 2056 2866 prudentes
2078 2804 2129 2852 in
2151 2802 2243 2852 lioc
2282 2803 2519 2853 honorum
2541 2806 2591 2853 et
2612 2804 2859 2867 dignitatis
2888 2804 3076 2867 fastigio
3108 2805 3365 2855 collocatos

137 2897 316 2956 ἄλλων
341 2898 522 2959 κακοῖς
559 2893 732 2957 αὑτοῖς
756 2889 944 2962 ἡδονὰς
973 2887 1411 2968 παρασκευάζειν,
1437 2887 1574 2945 ἀλλὰ
1600 2887 1712 2953 ταῖς

136 2989 314 3043 αὐτῶν
335 2981 655 3058 ἐπιμελείαις
666 2979 784 3045 τοὺς
797 2978 1014 3045 πολίτας
1029 2976 1510 3055 εὐδαιμονεστέρους
1527 2980 1711 3047 ποιεῖν,

139 3076 206 3150 (5)
264 3070 400 3149 μηδὲ
445 3073 644 3148 πικρῶς
689 3068 785 3144 μὲν
831 3067 922 3125 καὶ
969 3068 1218 3144 χαλεπῶς
1257 3064 1546 3123 διακεῖσθαι
1587 3062 1714 3144 πρὸς

59 3182 108 3221 ao
141 3160 416 3230 ἅπαντας,
445 3157 657 3233 ἀμελεῖν
685 3154 740 3213 δὲ
768 3159 862 3225 τῆς
889 3157 1061 3213 αὐτῶν
1089 3150 1538 3231 σωτηρίας,·ἀλλ’
1577 3151 1715 3209 οὕτω

142 3248 238 3323 μὲν
285 3246 468 3326 πράως
501 3243 593 3303 καὶ
631 3241 864 3320 νομίμως
891 3238 1186 3298 ἐπιστατεῖν
1228 3242 1330 3295 τῶν
1359 3235 1710 3317 πραγμάτων,

139 3335 280 3395 ὥστε
310 3332 510 3410 μηδένα
538 3332 737 3408 τολμᾶν
765 3329 937 3395 αὐτοῖς
960 3326 1332 3402 ἐπιδουλεύειν,
1363 3324 1496 3400 μετὰ
1522 3324 1714 3383 τοσαύ-

141 3448 237 3495 της
263 3422 308 3480 δ’
336 3419 605 3500 ἀκριὸείας
632 3417 726 3490 τὴν
759 3422 851 3476 τοῦ
897 3415 1138 3493 σώματος
1165 3417 1424 3473 ποιεῖσθαι
1452 3412 1714 3493 φυλακήν,

144 3516 216 3575 ὡς
242 3508 494 3567 ἁπάντων
520 3506 704 3572 αὐτοὺς
729 3508 926 3563 ἀνελεῖν
952 3502 1298 3583 βουλομένων.
1380 3501 1594 3573 Ταύτην
1616 3500 1717 3582 γὰρ
1748 3516 1784 3556 c

69 3624 118 3662 ³5
145 3600 242 3670 τὴν
275 3596 506 3656 διάνοιαν
537 3598 742 3675 ἔχοντες
766 3591 914 3651 αὐτοί
935 3590 981 3648 τ’
1009 3588 1074 3649 ἂν
1102 3589 1200 3657 ἔξω
1221 3594 1326 3647 τῶν
1350 3588 1596 3647 κινδύνων
1617 3580 1718 3647 εἶεν

143 3686 236 3744 καὶ
261 3682 412 3765 παρὰ
435 3684 542 3747 τοῖς
565 3682 741 3748 ἄλλοις
771 3682 1106 3756 εὐδοκιμοῖεν·
1135 3668 1209 3737 ὧν
1234 3676 1406 3755 ἀγαθὰ
1433 3675 1594 3754 μείζω
1616 3699 1718 3755 χα·

144 3773 308 3832 λεπὸν
344 3770 508 3850 εὑρεῖν
536 3772 694 3829 ἐστιν.
779 3770 840 3845 (u)
879 3764 1236 3844 Ἐνεθυμήθην
1267 3763 1321 3822 δὲ
1361 3763 1552 3841 μεταξὺ
1589 3764 1720 3844 γραί-

147 3885 286 3942 φων,
315 3862 388 3926 ὥς
423 3860 650 3937 εὐτυχῶς
681 3854 892 3915 ἅπαντά
923 3877 1005 3913 σοι
1049 3852 1372 3931 συμὸέὸηκε.
1469 3852 1584 3923 Τὴν
1627 3852 1721 3928 μὲν

147 3949 254 4027 γὰρ
282 3946 558 4027 εὐπορίαν,
587 3944 652 4016 ἣν
681 3948 965 4021 ἀναγκαῖον
991 3934 1056 4014 ἦν
1085 3940 1378 4012 κτήσασθαι
1409 3942 1726 4021 τυραννικῶς

71 4062 128 4099 40
151 4035 290 4113 μετὰ
322 4034 440 4114 βίας
459 4038 464 4045 ”
485 4034 577 4093 καὶ
621 4034 820 4103 πολλῆς
849 4030 1154 4108 ἀπεχθείας,
1187 4033 1216 4086 ὁ
1243 4028 1420 4107 πατήρ
1449 4050 1530 4087 σοι
1557 4051 1722 4086 κατα·

149 4123 394 4194 λέλοιπε,
417 4120 477 4179 τὸ
499 4118 554 4179 δὲ
573 4124 802 4201 χρῆσθαι
821 4118 1018 4185 τούτοις
1041 4118 1216 4183 καλῶς
1239 4116 1329 4175 καὶ
1350 4116 1726 4196 φιλανθρώπως

152 4210 244 4269 ἐπὶ
274 4209 359 4268 σοὶ
385 4208 610 4287 γέγονεν·
639 4200 712 4267 ὧν
739 4207 846 4288 χρή
879 4230 938 4265 σε
967 4203 1168 4275 πολλὴν
1193 4208 1454 4263 ποιεῖσθαι
1483 4206 1578 4275 τὴν
1609 4205 1727 4261 ἐπι-

154 4299 396 4375 μέλειαν.

235 4406 282 4445 7.
326 4382 391 4442 Ἃ
422 4382 515 4459 μὲν
558 4372 648 4440 οὐν
694 4385 798 4460 ἐγὼ
839 4382 1145 4460 γιγνώσκω,
1171 4384 1319 4438 ταῦτ’
1345 4379 1503 4438 ἐστίν·
1544 4380 1654 4460 ἔχει
1682 4381 1727 4438 δ’

74 4494 124 4531 ⁴5
154 4472 342 4537 οὕτως.
431 4472 496 4530 Εἰ
518 4469 613 4547 μὲν
629 4472 748 4551 ἐρᾷς
761 4470 1049 4550 χρημάτων
1068 4468 1157 4526 καὶ
1183 4468 1411 4545 μείζονος
1425 4467 1727 4534 δυναστείας

157 4560 250 4619 καὶ
293 4556 560 4629 κινδύνων,
606 4558 670 4616 δι’
709 4549 782 4615 ὧν
810 4562 865 4615 αἱ
895 4558 1103 4633 κτήσεις
1128 4555 1324 4614 τούτων
1353 4556 1500 4628 εἰσίν,
1529 4555 1729 4637 ἑτέρους

157 4671 244 4705 σοι
268 4644 593 4723 συμὸούλους
620 4646 1005 4725 παρακλητέον·
1041 4648 1086 4703 εἰ
1121 4644 1177 4702 δὲ
1208 4648 1377 4702 ταῦτα
1420 4642 1514 4720 μὲν
1542 4648 1730 4711 ἱκανῶς

159 4736 335 4813 ἔχεις,
367 4735 556 4813 ἀρετῆς
582 4730 636 4790 δὲ
677 4732 766 4791 καὶ
795 4732 940 4803 δόξης
967 4734 1130 4803 καλῆς
1166 4731 1257 4789 καὶ
1297 4734 1391 4802 τῆς
1435 4731 1580 4812 παρὰ
1623 4735 1728 4790 τῶν

159 4823 376 4879 πολλῶν
420 4818 619 4886 εὐνοίας
659 4822 955 4896 ἐπιθυμεῖς,
997 4828 1102 4887 τοῖς
1127 4842 1184 4877 τε
1230 4820 1398 4897 λόγοις
1445 4828 1550 4885 τοῖς
1593 4822 1734 4897 ἐμοῖς

79 4940 130 4976 ω
161 4903 477 4989 προσεκτέον
506 4908 594 4965 τὸν
621 4914 740 4966 νοῦν
768 4911 906 4980 ἐστι,
933 4908 1026 4966 καὶ
1051 4909 1158 4974 τοῖς
1202 4910 1376 4973 καλῶς
1415 4907 1509 4973 τὰς
1557 4909 1734 4975 πόλεις
1765 4920 1799 4959 θ

172 4997 258 5064 τὰς
287 5000 458 5054 αὐτῶν
487 4996 763 5054 διοικοῦσιν
789 4995 1122 5072 ἆμιλλητέον,
1152 4995 1242 5053 καὶ
1267 4996 1538 5075 πειρατέον
1561 4998 1732 5053 αὐτῶν

571 5083 634 5162 (s)
667 5083 861 5143 Ἀκούω
889 5082 944 5141 δὲ
975 5084 1247 5161 Κλέομμιν
1271 5082 1360 5140 τὸν
1386 5085 1437 5139 ἐν
1467 5080 1734 5160 Μηθύμνῃ
1827 5076 2005 5135 strant,
2030 5078 2079 5122 et
2101 5070 2382 5120 tentandum
2410 5069 2553 5118 etiam
2578 5071 2631 5115 ut
2648 5078 2730 5115 eos
2753 5076 2965 5127 superes.
3045 5060 3115 5122 (8)
3139 5062 3261 5109 Nam
3282 5058 3387 5109 Cle·

166 5086 464 5161 διενεγκεῖν.

166 5172 368 5244 ταύτην
400 5170 588 5250 ἔχοντα
617 5170 710 5242 τὴν
740 5172 1041 5260 δυναστείαν
1064 5171 1185 5251 περί
1209 5194 1265 5229 τε
1296 5168 1388 5235 τὰς
1417 5168 1577 5235 ἄλλας
1599 5170 1737 5249 προί-

1799 2920 1896 2955 non
1909 2918 1970 2955 ex
1985 2906 2186 2955 aliorum
2208 2906 2413 2957 miseriis
2430 2920 2544 2956 suas
2564 2920 2729 2970 parare
2748 2908 3037 2971 voluptates,
3057 2908 3141 2957 sed
3166 2922 3251 2957 sua
3272 2907 3364 2957 sol·

1803 3014 2049 3064 licitudine
2068 3019 2117 3063 et
2135 3014 2378 3063 laboribus
2404 3014 2583 3063 civium
2607 3015 2879 3065 felicitatem
2899 3028 3073 3077 augere
3084 3050 3101 3075 ,
3123 3016 3192 3079 (5)
3214 3028 3371 3079 neque

1801 3118 2107 3168 acerbitatem
2122 3122 2171 3169 et
2184 3118 2419 3169 saevitiam
2432 3118 2483 3167 in
2496 3130 2663 3167 omnes
2676 3130 2896 3168 exercere
2906 3131 3139 3181 suamque
3154 3120 3369 3181 ipsorum

1803 3225 2008 3299 salutem
2026 3226 2285 3289 negligere,
2315 3226 2399 3276 sed
2426 3226 2682 3289 imperium
2714 3240 2771 3277 ea
2794 3228 3047 3277 clementia
3074 3232 3124 3276 et
3148 3226 3373 3289 aequitate

1803 3332 2163 3395 administrare,
2190 3339 2244 3383 ut
2270 3346 2411 3383 nemo
2434 3334 2503 3384 eis
2525 3334 2699 3384 audeat
2735 3334 2972 3396 insidiari,
2999 3337 3048 3383 et
3072 3346 3167 3383 non
3190 3334 3372 3382 minore

1805 3441 1957 3491 vitam
1988 3456 2125 3492 suam
2144 3442 2387 3505 diligentia
2413 3443 2626 3503 munire,
2650 3456 2795 3505 quam
2818 3441 2859 3491 si
2890 3455 3057 3491 omnes
3086 3443 3133 3490 in
3158 3442 3371 3505 ipsorum

1807 3552 2007 3601 exitium
2030 3552 2399 3615 conspirassent.
2466 3552 2571 3601 Hoc
2594 3551 2722 3601 enim
2744 3551 2904 3600 animo
2922 3551 2964 3600 si
2980 3554 3141 3613 agant,
3159 3550 3239 3600 liet
3252 3556 3308 3602 ut
3324 3553 3376 3601 et

1807 3656 1900 3721 ipsi
1926 3659 2059 3707 extra
2086 3657 2347 3721 periculum
2368 3658 2490 3719 sint,
2508 3660 2559 3708 et
2589 3656 2719 3720 apud
2752 3658 2937 3705 ceteros
2972 3655 3121 3718 gloria
3156 3655 3373 3705 floreant.

1811 3763 2001 3821 Quibus
2033 3764 2212 3826 majora
2248 3763 2374 3813 bona
2398 3762 2615 3813 invenire
2640 3762 2835 3812 difficile
2857 3762 2947 3811 est.
3016 3760 3082 3824 (6)
3106 3764 3236 3811 Inter
3262 3762 3379 3811 scri·

1813 3867 2020 3916 bendum
2056 3872 2216 3916 autem
2249 3866 2297 3915 in
2340 3868 2550 3915 mentem
2583 3864 2701 3914 mihi
2735 3864 2867 3915 venit
2908 3864 3253 3913 secundissima
3288 3862 3375 3913 tibi

1811 3970 1975 4020 omnia
1998 3969 2243 4019 accidisse.
2286 3974 2450 4033 opum
2473 3969 2601 4018 enim
2620 3967 2959 4017 abundantiam
2978 4003 2994 4028 ,
3018 3980 3161 4029 quam
3190 3979 3381 4017 necesse

1811 4077 1914 4123 erat
1928 4073 2053 4135 regio
2068 4073 2209 4123 modo
2226 4074 2272 4121 vi
2286 4072 2546 4135 multisque
2562 4072 2823 4122 inimicitiis
2838 4072 3073 4134 susceptis
3088 4082 3380 4134 comparare,

1750 4204 1792 4269 d
1815 4184 1950 4241 pater
1978 4176 2059 4227 tibi
2088 4178 2311 4241 reliquit:
2338 4177 2415 4227 his
2436 4190 2554 4227 vero
2582 4178 2702 4227 bene
2731 4184 2779 4227 et
2806 4176 3081 4226 humaniter
3098 4174 3169 4225 uti
3187 4212 3202 4236 ,
3226 4175 3381 4225 intua

1816 4292 1961 4330 manu
1980 4286 2077 4343 est3
2104 4286 2153 4331 et
2176 4281 2223 4330 in
2247 4294 2303 4330 eo
2322 4282 2371 4331 te
2388 4294 2579 4329 summo
2597 4281 2758 4330 studio
2776 4280 3021 4331 elaborare
3039 4278 3193 4329 decet.

1878 4393 1923 4438 7.
1956 4392 2079 4448 Quoe
2110 4389 2257 4451 igitur
2288 4388 2407 4437 milii
2437 4388 2655 4438 consulta
2676 4388 2941 4448 videantur,
2966 4388 3069 4438 haec
3103 4390 3237 4437 sunt.
3304 4384 3384 4437 Sic

1815 4492 1976 4537 antem
1996 4500 2049 4537 se
2066 4500 2141 4535 res
2160 4486 2305 4537 habet
2328 4502 2341 4535 ε
2364 4486 2406 4536 si
2434 4486 2660 4549 pecunias
2692 4486 3017 4548 maioremque
3047 4486 3305 4548 potentiam
3328 4490 3377 4535 et

1817 4585 2024 4649 pericula
2037 4622 2051 4646 ,
2073 4585 2175 4634 sine
2196 4584 2373 4647 quibus
2396 4584 2472 4633 lise
2491 4582 2640 4646 parari
2658 4586 2929 4645 nequeunt,
2949 4582 3145 4631 adamas
3158 4616 3173 4641 ,
3198 4580 3277 4629 alii
3298 4579 3380 4629 tibi

1819 4687 1868 4733 in
1891 4685 2143 4735 consilium
2158 4683 2414 4733 adhibendi
2428 4686 2594 4742 erunt;
2610 4682 2683 4732 sin
2704 4680 2791 4731 tibi
2816 4681 2985 4730 harum
3005 4690 3167 4727 rerum
3190 4674 3383 4725 abunde

1820 4784 1923 4841 est,
1942 4780 2135 4831 virtutis
2159 4794 2273 4830 vero
2290 4781 2342 4831 et
2362 4780 2577 4829 lionestoe
2600 4779 2740 4827 famae
2758 4790 2815 4825 ac
2844 4774 3082 4839 popularis
3106 4770 3384 4823 benevolen-

1822 4882 1902 4932 tiae
1925 4880 2161 4931 desiderio
2178 4880 2353 4929 teneris
2366 4915 2380 4939 ,
2400 4879 2449 4927 et
2468 4876 2673 4927 orationi
2702 4888 2824 4924 mem
2844 4870 3271 4935 obtemperandum
3295 4870 3387 4918 erit

1823 4984 1874 5027 et
1907 4976 2131 5026 cumillis
2167 4968 2477 5034 certandum,
2503 4975 2584 5035 qui
2612 4970 2837 5033 praeclare
2860 4982 2973 5018 suas
3010 4966 3151 5015 urbes
3189 4964 3387 5015 admini-

1826 5171 2007 5219 ommin
2053 5168 2222 5227 audio,
2263 5168 2345 5229 qui
2371 5165 2662 5226 Methymnae
2697 5160 2988 5217 dominatur,
3009 5170 3159 5219 quum
3192 5156 3239 5203 in
3280 5156 3387 5205 aliis

174 5258 271 5326 ξεις
299 5258 462 5317 καλὸν
491 5258 713 5337 κάγαθὸν
762 5248 893 5317 εἶναι
942 5260 1030 5317 καὶ
1073 5258 1338 5340 φρόνιμον,
1381 5259 1466 5315 καὶ
1494 5262 1738 5316 τοσοῦτον
1827 5268 2096 5321 actionibus
2120 5266 2210 5317 viri
2232 5264 2343 5314 boni
2371 5268 2419 5313 et
2440 5261 2573 5325 probi
2594 5267 2640 5311 et
2664 5257 2911 5323 prudentis
2934 5255 3063 5316 fungi
3088 5251 3390 5317 otficio,tum
