3825 5842
505 444 618 493 216

1321 429 1597 489 ΛΥΣΙΟΥ
1632 429 1840 490 ΚΑΤΑ
1875 429 2427 492 ΦΙΛΟΚΡΑΤΟΥΣ
2472 433 2864 493 ΕΠΙΛΟΙὉΣ.

3408 441 3665 521 (ses—sae}

403 577 579 627 181τοῑ
606 561 794 628 πάντες
821 559 1098 620 ἐπίστασθε
1121 556 1200 615 ὅτι
1230 557 1442 635 Οὐδεμία
1471 558 1618 625 ἐλπὶς
1645 558 1907 639 σωτηρίας
1929 560 2049 637 ὑμῖν
2152 568 2285 633 quod
2314 570 2365 620 in
2394 571 2607 622 adversis
2637 573 2781 624 rebus
2815 575 2949 626 nulia
2986 576 3125 627 vobis
3162 578 3333 629 salutis
3366 594 3471 643 spes
3504 584 3675 647 tanqu.

501 646 904 729 δυστυχήσασιν.
983 644 1151 705 Ὥστε
1180 644 1315 713 ἄξιον
1345 647 1476 722 ὑμᾶς
1502 645 2053 727 παρακελευσαμένους

504 741 623 814 ὑμῖν
663 740 836 802 αὐτοῖς
881 734 1026 814 παρὰ
1071 732 1262 791 τούτων
1311 732 1420 792 νυνὶ
1467 732 1560 805 τὴν
1609 733 1856 811 μεγίστην
1899 734 2049 805 δίκην

502 823 702 894 λαὸεἳν,
729 821 818 880 καὶ
861 828 963 888 τοῖς
1005 820 1176 886 ἄλλοις
1219 816 1478 892 Ἕλλησιν
1521 820 1770 889 ἐπιδεῖξαι
1815 825 1884 887 ὡς
1929 820 2046 887 τοὺς

384 954 402 971 .
505 913 806 976 ἀδικοῦντας
843 914 1176 988 τιμωρεῖσθε,
1207 906 1437 973 καὶτοὺς
1479 908 1754 988 ὑμετέρους
1798 909 2052 988 ἄρχοντας

509 997 736 1077 βελτίους
761 995 1023 1067 ποιήσετε.
1108 996 1194 1074 (16)
1234 994 1376 1072 Ἐγὼ
1405 994 1498 1071 μὲν
1518 986 1605 1054 οὗν
1628 1001 1776 1055 ταῦθ’
1802 998 1922 1073 ὑμῖν
1948 1018 2053 1054 πα-

454 1110 480 1147 5
509 1084 873 1165 ρακελεύομαι·
918 1086 1050 1159 ὑμᾶς
1083 1083 1138 1141 δὲ
1179 1082 1281 1163 χρὴ
1312 1082 1498 1141 εἰδέναι
1539 1082 1647 1160 ὅτι,
1691 1084 1754 1141 ἂν
1803 1083 1898 1160 μὲν
1938 1083 2052 1159 ἐμοὶ

504 1177 780 1243 πεισθῆτε,
823 1163 881 1229 εὖ
915 1170 1034 1251 περὶ
1059 1174 1226 1228 αὑτῶν
1253 1169 1622 1250 βουλεύσεσθε,
1657 1173 1701 1229 εἷ
1729 1170 1781 1229 δὲ
1812 1172 1914 1247 μή,
1942 1169 2053 1249 χεί-

505 1284 617 1339 ροσι
644 1268 748 1327 τοῖς
771 1258 944 1325 ἄλλοις
974 1256 1206 1326 πολίταις
1233 1258 1510 1339 χρήσεσθε.
1614 1256 1733 1319 Ἔτι
1764 1258 1847 1331 δέ,
1877 1248 1922 1317 ὦ
1960 1258 2051 1316 ἄν·

506 1350 616 1425 δρες
666 1348 958 1420 Ἀθηναῖοι,
1013 1346 1076 1405 ἂν
1114 1348 1281 1404 αὓτῶν
1334 1347 1764 1429 ἀποψηφίσησθε,
1807 1346 2053 1423 οὐδεμίαν

506 1436 622 1511 ὑμῖν
651 1434 876 1493 εἴσονται
922 1432 1093 1513 χάριν,
1123 1431 1259 1491 ἀλλὰ
1302 1434 1406 1500 τοῖς
1443 1433 1792 1511 ἀνηλωμένοις
1832 1432 1921 1491 καὶ
1950 1441 2055 1500 τοῖς

503 1521 770 1601 χρήμασιν
809 1511 886 1588 οἷς
933 1520 1237 1602 ὑφῄρηνται·
1270 1518 1404 1579 ὥστε
1437 1518 1529 1591 τὴν
1569 1520 1661 1599 μὲν
1708 1520 1898 1601 ἔχθραν
1935 1522 2055 1596 ὑμῖν

505 1610 679 1675 αὐτοῖς
700 1606 1041 1688 καταλείψετε
1059 1654 1075 1685 ,
1100 1611 1192 1679 τῆς
1216 1606 1270 1665 δὲ
1294 1608 1554 1688 σωτηρίας
1583 1608 1791 1676 ἐκείνοις
1828 1606 2056 1666 εἴσονται

503 1695 681 1775 χάριν.
709 1696 796 1773 (17)
818 1694 924 1755 Καὶ
944 1694 1036 1772 μὲν
1050 1694 1138 1772 δή,
1154 1684 1197 1753 ὦ
1219 1694 1394 1777 ἄνδρες
1418 1694 1692 1770 Ἀθηναῖοι,
1711 1696 1800 1755 καὶ
1818 1693 2055 1775 Ἁλικαρ-

429 1804 478 1842 ιο
503 1790 711 1852 νασσεῖς
731 1782 822 1842 καὶ
849 1786 894 1841 οἱ
916 1783 1064 1843 ἄλλοι
1093 1786 1139 1842 οἱ
1159 1782 1258 1843 ὑπὸ
1284 1781 1477 1842 τούτων
1503 1784 1839 1862 ἠδικημένοι,
1868 1781 1932 1842 ἂν
1962 1782 2055 1861 μὲν

508 1870 652 1952 παρὰ
693 1870 886 1931 τούτων
927 1869 1021 1942 τὴν
1051 1872 1302 1951 μεγίστην
1341 1871 1488 1945 δίκην
1532 1872 1728 1944 λάὸητε
1745 1918 1760 1945 ,
1791 1878 2055 1949 νομιοῦσιν

506 1959 604 2018 ὑπὸ
627 1958 820 2018 τούτων
851 1957 945 2036 μὲν
969 1958 1325 2033 ἀπολωλέναι,
1358 1963 1493 2036 ὑμᾶς
1515 1960 1570 2019 δὲ
1601 1962 1770 2027 αὐτοῖς
1800 1960 2057 2039 βεὸοηθη·

507 2047 670 2107 κέναι·
711 2045 802 2105 ἐὰν
831 2045 886 2105 δὲ
932 2046 1143 2115 τούτους
1187 2047 1417 2121 σώσητε,
1460 2047 1748 2125 ἡγήσονται
1789 2047 1881 2107 καὶ
1924 2052 2057 2125 ὑμᾶς

505 2132 876 2215 ὁμογνώμονας
937 2134 1198 2214 γεγονέναι
1261 2144 1364 2203 τοῖς
1418 2136 1598 2203 αὑτοὺς
1653 2135 2053 2217 προδεδωκόσιν.

504 2223 676 2284 ‘flet’
701 2222 842 2291 ἄξιον
881 2220 1076 2282 τούτων
1116 2222 1360 2282 ἁπάντων
1403 2223 1777 2301 ἐνθυμηθέντας
1811 2224 1923 2301 ἅμα
1952 2232 2057 2291 τοῖς

507 2310 668 2394 φίλοις
702 2314 805 2377 τοῖς
846 2308 1106 2391 ὑμετέροις
1133 2312 1414 2370 ἀποδοῦναι
1451 2310 1607 2393 χάριν
1653 2310 1742 2370 καὶ
1782 2309 1928 2392 παρὰ
1956 2314 2055 2371 τῶν

507 2395 818 2457 ἀδικούντων
843 2395 938 2469 τὴν
967 2396 1115 2469 δίκην
1137 2396 1337 2458 λαθεῖν.

1103 2604 1464 2632 —---000-——-

1183 2738 1388 2797 XXIX.

431 2946 480 2987 ιε
666 2921 870 2982 ΚΑΤΑ
900 2919 1452 2981 ΦΙΛΟΚΡΑΤΟΥΣ
1495 2920 1897 2981 ΕΠῙΛΟΓΟΣ.

427 3139 480 3178 20
585 3106 655 3169 ‘O
683 3106 776 3185 μὲν
799 3104 939 3187 ἀγὼν
965 3098 1110 3175 οὗτος
1127 3152 1146 3184 ,
1180 3094 1225 3166 ὦ
1250 3103 1427 3186 ἄνδρες
1451 3103 1722 3179 δικασταί,
1747 3104 2059 3187 ἐρημότερος

504 3195 778 3276 γεγένηται
814 3192 850 3267 ἢ
883 3193 985 3271 ἐγὼ
1029 3193 1376 3273 προσεδόκων.
1463 3194 1660 3253 Πολλοὶ
1703 3192 1805 3274 γὰρ
1831 3186 1968 3267 ἦσαν
2010 3196 2058 3253 οἱ

507 3286 832 3349 ἀπειλοῦντες
855 3282 945 3341 καὶ
972 3285 1018 3341 οἱ
1054 3281 1338 3363 φάσκοντες
1365 3281 1725 3361 Φιλοκράτους
1762 3281 2057 3360 κατηγορή-

507 3393 632 3429 σειν·
661 3361 731 3427 ὧν
755 3368 916 3434 οὐδεὶς
933 3368 1042 3426 νυνὶ
1064 3368 1320 3448 φαίνεται.
1402 3366 1478 3427 Ὃ
1505 3368 1664 3444 κάμοὶ
1692 3369 1835 3426 δοκεῖ
1859 3367 2059 3436 οὐδενὸς

507 3454 719 3514 ἔλαττον
763 3446 894 3513 εἶναι
931 3454 1209 3533 τεκμήριον
1255 3460 1347 3526 τῆς
1395 3457 1701 3536 ἀπογραφῆς
1745 3454 1825 3512 δτι
1867 3455 2059 3527 ἀληθὴς

425 3568 477 3605 25
508 3532 636 3601 οῧσα
663 3540 926 3620 τυγχάνει·
955 3543 1000 3598 εἰ
1018 3540 1118 3619 γὰρ
1154 3538 1228 3617 μὴ
1255 3539 1422 3599 πολλὰ
1449 3542 1552 3599 τῶν
1580 3538 1921 3618 Ἐργοκλέους
1948 3531 2056 3621 εἶχε

507 3628 810 3711 χρημάτων,
851 3630 944 3689 οὐκ
983 3628 1047 3689 ἂν
1071 3628 1230 3701 οὕτως
1275 3621 1376 3695 οἶός
1413 3632 1462 3688 τ’
1491 3620 1554 3700 ἧν
1599 3628 1898 3697 ἀπαλλάξαι
1944 3630 2061 3698 τοὺς

508 3714 844 3796 κατηγόρους.
929 3716 990 3794 (2)
1023 3715 1164 3792 Ἐγὼ
1188 3716 1272 3789 δέ,
1292 3706 1335 3776 ‹⁹5›
1360 3716 1534 3796 ἄνδρες
1561 3715 1823 3788 δικασταί,
1856 3715 2056 3784 πάντας

508 3810 642 3883 ὑμᾶς
676 3809 902 3881 ἠγοῦμαι
927 3802 1114 3863 εἰδέναι
1148 3802 1226 3862 ὅτι
1256 3802 1598 3883 Ἐργοκλέους
1625 3803 1709 3863 διὰ
1732 3808 1884 3863 τοῦτο
1911 3808 2060 3882 ὑμεῖς

507 3894 726 3953 θάνατον
758 3890 1312 3973 κατεχειροτονήσατε,
1340 3891 1418 3951 ὅτι
1446 3896 1618 3959 κακῶς
1651 3891 1839 3961 διαθεὶς
1870 3891 1937 3963 τὰ
1968 3897 2061 3965 τῆς

505 3980 705 4048 πόλεως
729 3980 884 4040 πλέον
907 3977 941 4051 ἢ
971 3980 1250 4060 τριάκοντα
1277 3979 1543 4039 ταλάντων
1570 3978 1746 4038 οὐσίαν
1771 3979 2050 4051 ἐκτήσατο.

507 4069 618 4129 Καὶ
656 4068 852 4128 τούτων
880 4073 983 4128 τῶν
1028 4067 1318 4149 χρημάτων
1352 4066 1496 4127 οὐδὲν
1523 4071 1575 4127 ἐν
1602 4073 1668 4148 τῇ
1701 4066 1850 4126 πόλει
1877 4068 2055 4151 φαίνε-

506 4181 610 4219 ται.
641 4157 830 4219 Καίτοι
856 4158 947 4217 ποῖ
969 4157 1075 4239 χρὴ
1104 4156 1392 4237 τραπέσθαι
1416 4154 1450 4227 ἢ
1476 4160 1550 4236 πῇ
1579 4161 1800 4229 ζητῆσαι
1827 4156 1894 4214 τὰ
1924 4156 2060 4237 χρή-

425 4270 477 4309 ao
506 4268 681 4322 ματα;
710 4248 753 4303 εἰ
793 4244 894 4325 γὰρ
917 4243 1062 4325 παρὰ
1089 4247 1193 4312 τοῖς
1234 4246 1509 4316 κηδεσταῖς
1545 4244 1635 4307 καὶ
1661 4236 1736 4311 οἷς
1772 4247 1957 4311 ἐκεῖνος
1989 4248 2057 4303 οἶ·

505 4333 728 4391 κειότατ’
773 4330 1059 4411 ἀνθρώπων
1102 4335 1293 4412 ἐχρῆτο
1331 4332 1406 4410 μὴ
1449 4330 1763 4413 φανήσεται,
1813 4334 2061 4412 χαλεπῶς

506 4418 652 4498 παρὰ
695 4426 798 4485 τοῖς
839 4420 1040 4497 ἐχθροῖς
1085 4416 1433 4497 εὑρεθήσεται.
1542 4416 1602 4497 (3)
1650 4417 1785 4475 Τίνα
1830 4417 1885 4476 δὲ
1935 4418 2057 4499 Ἐρ-

505 4506 694 4583 γοκλῆς
737 4504 856 4584 περὶ
896 4503 1130 4570 πλείονος
1175 4504 1532 4584 Φιλοκράτους
1583 4507 1833 4581 ἐποιεῖτο,
1862 4503 1897 4576 ἢ
1933 4506 2061 4586 πρὸς

505 4590 601 4650 τίν’
645 4588 927 4670 ἀνθρώπων
969 4590 1184 4651 διέκειτο
1213 4592 1544 4673 οἰκειότερον;
1573 4594 1630 4651 οὗ
1671 4596 1774 4651 τῶν
1811 4591 1906 4669 μὲν
1934 4598 2055 4671 ὑμε-

504 4678 666 4759 τέρων
703 4676 950 4750 πωλητὴν
997 4678 1151 4737 αὐτὸν
1192 4676 1444 4757 ἐξήγαγε,
1494 4680 1596 4736 τῶν
1641 4672 1886 4737 δ”αὑτοῦ
1926 4703 2061 4760 χρη-

510 4765 689 4843 μάτων
719 4763 911 4840 ταμίαν
939 4764 1150 4838 ἔποίησε
1170 4810 1186 4837 ,
1218 4765 1308 4823 καὶ
1335 4764 1394 4824 τὸ
1421 4766 1712 4823 τελευταῖον
1745 4765 2059 4846 τριήραρχον

507 4852 660 4912 αὐτὸν
703 4850 1022 4925 κατέστησες
1109 4854 1172 4932 (ι)
1219 4852 1403 4913 Καίτοι
1447 4851 1606 4911 δεινὸν
1649 4854 1694 4911 εἷ
1743 4856 1790 4911 οἱ
1829 4852 1923 4930 μὲν
1968 4854 2060 4922 τὰς

425 4962 477 5002 35
508 4940 685 5008 οὐσίας
725 4939 926 5019 ἔχοντες
977 4942 1348 5021 ὄλοφυροῦνται
1403 4945 1862 5020 τριηραρχοῦντες,
1914 4932 2059 5008 οὗτος

506 5028 563 5088 δὲ
607 5028 752 5088 οὐδὲν
803 5028 1054 5109 πρότερον
1097 5028 1410 5105 κεκτημένος
1454 5030 1507 5087 ἐν
1542 5028 1724 5110 ἐκείνῳ
1767 5032 1842 5108 τῷ
1883 5027 2059 5110 χρόνῳ

505 5116 766 5189 ἐθελοντὴς
783 5114 980 5189 ὑπέστη
1004 5116 1197 5190 ταύτην
1219 5116 1313 5187 τὴν
1339 5116 1679 5198 λειτουργίαν.
1763 5118 1968 5177 Οὐκοῦν
1994 5114 2056 5187 δὴ

506 5207 603 5285 οὐχ
619 5209 687 5273 ὡς
710 5204 1162 5284 ζημιωθησόμενον
1193 5204 1346 5265 αὐτὸν
1368 5204 1684 5287 τριήραρχον
1717 5203 2057 5281 κατέστησεν,

2141 678 2243 713 esse
2259 666 2422 728 possit.
2477 671 2639 726 Quare
2662 669 2802 719 decet
2834 672 2890 720 ut
2908 673 3225 736 vosmetipsos
3242 674 3485 727 hortantes
3505 677 3600 739 iam
3620 681 3676 730 ab

2141 757 2243 807 istis
2288 762 2565 809 extremum
2606 764 2810 813 sumatis
2853 765 3172 828 supplicium,
3210 769 3475 832 ceterisque
3514 776 3677 825 θηρῶ

2142 858 2527 907 commonstretis
2557 872 2644 909 vos
2666 859 2857 910 studere
2896 860 3155 924 flagitiosos
3184 864 3315 915 cives
3343 879 3585 929 coercere,
3610 884 3677 921 το-

2141 951 2361 1011 strosque
2380 948 2527 1000 duces
2544 952 2816 1004 emendare.
2898 954 2997 1017 (16)
3018 956 3136 1006 Hoec
3159 958 3303 1020 igitur
3325 972 3413 1022 ego
3432 960 3569 1011 robis
3584 978 3681 1012 sua-

2142 1042 2259 1103 deo;
2280 1058 2366 1094 vos
2382 1046 2545 1095 autem
2582 1048 2705 1098 scire
2733 1050 2927 1112 oportet
2944 1050 3100 1113 quod,
3124 1052 3163 1101 si
3186 1054 3305 1103 mibi
3325 1057 3619 1121 auscultetss,
3636 1060 3684 1110 de

2143 1138 2243 1187 istis
2258 1140 2387 1189 recte
2408 1141 2653 1203 statuetis;
2674 1143 2747 1193 sin
2766 1145 2943 1207 minus,
2964 1147 3095 1209 quod
3114 1149 3322 1212 reliquos
3340 1152 3467 1203 cives
3483 1154 3685 1207 efficietis

2142 1234 2418 1285 deteriores.
2444 1239 2682 1288 Praeterea
2700 1252 2843 1301 vero,
2874 1241 3207 1307 Athenienses,
3228 1244 3267 1294 si
3288 1246 3403 1297 istos
3422 1248 3684 1313 absolvatis,

2144 1330 2326 1379 nullam
2376 1330 2513 1381 vobis
2554 1332 2800 1383 lnabebunt
2832 1335 3063 1399 gratiam,
3100 1339 3183 1388 sed
3218 1341 3421 1392 salutem
3460 1346 3687 1397 ascribmt

2146 1425 2357 1487 pecuniis
2373 1440 2495 1490 quas
2522 1428 2654 1478 furto
2676 1430 2930 1493 subreptas
2954 1434 3241 1495 profudere:
3264 1437 3385 1487 adeo
3415 1442 3471 1488 ut
3494 1440 3689 1493 inimici·

2145 1521 2235 1572 tias
2272 1522 2619 1587 vobismetipsis
2650 1526 2963 1590 reliqueritis,
2997 1530 3047 1578 et
3079 1530 3157 1580 isti
3192 1532 3399 1583 salutem
3440 1536 3543 1585 suis
3577 1539 3689 1600 ipso·

2144 1636 2265 1687 rum·
2286 1624 2465 1675 divitiis
2504 1629 2751 1691 acceptam
2780 1630 3049 1681 retulerint.
3120 1632 3221 1696 (17)
3262 1635 3485 1699 Denique
3499 1675 3516 1698 ,
3560 1642 3689 1691 Albe·

2144 1724 2356 1788 menses,
2374 1727 2483 1776 tum
2517 1728 2955 1783 Halicanusssenses
2980 1734 3085 1783 tum
3118 1734 3199 1784 alii
3228 1738 3313 1799 qui
3346 1739 3411 1789 ab
3446 1741 3552 1793 istis
3586 1746 3693 1807 iniu-

2144 1820 2268 1871 riose
2292 1822 2479 1884 accepti
2496 1824 2634 1885 sunt,
2654 1823 2695 1874 si
2712 1823 2831 1875 istos
2862 1826 3033 1876 ultimo
3062 1828 3415 1883 mulctaveritis
3436 1838 3691 1903 supplicio,

2144 1916 2486 1969 existimabunt
2514 1932 2567 1970 se
2597 1921 2660 1969 ab
2696 1921 2798 1971 istis
2820 1922 3017 1986 quidem
3047 1926 3258 1988 perditos
3294 1930 3469 1995 fuisse,
3504 1947 3536 1982 a
3570 1937 3695 1987 robis

2145 2014 2309 2063 autem
2340 2017 2579 2064 recreatos
2612 2034 2626 2065 ι
2655 2016 2828 2079 quodsi
2850 2019 3044 2069 eosdem
3071 2021 3312 2088 foveritis,
3339 2027 3695 2081 arbitrabuntur

2145 2120 2232 2157 vos
2254 2120 2367 2157 cum
2388 2108 2447 2159 iis
2466 2110 2665 2161 sensisse
2688 2112 2845 2174 quise
2864 2112 3198 2176 prodiderunt.
3278 2123 3522 2175 convenit
3544 2127 3693 2189 igitur.

2144 2208 2252 2260 brec
2280 2211 2443 2261 omnia
2462 2212 2511 2261 in
2528 2214 2757 2263 memoria
2782 2214 3014 2267 habentes
3023 2254 3039 2280 ,
3057 2231 3146 2268 vos
3162 2220 3331 2271 eadem
3352 2236 3503 2287 opera
3520 2228 3569 2275 et
3584 2226 3695 2276 ami-

2146 2311 2213 2361 cis
2234 2312 2405 2365 vestris
2427 2315 2629 2377 gratiam
2648 2316 2849 2379 referre,
2869 2318 2919 2368 et
2934 2316 2995 2368 de
3020 2318 3295 2374 facinorosis
3314 2326 3605 2389 supplicium
3624 2340 3701 2379 su-

2150 2420 2299 2459 mere.

2802 2616 3089 2643 ’,θῦσαι-

2807 2745 3025 2807 XXIX.

2243 2916 2539 2978 CONTRA
2568 2918 3117 2982 PHILOCRATEM
3160 2910 3612 2989 PERORATio.

2209 3108 2327 3158 Haec
2352 3106 2628 3171 contentio,
2660 3106 3043 3174 judices,10nge
3076 3112 3151 3163 est
3183 3111 3537 3177 inu-equarum
3558 3132 3704 3181 quam

2146 3216 2234 3265 ego
2252 3202 2607 3267 exspectabam.
2674 3205 2817 3255 Multi
2836 3207 2967 3257 enim
2998 3210 3135 3258 erant
3165 3209 3251 3271 qui
3280 3210 3620 3264 minitarentur
3658 3218 3708 3267 et

2146 3306 2360 3358 dicerem
2380 3322 2433 3358 se
2450 3308 2767 3359 Philocratem
2798 3312 3133 3373 accusaturus3
3170 3326 3381 3375 quorum
3398 3328 3542 3366 nemo
3566 3318 3709 3369 hodie

2148 3410 2362 3472 apparet.
2428 3408 2485 3458 ld
2506 3408 2638 3471 quod
2656 3410 2775 3459 mihi
2805 3410 2999 3461 videtur
3018 3411 3155 3461 nullo
3178 3412 3419 3464 infirmius
3450 3427 3705 3479 argumen-

2146 3514 2253 3563 tum
2281 3525 2447 3562 veram
2478 3524 2586 3563 esse
2619 3511 2745 3563 hanc
2762 3511 3070 3564 delationem.
3134 3517 3256 3565 Nam
3278 3516 3371 3566 nisi
3397 3531 3463 3567 ex
3492 3522 3709 3583 Ergoclis

2146 3606 2361 3670 pecuniis
2378 3606 2467 3656 iste
2479 3605 2687 3670 plurima
2704 3606 3068 3667 intervertisset,
3086 3607 3267 3658 nonita
3289 3610 3429 3661 facile
3447 3611 3707 3667 dimisisset

2146 3711 2463 3760 accusatores.
2530 3710 2598 3773 (2)
2642 3713 2741 3772 Ego
2776 3710 2966 3773 autem,
2994 3709 3209 3775 judices,
3248 3725 3337 3763 vos
3376 3727 3545 3766 omnes
3580 3718 3708 3769 scire

2146 3811 2370 3872 arbitror,
2405 3823 2495 3861 vos
2539 3812 2785 3874 Ergoclem
2815 3809 2923 3861 ideo
2948 3811 3105 3875 capite
3146 3812 3421 3878 damnasse,
3464 3818 3603 3881 qnod
3640 3834 3707 3871 ex

2148 3910 2388 3974 republica
2418 3909 2547 3960 male
2576 3908 2909 3960 administrata
2940 3909 3052 3974 plus
3077 3923 3225 3974 quam
3258 3912 3453 3975 triginta
3490 3892 3707 3968 talento·

2148 4023 2257 4059 rum
2282 4010 2371 4061 sibi
2394 4023 2494 4060 rem
2512 4010 2799 4060 confecerat.
2865 4013 3083 4068 Quarum
3102 4012 3411 4074 pecuniarum
3433 4014 3553 4066 nibil
3578 4031 3709 4069 com-

2148 4114 2283 4174 paret
2306 4112 2355 4161 in
2382 4112 2588 4161 civitate.
2630 4113 2693 4161 At
2713 4125 2813 4174 quo
2832 4113 3073 4161 vertemus
3090 4125 3206 4173 nos,
3238 4114 3323 4163 aut
3342 4128 3438 4177 qua
3470 4116 3553 4166 via
3578 4120 3708 4182 ipsas

2148 4211 2565 4274 investigabimus?
2588 4210 2636 4261 Si
2660 4210 2789 4260 enim
2802 4210 2929 4275 apud
2944 4210 3110 4262 aflines
3121 4248 3137 4275 ,
3156 4213 3301 4263 eteos
3320 4214 3498 4277 quibus
3518 4216 3603 4268 ille
3622 4220 3706 4270 lio·

2148 4312 2358 4363 minibus
2371 4311 2735 4363 familiarissime
2754 4312 2997 4374 utebatur,
3014 4324 3110 4362 non
3126 4316 3405 4376 appareant,
3424 4328 3555 4378 aegre
3572 4320 3703 4381 apud

2148 4408 2364 4457 inimicos
2385 4408 2695 4469 reperientur.
2764 4406 2830 4470 (3)
2858 4412 3013 4467 Quem
3037 4408 3199 4458 autem
3220 4410 3441 4471 Ergocles
3463 4412 3619 4474 pluris
3640 4418 3701 4465 fe·

2150 4510 2215 4559 cit
2236 4522 2383 4573 quam
2416 4509 2765 4559 Philocratem?
2800 4508 2991 4557 cuinam
3018 4511 3122 4559 erat
3144 4508 3467 4561 familiaritate
3492 4516 3701 4577 coniun-

2148 4610 2299 4661 ctior?
2328 4622 2487 4659 nonne
2512 4608 2658 4659 istum
2694 4608 2819 4657 inter
2854 4608 3041 4658 vestros
3060 4608 3191 4659 cives
3212 4610 3455 4673 precipue
3494 4614 3669 4677 selegit
3688 4653 3703 4677 ‚

2147 4724 2295 4775 quem
2331 4720 2529 4759 suarum
2551 4706 2835 4757 lacultatum
2866 4706 3225 4767 procuratorem
3264 4704 3477 4755 efficeret
3491 4742 3508 4768 ,
3540 4710 3593 4757 et
3616 4722 3703 4772 po.

2148 4817 2355 4873 stremo,
2402 4809 2687 4874 praefectum
2740 4805 2949 4857 triremis
3001 4804 3283 4856 constituit?
3361 4804 3427 4866 (4)
3474 4808 3703 4858 Attamen

2148 4916 2241 4965 hoc
2260 4914 2437 4963 mirum
2476 4909 2676 4970 accidit,
2700 4908 2771 4969 si,
2807 4918 2961 4969 quum
2992 4904 3327 4955 fortunatiores
3360 4903 3481 4953 illud
3520 4916 3707 4956 munus

2146 5024 2271 5073 aegre
2302 5006 2561 5069 recipiant,
2588 5004 2679 5054 iste
2712 5004 2854 5052 antea
2884 5000 3243 5064 pauperrimus,
3266 4998 3351 5047 illo
3386 5000 3607 5062 tempore
3632 5000 3705 5051 lu-

2146 5112 2264 5162 bens
2285 5106 2543 5170 susceperit
2562 5104 2615 5155 id
2636 5102 2812 5153 oneris.
2878 5101 3029 5151 Istum
3052 5098 3197 5163 igitur
3226 5097 3306 5148 ille
3334 5096 3547 5148 triremis
3582 5112 3703 5161 pra>-

2147 5212 2327 5263 fectum
2342 5204 2619 5269 constituit,
2640 5216 2739 5254 non
2766 5202 2821 5251 ut
2844 5198 3137 5251 incommodi
3160 5196 3342 5262 aliquid
3358 5233 3375 5259 ,
3406 5197 3489 5249 sed
3522 5198 3583 5248 nt
3612 5212 3703 5261 po-
