3825 5842
77 459 90 526 ιζ
107 473 338 514 ass—eso
359 452 374 513 l

655 616 996 664 MAPTTPEE.

139 772 207 808 ει.
255 750 584 826 Ἐνθυμεῖσθε
612 746 819 823 τοίνυν,
867 735 912 803 ὦ
963 746 1141 825 ἄνδρες
1184 746 1475 818 δικασταί,·
1501 744 1610 817 ὅτι,

73 838 186 896 ὅταν
209 838 301 915 μὲν
327 836 464 897 κατὰ
483 835 579 903 τὰς
605 832 902 915 συγγραφὰς
921 837 1171 911 ποιῶμεν,
1195 832 1402 891 ἅπαντα
1425 833 1490 891 τὰ
1519 833 1616 890 πά-

74 952 183 1009 τρια
225 928 434 1003 θύεται,
483 924 692 985 ἐπειδὰν
732 924 786 982 δὲ
825 922 962 981 κατὰ
1000 920 1092 987 τὰς
1129 919 1322 991 στήλας
1363 919 1425 987 ἃς
1471 913 1617 989 οὗτος

77 1017 344 1096 ἀνέγραψε,
392 1014 566 1075 πολλὰ
613 1016 716 1072 τῶν
763 1015 914 1092 ἱερῶν
969 1008 1308 1069 καταλύεται.
1429 1008 1614 1069 Καίτοι

77 1098 208 1173 οὗτος
229 1110 256 1165 ὁ
283 1104 540 1185 ἱερόσυλος
561 1100 854 1184 περιτρέχει
872 1144 888 1173 ,
919 1099 1084 1179 λέγων
1112 1102 1181 1165 ὡς
1203 1096 1470 1157 εὖσέὸειαν
1499 1097 1615 1156 ἀλλ’

77 1199 162 1255 οὐκ
200 1194 455 1253 εὐτέλειαν
487 1192 766 1273 ἀνέγραψε·
810 1189 902 1248 καὶ
942 1190 988 1247 εἰ
1020 1187 1094 1267 μὴ
1131 1192 1299 1246 ταῦτα
1331 1187 1451 1263 ὑμῖν
1491 1184 1618 1267 ἀρέ-

49 1305 214 1355 ισκει,
240 1282 524 1363 ἐξαλείφειν
547 1277 749 1340 κελεύει
767 1322 784 1355 ,
814 1276 906 1335 καὶ
931 1278 991 1335 ἐκ
1018 1274 1216 1351 τούτων
1243 1273 1408 1334 οἴεται
1425 1272 1618 1332 πείθειν

81 1376 140 1439 ὥς
165 1370 304 1430 οὐδὲν
325 1372 510 1429 ἀδικεῖ·
536 1366 590 1435 ὃς
618 1368 670 1426 ἐν
709 1368 844 1425 δυοῖν
873 1362 968 1442 μὲν
1008 1364 1141 1421 ἐτοῖν
1174 1362 1339 1422 πλείω
1383 1362 1484 1434 ἤδη
1529 1366 1620 1420 τοῦ

83 1460 266 1525 δέοντος
291 1456 492 1517 δώδεκα
534 1454 804 1519 ταλάντοις
842 1450 1082 1509 ἀνάλωσε
1096 1493 1112 1523 ,
1155 1448 1282 1530 παρ’
1317 1447 1533 1508 ἕκαστον
1564 1446 1621 1506 δὲ

83 1546 158 1603 τὸν
181 1544 408 1605 ἐνιαυτὸν
437 1543 770 1623 ἐπεχείρησεν
813 1537 866 1607 ἓξ
895 1538 1167 1616 ταλάντοις
1207 1534 1304 1609 τὴν
1336 1536 1488 1595 πόλιν
1530 1540 1624 1607 ζη-

85 1638 290 1709 μιῶσαι,
324 1634 418 1711 (22)
449 1630 540 1689 καὶ
567 1636 732 1688 ταῦτα
763 1630 896 1709 ὁρῶν
935 1624 1097 1697 αὗτῆν
1145 1627 1446 1706 ἀποροῦσαν
1489 1646 1622 1705 χρη-

85 1722 249 1796 μάτων
278 1720 367 1779 καὶ
395 1715 832 1793 Λακεδαιμονίους
868 1712 964 1791 μὲν
993 1714 1354 1789 ἀπειλοῦντας,
1381 1710 1503 1769 ὅταν
1548 1708 1622 1788 μὴ

85 1808 461 1889 ἀποπέμψωμεν
489 1808 660 1872 αὐτοῖς
686 1802 752 1862 τὰ
777 1800 1061 1883 χρήματα,
1105 1798 1365 1866 Βοιωτοὺς
1405 1798 1457 1857 δὲ
1489 1800 1622 1857 σῦλα

83 1895 432 1974 ποιουμένους,
459 1893 538 1953 ὅτι
565 1895 622 1952 οὗ
654 1890 915 1967 δυναίμεθα
944 1888 1035 1947 δύο
1057 1888 1291 1947 τάλαντα
1323 1889 1624 1959 ἀποδοῦναι,

49 2004 68 2043 υ
87 1986 191 2051 τοὺς
217 1986 268 2044 δὲ
294 1983 598 2049 νεωσοίκους
623 1978 714 2039 καὶ
746 1978 812 2037 τὰ
839 1976 992 2057 τείχη
1019 1974 1523 2055 περικαταρρέοντα,
1557 1976 1627 2033 εἰ·

89 2072 174 2139 δὼς
201 2073 254 2131 δὲ
275 2071 352 2131 ὅτι
379 2076 410 2142 ἧ
439 2068 599 2151 βουλὴ
631 2072 666 2139 ἡ
700 2064 1049 2146 βουλεύουσα,
1078 2062 1201 2122 ὅταν
1223 2062 1316 2142 μὲν
1349 2060 1448 2141 ἔχῃ
1471 2059 1626 2120 ἱκανὰ

87 2160 320 2241 χρήματα
341 2162 415 2225 εἷς
443 2156 712 2229 διοίκησιν,
731 2152 878 2213 οὐδὲν
905 2151 1283 2230 ἐξαμαρτάνει,
1321 2149 1446 2209 ὅταν
1476 2148 1529 2209 δὲ
1559 2151 1629 2215 εἷς

91 2248 292 2328 ἀπορίαν
326 2249 567 2322 καταστῇ
586 2288 607 2320 ,
635 2240 988 2321 ἀναγκάζεται
1024 2236 1353 2316 εἰσαγγελίας
1383 2234 1627 2315 δέχεσθαι

91 2335 170 2392 καὶ
189 2332 426 2411 δημεύειν
456 2330 522 2390 τὰ
561 2332 662 2389 τῶν
707 2329 931 2387 πολιτῶν
965 2326 1056 2385 καὶ
1097 2328 1199 2383 τῶν
1247 2322 1476 2405 ρητόρων
1525 2330 1630 2389 τοῖς

89 2422 400 2503 πονηρότατα
411 2420 622 2497 λέγουσι
639 2414 924 2476 πείθεσθαι.
985 2414 1080 2491 (23)
1109 2410 1228 2491 Χρὴ
1249 2410 1444 2483 τοίνυν,
1469 2399 1512 2468 ὦ
1536 2409 1626 2467 ἄν·

95 2512 192 2590 ὃρες
231 2507 494 2581 δικασταί,
525 2504 599 2584 μὴ
645 2505 747 2571 τοῖς
777 2497 1105 2581 βουλεύουσιν
1142 2497 1390 2557 ἑκάστοτε
1431 2495 1631 2575 ὀργίζε-

49 2614 78 2653 ιε
98 2604 229 2671 σθαι,
270 2596 409 2656 ἀλλὰ
459 2601 565 2661 τοῖς
591 2594 662 2659 εἰς
703 2588 948 2657 τοιαύτας
981 2585 1200 2669 ἀπορίας
1225 2590 1506 2645 καθιστᾶσι
1532 2583 1630 2656 τὴν

99 2686 244 2745 πόλιν.
329 2682 664 2763 Προσέχουσι
685 2678 772 2738 τὸν
805 2681 922 2737 νοῦν
957 2679 1004 2735 οἱ
1049 2672 1348 2754 βουλόμενοι
1376 2672 1442 2731 τὰ
1484 2666 1631 2731 κοινὰ

97 2772 330 2846 κλέπτειν,
365 2771 510 2837 ὅπως
550 2769 854 2844 Νικόμαχος
885 2764 1198 2840 ἀγωνιεῖται·
1239 2750 1314 2826 οἷς
1342 2762 1516 2836 ὑμεῖς,
1541 2759 1630 2818 ἐὰν

101 2859 162 2933 μὴ
183 2866 350 2919 τοῦτον
373 2854 783 2935 τιμωρήσησθε,
810 2848 1010 2919 πολλὴν
1044 2848 1221 2907 ἄδειαν
1248 2846 1514 2920 ποιήσετε·
1539 2846 1628 2906 ἐὰν

105 2948 148 3005 δὲ
169 2945 654 3030 καταψηφισάμενοι
678 2944 782 3001 τῶν
808 2936 1046 3018 ἐσχάτων
1075 2938 1218 3017 αὐτῷ
1248 2937 1538 3015 τιμήσητε,
1566 2939 1632 3015 τῇ

103 3038 212 3117 αὐτῇ
232 3036 388 3119 ψήφῳ
417 3031 540 3101 τούς
559 3054 616 3090 τε
641 3029 829 3095 ἄλλους
851 3024 1078 3106 βελτίους
1099 3023 1343 3097 ποιήσετε
1371 3023 1462 3085 καὶ
1489 3023 1635 3102 παρὰ

102 3124 254 3184 τούτου
281 3124 434 3195 δίκην
477 3117 745 3200 εἰληφότες
788 3115 984 3177 ἔσεσθε.
1069 3112 1156 3195 (2⁴)
1197 3110 1516 3173 Ἐπίστασθε
1543 3111 1634 3185 δέ,

103 3200 310 3292 ὧάνδρες
327 3208 598 3282 δικασταί,
617 3206 696 3265 ὅτι
715 3203 1052 3284 παράδειγμα
1067 3208 1172 3268 τοῖς
1193 3199 1368 3267 ἄλλοις
1392 3199 1540 3259 ἔσται
1559 3200 1632 3278 μὴ

49 3301 274 3375 πτολμᾶν
317 3302 390 3367 εἰς
431 3300 572 3375 ὑμᾶς
610 3288 988 3371 ἐξαμαρτάνειν
1027 3288 1128 3367 οὔχ
1153 3287 1276 3346 ὅταν
1304 3285 1422 3355 τοὺς
1450 3288 1638 3346 ἀδυνά·

105 3408 202 3454 τως
219 3389 374 3446 εἰπεῖν
405 3384 664 3455 κολάζητε
683 3426 700 3456 ,
727 3380 846 3439 ἀλλ’
875 3379 998 3437 ὅταν
1027 3374 1172 3455 παρὰ
1195 3379 1299 3434 τῶν
1337 3376 1636 3453 δυναμένων

105 3474 244 3549 λέγειν
275 3475 427 3545 δίκην
473 3470 805 3549 λαμὸάνητε.
887 3465 986 3533 Τίς
1027 3454 1113 3523 οὗν
1148 3467 1252 3524 τῶν
1293 3466 1346 3523 ἐν
1383 3468 1449 3544 τῇ
1488 3464 1638 3523 πόλει

111 3563 493 3641 ἐπιτηδειότερος
518 3556 830 3636 Νικομάχου
873 3555 1048 3614 δοῦναι
1085 3551 1268 3629 δίκην;
1313 3551 1390 3619 τίς
1435 3550 1636 3610 ἐλάττω

109 3648 184 3719 τὴν
205 3650 348 3708 πόλιν
379 3644 560 3727 ἀγαθὰ
586 3642 870 3715 πεποίηκεν
899 3638 933 3711 ἢ
961 3637 1126 3698 πλείω
1152 3637 1434 3712 ἠδίκηκεν,
1469 3640 1560 3718 (aa)
1587 3637 1641 3706 ὃς

111 3736 290 3797 καὶτῶν
315 3736 477 3796 ὁσίων
494 3732 584 3792 καὶ
617 3735 718 3791 τῶν
742 3732 894 3809 ἱερῶν
923 3725 1247 3808 ἀναγραφεὺς
1274 3726 1544 3807 γενόμενος
1570 3730 1641 3794 εἰς

112 3825 348 3907 ἀμφότερα
374 3828 549 3883 ταῦτα
569 3818 893 3900 ἡμάρτηκεν.
920 3815 1308 3892 Ἀναμνῆσθητε
1331 3814 1383 3873 δ’
1409 3811 1490 3871 ὅτι
1511 3816 1640 3874 πολ·

49 3926 90 3967 3
110 3912 206 3979 λαὸς
234 3914 332 3986 ἤδη
357 3916 468 3971 τῶν
494 3910 721 3969 πολιτῶν
755 3904 842 3965 ἐπὶ
879 3906 1050 3983 κλοπῇ
1077 3901 1368 3983 χρημάτων
1396 3902 1638 3961 ἀπεκτεί-

109 4022 225 4063 νατε.
303 4000 502 4062 Καίτοι
526 3998 714 4055 ἐκεῖνοι
746 3991 840 4071 μὲν
867 3996 1110 4051 τοσοῦτον
1143 3988 1296 4067 μόνον
1320 3992 1455 4066 ὑμᾶς
1484 3988 1642 4047 ἔὸλα-

109 4091 193 4169 ψαν
225 4088 338 4149 ὅσον
383 4091 446 4147 ἐν
472 4090 547 4165 τῷ
579 4081 832 4163 παρόντι,
866 4070 1004 4138 οὗτοι
1044 4079 1090 4136 δ’
1123 4078 1207 4136 ἐπὶ
1246 4081 1312 4157 τῇ
1335 4080 1439 4135 τῶν
1470 4076 1642 4154 νόμων

112 4178 358 4260 ἀναγραφῇ
384 4174 485 4236 καὶ
505 4176 606 4232 τῶν
622 4174 774 4253 ἱερῶν
797 4170 939 4248 δῶρα
961 4164 1321 4245 λαμὸάνοντες
1345 4166 1416 4233 εἷς
1435 4162 1643 4225 ἅπαντα

112 4265 180 4321 τὸν
201 4266 379 4346 χρόνον
411 4261 513 4334 τὴν
542 4260 691 4320 πόλιν
715 4260 975 4335 ζημιοῦσι.

175 4372 236 4415 23.
279 4353 381 4414 Διὰ
403 4350 459 4411 τί
484 4351 530 4408 δ’
560 4348 622 4407 ἄν
649 4372 724 4413 τις
754 4342 1142 4427 ἀποψηφίσαιτο
1182 4341 1397 4417 τούτους
1427 4342 1642 4423 πότερον

117 4444 169 4507 ὣς
192 4442 360 4523 ἀνδρὸς
405 4442 608 4521 ἀγαθοῦ
651 4432 778 4515 πρὸς
815 4432 932 4499 τοὺς
974 4427 1252 4507 πολεμίους
1295 4428 1386 4489 καὶ
1427 4431 1645 4495 πολλαῖς

121 4528 288 4607 μάχαις
326 4528 416 4589 καὶ
457 4523 778 4603 ναυμαχίαις
815 4517 1344 4601 παραγεγενημένους
1376 4515 1512 4575 ἀλλὰ
1555 4515 1640 4574 ὅτε

71 4632 104 4669 iss
122 4596 238 4687 {aul-jz
292 4612 642 4674 ἐκινδυνεύετε
686 4606 985 4673 ἐκπλέοντες
1005 4654 1020 4682 ,
1067 4596 1214 4671 οὗτος
1271 4605 1430 4661 αὐτοῦ
1476 4601 1644 4681 μένων

125 4701 215 4769 τοὺς
236 4704 468 4770 Σόλωνος
504 4699 693 4777 νόμους
718 4696 1041 4775 ἐλυμαίνετο.
1125 4693 1264 4752 Ἀλλ’
1294 4690 1372 4750 ὅτι
1395 4690 1645 4772 χρήματα

129 4789 412 4865 δεδαπάνηκε
455 4788 551 4849 καὶ
596 4783 792 4851 πολλὰς
841 4781 1081 4863 εἰσφορὰς
1122 4778 1481 4857 εἷσενήνοχεν;
1530 4780 1645 4837 ἀλλ’

131 4880 206 4956 ὀὐχ
233 4880 359 4948 ὅπως
395 4880 523 4957 ὑμῖν
568 4878 674 4934 τῶν
719 4876 872 4931 αὑτοῦ
926 4894 976 4929 τι
1023 4868 1281 4928 ἐπέδωκεν
1295 4912 1312 4939 ,
1360 4864 1498 4925 ἀλλὰ
1542 4868 1646 4924 τῶν

133 4967 352 5049 ὑμετέρων
379 4964 558 5028 πολλὰ
585 4962 862 5045 ὑφῄρηται.
952 4960 1041 5038 (ιτ)
1073 4953 1231 5017 Ἀλλὰ
1257 4952 1342 5013 διὰ
1373 4952 1490 5021 τοὺς
1514 4975 1645 5034 προ-

135 5054 300 5129 γόνους
335 5057 438 5130 ἤδη
473 5052 581 5134 γάρ
607 5072 742 5115 τινες
779 5047 870 5106 καὶ
897 5044 982 5105 διὰ
1019 5048 1174 5103 τοῦτο
1197 5039 1504 5120 συγγνώμης
1531 5036 1644 5097 ἔτυ-

136 5159 208 5215 χον
222 5146 330 5222 παρ’
354 5146 524 5221 ὑμῶν.
611 5133 770 5198 Ἀλλὰ
785 5133 950 5215 τούτῳ
975 5156 1035 5213 γε
1054 5128 1309 5213 προσήκει
1323 5126 1408 5186 διὰ
1429 5125 1525 5206 μὲν
1551 5128 1644 5185 αὖ·

138 5229 204 5285 τὸν
229 5230 478 5304 τεθνάναι,
501 5226 588 5286 διὰ
612 5222 669 5283 δὲ
690 5221 808 5289 τοὺς
829 5220 1106 5301 προγόνους
1129 5220 1445 5298 πεπρᾶσθαι.
1499 5212 1643 5273 Ἀλλ’

959 451 1208 511 LYSIAE
1251 452 1373 512 ΟΒ.
1420 452 1816 515 ADVERSUS
1859 450 2386 514 NlcOMAcHUM.

2356 610 2589 665 ‘resa-na.

1763 763 1838 805 21.
1873 758 2089 819 cogitate
2106 757 2265 819 igitur,
2285 755 2489 819 judices,
2510 754 2659 819 quod,
2679 754 2873 817 quando
2886 753 3031 816 juxta
3042 752 3255 816 praescri·

1701 855 1842 916 ptum
1862 855 2025 917 populi
2042 868 2180 905 sacra
2198 854 2417 915 tacimus,
2434 854 2593 903 omnia
2608 852 2845 903 sacrificia
2863 852 2983 903 fiant
3004 864 3034 901 a
3058 850 3257 912 majori-

1703 948 1792 1001 bus
1810 952 2011 1013 tradita3
2040 952 2127 1003 ubi
2141 954 2305 1003 autem
2324 966 2387 1002 ex
2404 951 2554 1015 cippis
2571 964 2695 1015 quos
2712 951 2803 1002 iste
2819 950 3096 1014 descripsit,
3112 950 3257 1013 pluri·

1703 1063 1798 1103 mae
1809 1064 1873 1101 ex
1887 1051 2195 1113 religionibus
2207 1051 2379 1103 vestris
2394 1052 2693 1103 aboleantur.
2715 1051 2861 1115 Atqui
2870 1050 3153 1101 obambulat
3170 1050 3261 1100 iste

1703 1152 1985 1215 sacrilegus,
2004 1152 2228 1214 jactitans
2258 1166 2311 1203 se
2340 1152 2568 1215 pietatem
2584 1186 2599 1213 ,
2642 1165 2740 1202 non
2776 1150 3137 1215 parcimoniam,
3170 1149 3257 1201 de-

1704 1248 1974 1311 scripsisse3
1993 1249 2043 1298 et
2072 1248 2113 1297 si
2136 1249 2241 1298 haec
2266 1246 2547 1311 displiceant
2562 1258 2675 1309 qum
2701 1247 2841 1309 tulit,
2868 1246 3063 1296 abolere
3090 1244 3259 1308 jubet,

1707 1350 1851 1413 atque
1883 1348 2057 1399 exinde
2076 1348 2296 1398 evincere
2326 1347 2586 1397 arbitratur
2613 1360 2663 1396 se
2691 1346 2809 1396 nihil
2844 1344 3088 1396 admisisse
3106 1344 3223 1394 mali
3245 1356 3259 1393 ι

1707 1451 1792 1514 qui
1808 1464 1907 1500 uno
1924 1449 2115 1500 biennio
2134 1447 2389 1499 duodecim
2402 1446 2597 1497 talentis
2616 1446 2841 1508 majorem
2856 1460 3003 1510 quam
3014 1445 3263 1509 oportebat

1710 1550 1967 1613 impensam
1992 1548 2132 1610 fecit,
2165 1547 2281 1597 etin
2310 1544 2519 1608 singulos
2534 1556 2685 1594 annos
2706 1556 2789 1592 sex
2806 1542 3000 1593 talentis
3024 1542 3265 1592 civitatem

1709 1645 1931 1695 fraudare
1946 1645 2147 1695 conatus
2154 1626 2244 1702 εέις
2264 1641 2365 1704 (22)
2388 1640 2535 1703 idque
2558 1652 2713 1703 quum
2724 1638 2922 1689 sentiret
2933 1651 3041 1689 eam
3054 1637 3267 1701 pecuniis

1709 1740 1923 1805 indigere
1936 1779 1951 1805 ,
1980 1743 2031 1791 et
2051 1736 2441 1791 Lacedaemonios
2461 1736 2603 1787 nobis
2634 1736 2849 1787 minitari
2871 1736 2922 1786 ni
2950 1736 3267 1786 constitutum

1711 1848 1780 1887 ωε
1805 1835 2119 1896 solverimus,
2157 1834 2349 1883 Boeotos
2382 1830 2571 1893 praedaa
2610 1824 2751 1893 agere
2772 1830 2903 1894 quod
2934 1830 3048 1879 bina
3088 1829 3270 1879 talenta

1712 1931 1910 1983 reddere
1938 1944 2037 1981 non
2064 1929 2326 1993 possimus,
2363 1927 2553 1977 navalia
2588 1928 2639 1977 et
2665 1938 2832 1975 muros
2866 1925 3132 1987 collapsum
3168 1924 3269 1991 ire;

1713 2042 1864 2093 quum
1887 2028 2085 2079 sentiret
2118 2026 2265 2078 etiam
2301 2027 2551 2085 senatum,
2575 2024 2661 2087 qui
2690 2037 2779 2088 pro
2796 2024 3015 2086 tempore
3045 2020 3268 2072 consede-

1714 2124 1795 2186 rit,
1809 2137 1964 2187 qunm
1982 2122 2097 2173 satis
2112 2122 2377 2172 instructus
2388 2120 2451 2171 sit
2468 2120 2669 2183 pecunia
2680 2118 2742 2168 ad
2756 2118 2957 2169 usitatas
2978 2117 3271 2179 largitiones,
3378 2181 3383 2185 ἱ

1715 2220 1832 2269 nihil
1857 2218 2159 2281 delinquere;
2188 2218 2241 2267 at
2266 2215 2351 2265 ubi
2366 2215 2417 2264 in
2442 2213 2685 2277 angustias
2706 2210 2929 2262 redactus
2948 2211 3124 2274 fuerit,
3152 2212 3272 2261 tunc

1717 2314 1820 2377 cogi
1846 2313 2111 2364 delationes
2130 2310 2410 2372 admittere,
2448 2310 2665 2359 fortunas
2698 2307 2879 2356 civium
2917 2305 3161 2369 publicare
3174 2341 3189 2366 ,
3222 2310 3274 2355 et

1717 2414 1965 2462 oratorum
1990 2409 2207 2474 pessimis
2235 2407 2527 2458 auscultare.
2594 2383 2693 2467 (2¹3)
2718 2404 2920 2467 oportet
2945 2403 3117 2467 igitur,
3138 2402 3245 2465 iudi
3258 2429 3275 2446 -

1718 2524 1823 2574 ces,
1845 2523 1945 2560 non
1978 2506 2279 2559 senatoribus
2308 2503 2689 2565 uniuscujusque
2719 2500 2832 2551 anni
2854 2512 3135 2551 succensere
3149 2535 3165 2562 ,
3190 2498 3275 2549 sed

1717 2608 1788 2659 eis
1803 2606 1886 2669 qni
1903 2606 1957 2656 in
1972 2606 2061 2655 has
2078 2602 2319 2667 angustias
2334 2600 2579 2651 civitatem
2598 2596 2796 2659 adigunt
2824 2596 3049 2659 :oportet
3066 2596 3279 2658 cogitare

1717 2701 1848 2766 qnod
1869 2702 1903 2751 ii
1928 2700 2011 2764 qui
2031 2699 2225 2764 publica
2246 2696 2395 2748 mrari
2416 2694 2727 2755 meditantur,
2749 2692 2953 2755 sollicite
2978 2690 3277 2759 animadver-

1718 2801 1823 2849 tant
1839 2798 1997 2862 qualis
2014 2798 2177 2847 futura
2204 2796 2267 2846 ait
2291 2794 2525 2844 hodierna
2545 2790 2833 2843 Nicomachi
2855 2790 3119 2840 contentio.
3156 2790 3278 2849 Qui-

1719 2897 1812 2947 bus
1829 2908 1919 2945 vos
1932 2932 1947 2957 ,
1978 2893 2068 2944 nisi
2089 2892 2152 2942 ab
2170 2892 2261 2941 isto
2278 2890 2473 2939 homine
2489 2900 2657 2951 poenas
2678 2886 2974 2949 sumpseritis
2986 2920 3001 2947 ‚
3019 2885 3280 2949 plurimam

1721 2991 1992 3047 concedetis
2020 2986 2248 3053 peccandi
2278 2985 2541 3036 licentiam.
2607 2982 2693 3033 Sin
2722 2982 2886 3031 autem
2906 2979 3279 3029 condemnatum

1723 3086 1904 3141 ultimis
1930 3084 2083 3148 poenis
2098 3078 2379 3141 affeceritis,
2399 3077 2567 3129 eadem
2592 3074 2830 3126 sententia
2860 3072 3173 3123 emendabitis
3198 3086 3281 3123 ce·

1721 3186 1876 3244 teron,
1895 3178 2019 3230 etde
2035 3176 2127 3227 isto
2145 3172 2345 3225 sumetis
2356 3170 2661 3234 supplicium.
2726 3167 2826 3232 (24)
2845 3170 2955 3218 Jam
2976 3167 3069 3216 hoc
3081 3166 3252 3217 scitote
3264 3204 3279 3229 ,

1719 3278 1931 3341 judices,
1950 3271 2082 3325 istud
2105 3270 2287 3333 insigne
2316 3266 2591 3329 exemplum
2618 3265 2719 3314 sore
2740 3276 2803 3313 ne
2829 3262 2938 3326 quis
2967 3262 3089 3312 alius
3123 3262 3175 3313 in
3195 3275 3284 3313 vos

1723 3384 1924 3438 peccare
1957 3367 2165 3428 audeat,
2205 3376 2305 3414 non
2331 3375 2482 3426 quum
2518 3358 2665 3409 rudes
2711 3356 2901 3409 dicendi
2926 3354 3163 3420 punietis,
3198 3356 3283 3407 sed

1728 3481 1878 3535 quum
1909 3480 1941 3516 a
1964 3464 2153 3515 disertis
2184 3473 2351 3526 peenas
2384 3456 2670 3522 exposcetis.
2751 3455 2874 3514 Quis
2908 3454 3052 3517 igitur
3086 3454 3139 3503 in
3164 3454 3284 3505 urbe

1729 3563 2025 3618 Nicomacho
2066 3558 2255 3622 dignior
2286 3557 2371 3620 qui
2410 3554 2669 3619 puniatur?
2695 3552 2804 3616 quis
2841 3551 3087 3601 civitatem
3126 3550 3287 3602 minus

1727 3657 1993 3717 demeruit,
2035 3654 2143 3717 quis
2183 3650 2395 3715 graviter
2432 3647 2583 3711 magis
2619 3645 2851 3697 offendit?
2878 3645 2979 3709 (25)
3016 3644 3100 3708 qui
3130 3646 3285 3695 scriba

1728 3753 2019 3806 constitutus
2038 3761 2201 3801 rerum
2218 3744 2433 3796 civilium
2449 3754 2811 3804 sacrarumque,
2835 3739 2886 3788 in
2908 3740 3125 3803 utrisque
3142 3739 3287 3791 iidem

1730 3848 1918 3902 felellit.
1982 3840 2341 3903 Recordemini,
2362 3852 2531 3903 quaeso
2548 3872 2564 3899 ,
2592 3848 2706 3897 vos,
2728 3834 2911 3884 multos
2935 3832 3037 3895 jam
3069 3834 3197 3899 cives
3222 3832 3285 3883 ob

1729 3949 1916 3999 furtum
1949 3944 2263 4009 pecuniarum
2288 3936 2592 4002 publicarum
2624 3930 2779 3995 capite
2820 3929 3090 3979 damnasse.
3153 3931 3285 3980 Atta·

1731 4059 1843 4097 men
1869 4044 1939 4094 illi
1959 4043 2011 4091 in
2030 4050 2239 4104 praesens
2260 4036 2448 4085 tantum
2474 4042 2563 4081 vos
2594 4027 2821 4079 laeserunt
2829 4040 2848 4088 ;
2884 4026 2935 4075 bi
2952 4026 3117 4075 autem
3146 4024 3199 4075 in
3227 4026 3287 4075 le-

1731 4144 1868 4208 gibus
1883 4140 1934 4191 et
1950 4137 2096 4189 sacris
2112 4130 2433 4185 describendis
2460 4124 2741 4177 muneribus
2758 4119 2973 4184 corrupti
2985 4156 3003 4184 ,
3020 4120 3073 4171 in
3086 4132 3283 4171 omnem

1733 4242 1929 4293 oetatem
1950 4232 2296 4298 rempublicam
2318 4226 2591 4279 vulnerant.

1795 4351 1872 4397 26.
1905 4346 2071 4405 Ecqua
2092 4336 2289 4389 tandem
2318 4332 2381 4382 de
2410 4341 2555 4381 causa
2581 4325 2755 4389 aliquis
2782 4323 3030 4375 absolvat?
3059 4322 3289 4373 utrumne

1733 4434 1866 4500 quod
1882 4432 2110 4483 adversus
2122 4427 2309 4476 hostem
2325 4436 2377 4473 se
2397 4422 2570 4471 fortem
2589 4416 2745 4467 virum
2760 4412 2983 4478 praestitit
2991 4449 3009 4476 ,
3030 4412 3292 4475 multisque

1733 4522 1919 4589 proeliis
1936 4522 2065 4570 terra
2082 4514 2298 4577 marique
2312 4508 2561 4561 interruit?
2581 4509 2641 4557 At
2654 4517 2809 4568 quum
2829 4515 2917 4553 vos
2928 4500 2988 4551 ad
3003 4514 3177 4564 magna
3188 4500 3288 4551 dis·

1733 4612 1934 4663 crimina
1952 4602 2273 4667 enavigabatis
2285 4636 2302 4663 ,
2319 4600 2409 4651 iste
2426 4596 2557 4647 domi
2574 4605 2774 4643 manens
2790 4590 2980 4643 solonis
3009 4590 3137 4652 leges
3156 4588 3291 4638 adul-

1734 4700 1937 4753 terabat.
2002 4700 2075 4746 An
2096 4692 2227 4756 quod
2255 4690 2473 4740 fortunas
2490 4685 2539 4734 in
2564 4682 2807 4747 publicam
2830 4678 3085 4729 utilitatem
3104 4676 3291 4739 impen-

1734 4792 1832 4853 dit,
1863 4790 1912 4839 et
1939 4785 2117 4835 tributa
2146 4780 2301 4831 multa
2322 4762 2581 4841 persolvit?
2613 4773 2674 4822 At
2697 4772 2789 4821 iste
2818 4767 2939 4819 adeo
2974 4780 3073 4817 non
3104 4779 3168 4816 ex
3192 4766 3293 4815 suis

1735 4874 1915 4940 aliquid
1940 4874 1991 4923 in
2016 4871 2231 4921 vestrum
2255 4863 2635 4916 emolumentum
2656 4854 2950 4919 impertivit,
2966 4853 3024 4901 ut
3040 4865 3104 4901 ex
3121 4850 3293 4900 vestris

1735 4959 2001 5025 plurimum
2019 4948 2318 5013 surripuerit.
2386 4943 2484 5007 (27)
2508 4944 2643 4989 Anne
2665 4935 2859 4999 propter
2882 4930 3027 4994 ipsius
3052 4928 3291 4989 majores?

1733 5041 1957 5095 nonnulli
1978 5039 2107 5090 enim
2137 5031 2425 5099 quandoque
2453 5026 2532 5075 vel
2572 5037 2631 5073 eo
2667 5019 2863 5070 nomine
2893 5014 3082 5065 veniam
3103 5025 3134 5060 a
3155 5010 3293 5060 robis

1736 5130 1975 5184 consecuti
2011 5128 2142 5179 sunt.
2228 5122 2290 5173 At
2315 5120 2461 5169 istum
2484 5113 2674 5177 oportet
2704 5108 2780 5159 sui
2812 5104 2961 5169 ipsius
2986 5100 3138 5164 gratia
3165 5100 3289 5147 occl-

1733 5214 1812 5277 di,
1831 5211 2072 5273 maiorum
2099 5217 2241 5257 causa
2262 5197 2561 5253 venumdari.
2629 5200 2701 5243 An
2717 5190 2824 5240 ideo
2846 5184 2996 5250 quod,
3019 5182 3058 5231 si
3081 5181 3123 5230 ei
3149 5179 3294 5231 hodie
