3825 5842
127 466 242 537 (ns-
269 460 386 541 ses)

831 632 960 693 Vll.

49 812 120 863 63
211 797 398 861 ΠΕΡΙ
436 798 594 862 ΤΟΥ
633 795 1204 863 ΑΠΟΛΛΟΔΩΡΟΥ
1245 799 1572 860 ΚΛΗΡΟΥ.

732 971 1063 1019 ΥΠΟΘΕΣῘΣ.

121 1118 316 1173 Εὔπολις
343 1114 428 1167 καὶ
447 1114 716 1179 θράσυλλος
733 1115 814 1165 καὶ
837 1115 1046 1173 Μνήσων
1066 1114 1251 1178 ἀδελφοὶ
1270 1113 1512 1178 γεγόνασι.
1549 1112 1673 1164 Τού-

177 1209 268 1241 των
283 1191 311 1238 ὃ
331 1189 414 1251 μὲν
435 1188 642 1247 Μνήσων
655 1188 796 1244 ἄπαις
813 1188 1125 1249 ἐτελεύτησεν,
1141 1190 1166 1237 ὁ
1185 1188 1234 1237 δὲ
1249 1187 1514 1253 Θράσυλλος
1531 1186 1678 1236 παῖδα

178 1260 452 1309 καταλιπὼν
483 1257 839 1321 Ἀπολλόδωρον·
881 1258 1018 1321 μόνος
1050 1258 1091 1307 δ’
1130 1258 1329 1313 Εὔπολις
1364 1258 1677 1321 καταλειφθεὶς

177 1330 330 1381 πολλὰ
365 1330 450 1379 τὸν
488 1328 829 1393 Ἀπολλόδωρον
877 1328 1116 1387 ἠδίκησεν.
1194 1329 1334 1377 Ὅθεν
1369 1328 1648 1391 Ἀρχέδαμος
1660 1360 1676 1387 ,

181 1402 372 1457 πάππος
387 1404 476 1449 τοῦ
498 1400 714 1461 λέγοντος
729 1400 809 1449 τὸν
835 1399 976 1461 λόγον
991 1435 1006 1459 ,
1037 1406 1096 1463 τῇ
1117 1403 1202 1447 τοῦ
1223 1399 1568 1463 Ἀπολλοδώρου
1592 1414 1678 1461 μη-

179 1473 246 1535 τρὶ
279 1474 517 1521 συνοικῶν
541 1469 660 1533 μετὰ
687 1469 768 1517 τὸν
792 1469 1068 1532 θρασύλλου
1086 1473 1170 1517 τοῦ
1188 1468 1347 1533 ἀνδρὸς
1376 1470 1516 1527 αὐτῆς
1541 1468 1678 1518 θάνα-

181 1558 258 1591 τον
273 1578 290 1601 ,
314 1542 398 1590 καὶ
436 1540 520 1589 τὸν
557 1538 900 1603 Ἀπολλόδωρον
923 1542 988 1597 ὡς
1020 1538 1216 1603 ὀρφανὸν
1240 1540 1408 1600 ἐλεῶν,
1426 1540 1578 1589 πολλὰ
1598 1540 1677 1589 τὸν

184 1612 389 1661 Εὔπολιν
411 1609 629 1671 ἂπῇτησε
647 1610 864 1673 χρήματα
883 1608 996 1673 ὑπὲρ
1018 1609 1083 1658 ὧν
1101 1608 1443 1674 Ἀπολλόδωρον
1462 1608 1674 1668 ἠδίκησε.

181 1682 374 1732 Τούτων
397 1680 688 1745 μεμνημένος
709 1678 1047 1742 Ἀπολλόδωρος
1079 1680 1327 1743 εἰσήγαγεν
1349 1682 1413 1735 εἰς
1430 1680 1539 1736 τοὺς
1563 1680 1676 1744 φρά-

179 1768 320 1815 τορας
345 1752 478 1801 Θετὸν
509 1752 612 1799 υἱὸν
635 1752 790 1813 ἑαυτῷ
815 1748 1086 1813 Θράσυλλον
1117 1754 1282 1799 τοῦτον
1296 1787 1310 1811 ,
1348 1752 1448 1799 υἱὸν
1467 1750 1579 1799 ὄντα
1599 1756 1679 1810 τῆς

183 1838 232 1871 τε
271 1820 568 1886 ὁμομητρίας
601 1821 750 1869 αὐτοῦ
785 1820 980 1883 ἀδελφῆς
1018 1821 1100 1869 καὶ
1136 1820 1435 1885 Ἀρχεδάμου.
1498 1822 1594 1870 Τοῦ
1629 1822 1680 1871 δὲ

183 1894 462 1957 Qus-imm
490 1892 580 1951 ἤδη
621 1891 706 1954 μὲν
730 1893 794 1947 εἰς
809 1891 920 1946 τοὺς
945 1891 1166 1953 γεννήτας
1189 1893 1270 1941 καὶ
1303 1892 1532 1957 φράτορας
1551 1892 1678 1955 ἐγγε·

182 1964 452 2027 γραμμένου
467 1999 484 2025 ,
515 1962 650 2010 οὔπω
670 1961 711 2010 δ’
729 1963 794 2018 εἰς
815 1962 870 2011 τὸ
892 1962 1187 2026 ληξιαρχικὸν
1208 1968 1523 2027 γραμματεῖον
1537 1999 1554 2024 ,
1586 1964 1678 2013 ete·

182 2036 407 2091 λεύι-ησεν
449 2032 810 2097 Ἀπολλόδωρος.
875 2032 972 2081 Καὶ
1015 2032 1133 2095 μετὰ
1163 2034 1248 2090 τήν
1285 2034 1429 2083 αὐτοῦ
1466 2036 1679 2093 τελευτὴν

185 2106 500 2168 ἐγγέγραπται
521 2103 604 2165 μὲν
637 2104 664 2151 ὁ
689 2101 950 2166 Θράσυλλος
975 2104 1038 2159 εἰς
1065 2102 1120 2151 τὸ
1151 2104 1444 2168 ληξιαρχικὸν
1468 2120 1678 2169 γραμμα-

187 2181 314 2224 τεῖον
330 2208 348 2235 ,
367 2174 504 2223 οῦδὲν
527 2174 570 2221 δ’
589 2172 730 2233 ἦττον
751 2172 1010 2229 Εὐπόλιδος
1029 2172 1252 2237 Θυγάτηρ,
1276 2178 1360 2224 τοῦ
1383 2174 1506 2224 Θείου
1525 2174 1682 2226 Ἄπολ-

183 2244 392 2305 λοδώρου
405 2276 422 2301 ,
447 2242 730 2305 ἀμφισδητεῖ
753 2242 866 2306 πρὸς
889 2242 1156 2306 Θράσυλλον
1169 2276 1186 2303 ,
1209 2243 1412 2305 λέγουσα
1434 2246 1540 2308 μηδ’
1565 2246 1682 2303 ὅλως

182 2312 494 2377 ἐγγεγράφθαι
510 2313 593 2361 τὸν
612 2312 884 2377 Θράσυλλον
905 2314 970 2369 εἷς
990 2313 1098 2369 τοὺς
1115 2312 1340 2377 φράτορας
1359 2315 1441 2364 καὶ
1463 2317 1682 2379 γεννήτας

187 2386 313 2435 κατὰ
345 2384 545 2447 γνώμην
567 2388 652 2432 τοῦ
678 2382 1017 2445 Ἀπολλοδώρου
1030 2420 1046 2446 ,
1078 2383 1194 2433 ἀλλὰ
1217 2386 1548 2449 πεπλασμένην
1565 2388 1682 2439 εἶναι

190 2458 273 2515 τήν
293 2454 509 2512 ποίησιν.
575 2454 668 2503 Καὶ
683 2456 715 2512 ἡ
737 2454 820 2514 μὲν
840 2453 1056 2510 ὑπόθεσις
1080 2455 1198 2513 αὕτη
1217 2491 1233 2517 ,
1259 2458 1290 2515 ἡ
1319 2457 1369 2505 δὲ
1391 2456 1554 2515 στάσις
1579 2476 1684 2509 στο·

182 2525 388 2592 χασμὸς·
408 2523 482 2572 διὸ
502 2526 660 2580 καλῶς
678 2524 802 2573 πάνυ
820 2524 901 2573 καὶ
919 2529 1142 2587 τεχνικῶς
1163 2526 1242 2575 τὸν
1268 2524 1406 2584 λόγον
1425 2528 1684 2591 οἰκονομῶν

185 2602 270 2655 τήν
311 2597 484 2659 ἔχθραν
515 2596 792 2659 διεξέρχεται
825 2596 910 2653 τὴν
927 2594 1269 2659 Ἀπολλοδώρου
1305 2598 1417 2660 πρὸς
1453 2600 1656 2648 Εὔπολιν
1669 2637 1683 2661 ,

185 2670 304 2731 ὅπερ
327 2667 458 2729 μέγα
488 2670 687 2729 σημεῖον
713 2664 920 2727 γίγνεται
942 2669 1026 2713 τοῦ
1049 2666 1114 2727 μὴ
1151 2667 1292 2716 θέλειν
1315 2669 1456 2718 αὐτὸν
1487 2670 1580 2720 ὑπὸ
1604 2676 1685 2730 τῆς

183 2739 445 2795 Εὐπόλιδος
462 2738 685 2801 θυγατρὸς
705 2737 1131 2799 κληρονομηθῆναι.

201 2876 394 2963 ’ῼμην
435 2874 531 2954 μέν
550 2922 570 2952 ,
599 2866 644 2935 ὦ
686 2874 893 2958 ἄνδρες,
921 2874 1203 2958 προσήκειν
1227 2878 1284 2936 οὗ
1329 2876 1421 2947 τὰς
1444 2878 1688 2950 τοιαύτας

131 2966 576 3047 ἆμρισὸητεῖσθαι
593 2963 827 3036 ποιήσεις
847 3010 864 3037 ,
891 2964 940 3024 εἴ
963 2990 1038 3032 τις
1059 2966 1208 3034 αὐτὸς
1236 2970 1335 3036 ζῶν
1362 2967 1452 3041 καὶ
1480 2958 1538 3027 εῧ
1567 2992 1686 3051 φρο-

131 3060 224 3114 νῶν
247 3054 540 3127 ἐποιήσατο
552 3052 644 3113 καὶ
660 3052 749 3112 ἐπὶ
770 3051 838 3111 τὰ
855 3053 970 3135 ἱερὰ
981 3052 1192 3134 ἀγαγὼν
1214 3058 1284 3123 εἰς
1301 3054 1416 3123 τοὺς
1431 3066 1689 3136 συγγενεῖς

131 3142 366 3211 ἀπέδειξε
424 3142 516 3201 καὶ
559 3144 632 3208 εἰς
676 3138 744 3199 τὰ
801 3139 950 3200 κοινὰ
990 3151 1328 3221 γραμματεῖα
1377 3143 1688 3227 ἐνέγραψεν,

83 3258 106 3294 s
131 3231 319 3291 ἅπανθ’
347 3231 452 3291 ὅσα
467 3232 734 3309 προσῆκεν
759 3229 913 3296 αὖτὸς
937 3228 1184 3303 ποιήσας,
1207 3233 1323 3290 ἀλλ’
1350 3230 1400 3289 εἴ
1413 3255 1488 3299 τις
1513 3237 1689 3295 τελευ-

127 3321 306 3392 τήσειν
331 3318 542 3395 μέλλων
565 3316 760 3375 διέθετο
777 3360 796 3394 ,
827 3316 876 3375 εἴ
899 3340 952 3375 τι
973 3318 1160 3391 πάθοι,
1188 3317 1283 3391 τὴν
1312 3318 1490 3378 οὐσίαν
1513 3321 1689 3404 ἑτέρῳ,

130 3408 216 3466 καὶ
245 3410 400 3466 ταῦτ’
424 3410 478 3465 ἐν
505 3403 788 3483 γράμμασι
809 3404 1052 3465 κατέθετο
1073 3405 1219 3485 παρά
1243 3429 1347 3465 τισι
1374 3410 1689 3486 σημηνάμε-

130 3520 226 3563 νος.
319 3493 382 3573 (2)
407 3492 642 3553 Ἐκεῖνον
669 3490 763 3568 μὲν
783 3490 886 3573 γὰρ
905 3491 992 3550 τὸν
1010 3492 1200 3571 τρόπον
1217 3494 1564 3571 ποιησάμενος
1591 3520 1692 3579 φα-

133 3582 280 3663 νερὰς
307 3581 604 3653 κατέστησε
630 3578 720 3647 τὰς
746 3583 902 3640 αὖτοῢ
930 3579 1200 3660 βουλήσεις
1218 3627 1235 3657 ,
1255 3580 1372 3641 ὅλον
1391 3582 1449 3641 τὸ
1471 3594 1690 3665 πρᾶγμα

133 3669 489 3751 ἐπικυρώσας,
520 3668 711 3728 δόντων
734 3670 877 3747 αύτῷ
900 3672 1001 3727 τῶν
1024 3668 1212 3745 νόμων·
1233 3674 1260 3728 ὁ
1284 3671 1332 3728 δ’
1351 3672 1403 3729 ἐν
1427 3674 1693 3745 διαθήκαις

135 3756 508 3836 σημηνάμενος
535 3756 758 3829 ἀδήλους
781 3755 992 3826 ἐποίησε
1009 3800 1026 3829 ,
1066 3756 1144 3815 διὸ
1170 3756 1352 3817 πολλοὶ
1393 3760 1694 3821 πεπλάσθαι

135 3847 422 3927 φάσκοντες
453 3843 617 3911 αὓτᾶις
635 3842 983 3925 ἀμφισὸητεῖν
1014 3842 1212 3913 ἀξιοῦσι
1241 3844 1369 3926 πρὸς
1395 3846 1512 3915 τοὺς
1533 3872 1692 3922 ποιη-

75 3954 116 3995 to
133 3936 331 4001 θέντας.
417 3930 602 3993 Ἔοικε
622 3932 666 3991 δ’
692 3931 836 3991 οὐδὲν
857 3930 1118 4013 προῦργου
1138 3938 1289 3993 τοῦτο
1312 3924 1462 3994 εἶναι·
1486 3936 1693 4019 καὶγὰρ

133 4022 298 4087 οὕτως
337 4022 511 4081 αὗτῶν
557 4022 789 4103 φανερῶς
839 4018 1222 4099 πεπραγμένων
1252 4020 1393 4101 ὅμως
1431 4024 1560 4105 ὑπὲρ
1604 4029 1695 4097 τῆς

137 4108 392 4191 θυγατρὸς
416 4112 510 4181 τῆς
535 4106 821 4174 Εὗπόλιδος
838 4106 1020 4179 ἥκουσι
1035 4107 1154 4189 περὶ
1181 4112 1284 4167 τῶν
1308 4107 1695 4193 Ἀπολλοδώρου

131 4196 430 4278 γρημάτων
458 4196 590 4276 πρὸς
615 4194 706 4273 ἐμὲ
727 4193 1228 4275 ἀμφισὸητήσοντες.
1315 4199 1378 4275 (3)
1412 4198 1558 4279 Ἐγὼ
1581 4202 1627 4259 δ’
1651 4204 1696 4260 εἷ

137 4266 228 4362 pii-e
263 4284 442 4365 ἑώρων
475 4288 609 4359 ὑμᾶς
636 4284 834 4357 μᾶλλον
859 4283 1270 4364 ἀποδεχομένους
1295 4285 1386 4353 τὰς
1411 4286 1696 4367 διαμαρτυ-

137 4372 250 4451 ρίας
293 4368 328 4442 ἢ
356 4370 452 4437 τὰς
496 4369 814 4445 εὖθυδικίας,
866 4369 964 4429 κᾶν
1016 4370 1282 4451 μάρτυρας
1323 4373 1696 4452 προῦὃαλόμην

71 4488 110 4525 15
140 4460 210 4539 μὴ
251 4458 486 4518 ἐπίδικον
510 4448 643 4516 εἶναι
669 4456 758 4516 τὸν
780 4461 974 4537 κλῆρον
1000 4460 1072 4526 ὡς
1106 4460 1462 4537 ποιησαμένου
1498 4484 1561 4539 με
1591 4464 1698 4523 υἱὸν

138 4546 536 4627 Ἀπολλοδώρου
559 4544 700 4605 κατὰ
717 4544 835 4613 τοὺς
851 4545 1054 4623 νόμους·
1083 4546 1260 4620 ἐπειδὴ
1287 4549 1332 4607 δ’
1356 4551 1414 4607 οὗ
1437 4550 1698 4631 διαφεύγει

136 4636 198 4693 τὰ
230 4634 418 4695 δίκαια
449 4634 524 4713 μὴ
551 4636 612 4693 οὐ
639 4632 730 4693 καὶ
761 4638 941 4693 τοῦτον
969 4632 1344 4712 γιγνώσκεσθαι
1367 4637 1456 4695 τὸν
1481 4637 1694 4717 τρόπον,

139 4724 226 4783 καὶ
257 4723 388 4803 παρ’
417 4724 544 4801 ὑμῖν
583 4724 753 4788 αὐτοῖς
779 4720 894 4793 ἥκω
916 4722 1271 4801 διαλεξόμενος
1311 4725 1430 4807 περὶ
1457 4730 1559 4785 τῶν
1599 4750 1698 4786 πε-

141 4811 458 4895 πραγμένων
476 4855 493 4884 ,
521 4800 608 4869 ἵνα
638 4808 900 4887 μηδεμίαν
944 4814 1073 4888 ἡμῖν
1119 4810 1288 4870 αἰτίαν
1336 4811 1458 4892 περὶ
1489 4818 1579 4872 τοῦ
1625 4812 1698 4891 μὴ

149 4900 421 4978 βούλεσθαι
449 4901 631 4959 δοῦναι
650 4899 794 4971 δίκην
821 4896 1064 4971 τοιαύτην
1091 4897 1419 4980 ἐπιφέρωσιν.
1474 4902 1533 4981 (4)
1556 4901 1701 4962 Ἄπο-

149 4987 286 5056 δείξω
332 4988 390 5047 δὲ
429 4990 502 5055 ὡς
545 4988 604 5045 οὗ
636 4985 790 5064 μόνον
829 4984 915 5045 ἐπὶ
961 4987 1068 5053 τοῖς
1096 4986 1362 5065 ἐγγυτάτω
1404 4986 1580 5066 γένους
1611 4987 1698 5048 τὸν

87 5090 132 5129 ’.ο
149 5077 330 5155 κλῆρον
359 5072 751 5153 Ἀπολλόδωρος
769 5075 826 5133 οὗ
854 5072 1198 5133 καταλέλοιπε
1213 5120 1230 5153 ,
1252 5073 1422 5133 πολλὰ
1447 5074 1537 5133 καὶ
1561 5073 1700 5135 δεινὰ

151 5164 242 5221 ὑπὸ
286 5162 484 5223 τούτων
536 5160 830 5235 ἀδικηθείς,
876 5160 1014 5220 ἀλλὰ
1059 5161 1150 5221 καὶ
1177 5165 1245 5230 ὣς
1295 5160 1388 5240 ἐμὲ
1421 5160 1703 5235 ἐποιήσατο

155 5250 350 5320 δικαίως
407 5250 538 5311 ὄντα
567 5250 871 5332 ἀδελφιδοῦν
911 5249 1003 5311 καὶ
1035 5252 1172 5331 μέγα
1203 5250 1592 5333 εὖεργετημένος
1619 5251 1702 5333 ὑφ’

910 454 1082 525 lssm
1123 462 1248 524 οιι.
1290 462 1392 524 nr.
1433 438 1925 548 AroLLonom'
1957 465 2473 529 sesamum.

3200 481 3311 533 283

2471 648 2604 711 vn.

1948 810 2051 871 DE
2092 808 2581 871 APOLLODORI
2622 812 3132 875 HEREDITATE.

2316 986 2767 1037 ARGUMENTUM.

1765 1122 1944 1180 Eupolis
1974 1125 2021 1169 et
2044 1122 2295 1179 Thrasyllus
2323 1129 2370 1171 et
2402 1129 2556 1173 Mneso
2586 1124 2746 1174 tratres
2779 1126 2919 1173 tuere.
2978 1130 3151 1175 Horum
3170 1135 3321 1179 unoeo

1815 1202 1910 1247 sine
1926 1202 2077 1248 liberis
2090 1204 2296 1260 moritur,
2308 1205 2560 1263 Thrasyllus
2576 1206 2715 1253 filium
2728 1208 2986 1264 relinquens
3002 1208 3322 1265 Apollodorum

1816 1291 1842 1325 e
1862 1282 1953 1325 vita
1972 1282 2181 1336 amit,
2201 1284 2379 1340 Eupolis
2395 1285 2513 1330 solus
2532 1288 2750 1342 superstes
2766 1286 2897 1331 valde
2926 1287 2975 1332 in
2997 1288 3321 1345 Apollodorum

1817 1359 2011 1414 injurius
2030 1359 2131 1407 ruit.
2183 1362 2312 1413 Unde
2334 1362 2659 1417 Archedamus,
2682 1364 2797 1407 hanc
2826 1364 3072 1409 orationem
3095 1365 3321 1410 recitantis

1817 1450 1941 1493 avus,
1960 1442 2093 1486 matri
2124 1442 2381 1499 Apollodori
2398 1442 2625 1487 connubio
2644 1443 2829 1497 junctus
2846 1446 2946 1501 post
2964 1446 3155 1490 mortem
3174 1445 3321 1490 mariti

1818 1516 1916 1571 ejus
1924 1516 2155 1575 Thrasylli,
2166 1520 2425 1577 Apollodori
2440 1524 2597 1578 utpote
2608 1522 2799 1579 orphani
2814 1524 3029 1576 miserim,
3040 1524 3220 1583 saepeab
3236 1527 3323 1571 Bu-

1818 1596 1969 1653 polide
1976 1597 2096 1643 bona
2112 1599 2239 1657 petiit
2248 1610 2441 1657 quorum
2451 1602 2703 1647 retentione
2711 1602 3033 1659 Apollodorum
3042 1604 3207 1650 damno
3223 1603 3319 1649 affi-

1819 1675 1977 1721 ciebat.
2030 1679 2205 1724 Horum
2220 1678 2561 1727 benetactorum
2579 1682 2879 1741 Apollodorus
2897 1695 3068 1729 memor
3084 1684 3197 1730 sistit
3218 1687 3323 1731 ante

1819 1755 2006 1801 tribules
2014 1756 2287 1813 Thrasyllum
2300 1758 2423 1805 hunc
2433 1758 2574 1806 fllium
2592 1763 2689 1817 ejus
2704 1761 2979 1821 adoptivum,
2990 1763 3192 1819 ejusdem
3208 1776 3319 1821 quo-

1819 1846 1906 1891 que
1921 1836 2075 1881 matris
2084 1838 2251 1883 sororis
2268 1838 2407 1885 tilium
2425 1844 2471 1886 et
2484 1841 2767 1888 Archedami.
2796 1843 3025 1900 nesci-ipio
3034 1847 3185 1889 autem
3204 1845 3321 1890 inter

1821 1915 2007 1970 gentiles
2020 1918 2067 1961 et
2078 1916 2263 1962 tribules
2274 1918 2513 1975 Thrasyllo,
2528 1921 2605 1967 sed
2616 1922 2819 1967 nondum
2828 1923 2875 1967 in
2884 1922 3153 1968 codicillisin
3164 1924 3325 1981 quibus

1821 1994 1884 2038 illi
1893 1994 1969 2051 qui
1979 1998 2103 2041 extra
2114 1996 2295 2042 tutelam
2304 2002 2411 2045 sunt
2422 2000 2696 2053 scribuntur,
2708 2006 2913 2048 mortuus
2928 2006 2997 2049 est
3011 2002 3323 2062 Apollodorus.

1820 2082 1875 2125 Bt
1883 2084 1981 2137 post
1991 2082 2289 2136 ejusmortem
2299 2084 2347 2131 in
2358 2086 2573 2132 codicillis
2582 2087 2763 2145 quidem
2774 2089 2965 2146 scriptus
2976 2092 3045 2135 est
3052 2090 3323 2144 Thrasyllus.

1821 2164 2111 2213 nihilominus
2140 2170 2287 2213 tamen
2330 2170 2419 2217 tilia
2444 2172 2691 2231 Eupolidis.
2722 2166 2981 2231 Apollodori
3016 2174 3187 2231 patrui,
3221 2186 3326 2221 cum

1821 2252 2049 2308 Thrasyllo
2066 2256 2325 2304 contendit.
2346 2256 2500 2303 dicens
2519 2259 2795 2315 Thrasyllum
2815 2260 3079 2319 Apollodori
3096 2262 3327 2308 voluntate

1822 2332 2009 2379 omnino
2026 2334 2145 2379 inter
2163 2334 2351 2383 tribules
2366 2339 2414 2382 et
2430 2338 2617 2393 gentiles
2632 2350 2729 2385 non
2746 2351 2839 2386 esse
2855 2342 3073 2401 scriptum
3084 2373 3099 2397 ,
3122 2340 3201 2387 sed
3220 2339 3325 2387 ficte

1823 2415 1991 2463 tactum
2009 2429 2116 2463 esse.
2146 2422 2471 2475 Argumentum
2489 2422 2671 2479 quidem
2688 2424 2775 2469 hoe
2790 2426 2872 2478 est,
2892 2436 3036 2471 causa
3055 2437 3164 2472 vero
3180 2428 3327 2473 status

1825 2502 2153 2556 conjecturalis.
2184 2506 2466 2563 Quapropter
2483 2506 2625 2564 perite
2636 2508 2823 2553 omnino
2840 2512 2888 2553 et
2904 2508 3139 2556 artificiose
3156 2510 3325 2556 oratio-

1824 2596 1930 2632 nem
1948 2586 2231 2641 distribuens,
2248 2590 2501 2637 inimicitias
2520 2592 2842 2649 Apollodorum
2860 2594 2980 2640 inter
2995 2600 3041 2642 et
3058 2598 3323 2654 Eupolidem

1826 2675 2071 2729 pertractat
2090 2688 2104 2717 ι
2117 2674 2240 2731 quod
2255 2675 2473 2722 indicium
2486 2678 2727 2725 maximum
2740 2684 2806 2727 est
2818 2680 2943 2726 illum
2957 2682 3075 2728 nolle
3090 2683 3226 2730 tiliam
3243 2686 3329 2734 Eu·

1827 2758 1988 2815 polidis
2002 2759 2211 2808 heredem
2228 2772 2354 2807 suam
2372 2773 2478 2808 esse.

1842 2896 1883 2940 t.
1909 2892 2253 2943 Existimabam
2277 2894 2527 2959 equidem,
2546 2896 2665 2960 viri,
2694 2910 2791 2949 uon
2813 2902 3034 2962 oportere
3052 2900 3103 2951 in
3132 2904 3325 2955 contro-

1775 2959 1981 3009 versiam
2003 2961 2164 3010 vocari
2184 2961 2463 3024 adoptiones
2500 2966 2567 3013 ita
2598 2966 2746 3016 factas
2779 2969 2839 3016 ut
2858 2966 3093 3031 adoptans
3118 2970 3219 3033 ipse
3250 2988 3326 3027 su-

1775 3025 1957 3087 perstes
1984 3024 2143 3075 adhuc
2181 3028 2230 3075 et
2258 3030 2388 3077 recte
2426 3030 2586 3077 mente
2632 3029 2723 3079 sibi
2758 3032 2981 3082 constans
3023 3046 3103 3084 eas
3140 3048 3327 3099 perege·

1777 3092 1864 3153 rit,
1897 3094 1955 3143 ut
1976 3093 2305 3157 adoptandum
2321 3094 2383 3145 ad
2405 3110 2539 3163 sacra
2557 3097 2800 3151 adducens
2816 3101 3027 3165 cognatis
3049 3114 3209 3152 coram
3240 3119 3327 3168 pro

1775 3169 1864 3207 suo
1879 3158 2161 3223 declararit,
2181 3162 2297 3211 etin
2314 3162 2609 3212 tabularium
2634 3163 2917 3225 phratorum
2935 3169 3081 3232 atque
3103 3170 3326 3221 demota-

1776 3237 1886 3273 rum
1903 3224 2257 3275 inscribendum
2281 3230 2477 3289 curarit,
2496 3231 2553 3278 ut
2566 3232 2725 3279 omnia
2744 3232 2965 3297 denique,
2986 3249 3097 3299 qum
3115 3240 3323 3301 oportet,

1776 3293 3170 3424 {istiessffl‘affffi‘sewsffisstfsfflizlffli
3182 3320 3327 3435 2322ss

1777 3429 1886 3489 post
1904 3427 2001 3477 tata
2019 3428 2268 3491 pervenire
2281 3426 2408 3477 bona
2424 3442 2509 3479 sua
2532 3430 2710 3494 velint,
2732 3432 2977 3498 literisque
2997 3438 3327 3502 consignatum

1777 3496 2012 3546 e'usmodi
2028 3498 2369 3546 testamentum
2386 3498 2786 3564 obsignatumque
2808 3503 2937 3565 apud
2962 3503 3080 3555 alios
3096 3508 3329 3569 quosdam

1811 3558 2099 3620 eposuerint.
2134 3560 2200 3622 (2)
2222 3558 2383 3608 Priore
2399 3560 2525 3609 enim
2545 3562 2689 3611 modo
2712 3564 2797 3626 qui
2822 3565 3019 3629 adoptat
3032 3603 3048 3628 ,
3070 3568 3110 3616 is
3132 3570 3329 3631 planum

1779 3624 1840 3673 ad
1863 3636 2031 3675 omnes
2048 3625 2161 3674 facit
2189 3638 2277 3675 sua
2293 3625 2355 3676 de
2383 3627 2656 3690 voluntate,
2689 3632 2847 3680 totum
2874 3634 3119 3695 negotium
3144 3637 3330 3688 actibus

1780 3692 2093 3755 confirmans,
2114 3705 2320 3755 quorum
2342 3692 2527 3755 copiam
2542 3693 2621 3755 ,ius
2636 3697 2777 3747 civile
2798 3700 2843 3748 ei
2862 3700 3064 3751 faciebat
3090 3720 3101 3750 =
3122 3702 3171 3750 in
3189 3706 3328 3753 testa-

1780 3763 1945 3810 mento
1969 3764 2130 3810 autem
2147 3761 2396 3823 obsignato
2420 3763 2505 3824 qui
2524 3763 2785 3815 voluntatis
2806 3780 2908 3817 suae
2932 3768 3325 3831 significationem

1781 3828 2027 3891 deposuit,
2059 3830 2100 3878 is
2122 3841 2229 3878 eam
2247 3828 2501 3879 obscuram
2520 3830 2658 3893 fecit;
2680 3846 2779 3895 quo
2802 3834 2858 3883 fit
2874 3836 2931 3883 ut
2960 3836 3103 3885 multi
3133 3836 3181 3885 id
3206 3851 3328 3903 sup-

1781 3897 1990 3961 positum
2026 3908 2127 3947 esse
2160 3896 2368 3959 aientes,
2404 3896 2641 3959 adoptatis
2666 3902 3039 3951 controversiam
3070 3905 3326 3960 moverint.

1781 3969 1845 4018 At
1862 3966 2052 4016 videtur
2069 3965 2225 4014 omnis
2242 3964 2442 4013 cavendi
2466 3964 2707 4028 diligentia
2728 3966 2911 4019 inutilis
2940 3982 3041 4019 esse
3073 3989 3085 4019 :
3108 3972 3329 4033 quamvis

1783 4036 1910 4085 enim
1928 4046 2096 4083 omnes
2122 4032 2399 4095 adoptionis
2422 4046 2545 4082 mem
2580 4036 2715 4083 actus
2730 4035 2798 4084 ita
2831 4038 2989 4085 essent
3008 4036 3059 4085 in
3076 4038 3329 4100 propatulo

1783 4104 1894 4166 acti,
1907 4101 2217 4154 nihilominus
2232 4104 2391 4150 tamen
2406 4104 2521 4152 sunt
2532 4104 2617 4166 qui
2632 4116 2772 4166 super
2783 4104 3055 4166 Apollodori
3068 4107 3330 4159 hereditate

1783 4185 1975 4222 mecum
2010 4170 2195 4232 litigare
2210 4182 2297 4232 pro
2336 4170 2579 4233 Eupolidis
2612 4171 2710 4221 filia
2744 4173 3051 4223 contendant.
3116 4177 3184 4238 (3)
3232 4180 3327 4239 Ego

1783 4255 1899 4292 vero
1920 4242 1960 4290 si
1979 4240 2173 4304 quidem
2202 4252 2289 4288 vos
2314 4238 2521 4289 viderem
2537 4240 2893 4304 obtestationes,
2926 4242 3055 4291 haud
3070 4244 3220 4293 licere
3238 4244 3330 4295 hac

1785 4311 1846 4361 de
1861 4322 2004 4359 causa
2012 4308 2104 4371 agi,
2123 4307 2318 4357 directa}
2334 4308 2426 4357 viae
2442 4308 2685 4371 praeserre,
2704 4322 2799 4373 qua
2814 4310 2922 4371 quis
2938 4312 3039 4360 sine
3054 4312 3331 4375 ambagibus

1781 4379 1862 4442 ius
1885 4378 1975 4429 sibi
1998 4376 2215 4426 debitum
2246 4376 2479 4438 postulet3
2538 4377 2816 4428 reducerem
2847 4392 2933 4439 ego
2968 4393 3161 4442 quoque
3186 4384 3331 4435 testes

1785 4441 2148 4491 confirmaturos
2165 4436 2473 4487 hereditatem
2534 4451 2627 4489 auc
2646 4439 2981 4490 controversiae
2996 4442 3122 4491 haud
3142 4449 3328 4506 exposi-

1787 4511 1884 4558 tam
1911 4520 2039 4567 esse,
2067 4502 2198 4567 quod
2225 4516 2311 4565 ego
2334 4503 2459 4555 tilius
2487 4506 2577 4553 sim
2607 4506 2879 4567 Apollodori
2902 4506 2963 4555 ab
2984 4520 3043 4556 eo
3066 4510 3329 4561 secundum

1787 4578 1912 4637 leges
1928 4572 2181 4635 adoptatus
2206 4584 2409 4621 :verum
2432 4572 2544 4634 quia
2562 4572 2665 4621 tieri
2692 4574 2859 4635 nequit
2884 4575 2939 4622 ut
2961 4572 3085 4623 hanc
3111 4575 3239 4625 viam
3257 4589 3330 4625 se-

1787 4640 1961 4693 ctando
1976 4654 2123 4703 quam
2138 4652 2267 4688 nunc
2286 4639 2520 4700 ingredior
2532 4640 2613 4702 ius
2628 4652 2823 4703 aequum
2842 4641 2891 4689 in
2910 4642 3101 4692 occulto
3118 4646 3327 4707 maneat,

1787 4721 2060 4777 progressus
2089 4720 2196 4757 sum
2218 4708 2363 4757 etiam
2391 4706 2453 4756 ad
2480 4708 2647 4757 vosita
2678 4708 2825 4758 verba
2856 4707 3070 4759 secturus
3099 4713 3155 4760 ut
3176 4715 3327 4761 totam

1789 4789 1888 4827 rem
1911 4779 2091 4839 gestam
2110 4790 2196 4827 vos
2212 4777 2437 4837 doceam,
2464 4790 2561 4839 quo
2592 4777 2849 4827 adversarii
2880 4790 2940 4825 ne
2962 4782 3218 4829 causentur
3246 4793 3330 4829 no·

1788 4846 1933 4897 luisse
1946 4860 2037 4897 nos
2066 4847 2153 4897 sibi
2172 4846 2265 4895 hoc
2290 4846 2489 4895 actionis
2513 4860 2686 4909 genere
2700 4846 2983 4904 satisfacere.
3050 4848 3117 4911 (4)
3138 4849 3329 4901 Docebo

1789 4918 1949 4965 autem
1981 4928 2078 4964 non
2123 4916 2217 4964 hoc
2258 4914 2586 4975 solummodo,
2630 4914 2969 4977 Apollodorum
3014 4912 3327 4967 hereditatem

1789 4985 1999 5047 cognatis
2026 4983 2257 5047 proximis
2284 4995 2383 5033 non
2412 4982 2687 5045 reliquisse,
2716 4981 2891 5044 quippe
2910 4994 2939 5030 a
2963 4980 3137 5043 quibus
3162 4985 3329 5036 multis

1789 5049 1995 5101 infandis
2018 5050 2172 5099 modis
2194 5050 2337 5099 laesus
2355 5049 2521 5099 fuisset
2536 5085 2550 5110 ,
2574 5048 2659 5099 sed
2674 5047 2802 5097 istud
2822 5057 3017 5110 quoque
3032 5046 3213 5096 docebo
3228 5084 3242 5107 ‚
3264 5050 3329 5101 ab

1791 5118 2077 5180 Apollodoro
2099 5130 2179 5166 me
2196 5130 2297 5167 esse
2316 5117 2469 5167 filium
2492 5116 2769 5180 adoptatum
2792 5116 2902 5177 jnre
2922 5114 3095 5163 merito
3108 5150 3123 5176 ‚
3148 5116 3329 5181 quippe

1790 5188 1872 5252 qui
1919 5200 2069 5250 nepos
2111 5187 2255 5249 ipsius
2288 5201 2315 5237 e
2344 5200 2505 5238 sorore
2534 5200 2713 5247 essem,
2750 5187 2801 5235 et
2834 5184 2961 5247 quod
3008 5183 3183 5233 familia
3222 5201 3329 5244 mea

1789 5254 2131 5323 Apollodorum
2170 5256 2335 5308 multis
2364 5254 2607 5308 beneficiis
2634 5255 2724 5307 sibi
2759 5254 3103 5305 obstrinxisset.
3170 5259 3327 5315 Quare
