3825 5842
1007 446 1401 511 lsocRATls
1442 445 1673 507 LIBER
1713 443 1821 505 AD
1862 443 2278 505 Nlcothffl.

120 607 209 641 πειν
230 583 357 660 αἱροῦ
374 574 460 636 καὶ
482 574 556 653 μὴ
572 570 869 642 πλεονάζειν
886 593 901 608 ·
924 573 979 629 αἱ
1002 568 1105 651 γὰρ
1128 566 1458 650 μετριότητες
1486 566 1625 645 μᾶλ·
1659 562 1701 629 d
1718 572 1901 623 critatis
1921 574 2050 623 enim
2069 573 2146 623 vis
2167 573 2318 636 magis
2339 573 2390 624 in
2413 588 2472 625 eo
2485 575 2616 639 quod
2631 588 2800 639 parum
2811 610 2826 637 ,
2843 588 2989 639 quam
3008 576 3055 625 in
3077 588 3137 627 eo
3158 574 3289 640 quod

119 673 186 729 λον
209 670 255 727 ἒν
274 670 375 731 ταῖς
401 662 611 728 ἐνδείαις
636 660 671 733 ἢ
690 665 803 727 ταῖς
830 657 1144 741 ὓπερόολαῒς
1166 658 1371 717 ἔνεισιν.
1424 658 1518 734 (34)
1539 654 1623 715 Ἀ-

1716 674 1920 725 nimium
1939 679 2014 726 est
2028 710 2046 738 ,
2070 676 2301 727 cernitur.
2377 676 2477 740 (34)
2501 676 2840 728 Urbanusesse
2863 678 3006 729 stude
3029 684 3079 729 et
3100 680 3290 743 gravis.

120 762 253 823 στεῗθς
270 746 387 813 εἶναί
406 754 567 833 πειρῶ
591 749 679 807 καὶ
708 747 916 826 σεμνός“
940 748 999 807 τὸ
1023 745 1117 824 μὲν
1143 745 1244 826 γὰρ
1268 750 1333 825 τῇ
1362 742 1625 849 τυραννῖΙδ*
1713 794 1923 844 quorum
1967 780 2063 831 hoc
2115 781 2432 845 principatum
2473 782 2640 845 decet,
2690 783 2808 834 illud
2847 786 3185 849 congressibus
3219 793 3296 839 est

121 847 297 925 πρέπει,
317 842 370 900 τὸ
388 838 440 899 δὲ
463 838 589 919 πρὸς
608 835 698 903 τὰς
717 834 989 902 συνουσίας
999 833 1278 914 ἁρμόττει.
1361 833 1622 892 Χαλεπω-

74 962 92 999 3
122 958 245 993 τατον
268 930 315 990 δὲ
335 936 475 989 τοῦτο
499 928 707 984 πάντων
733 924 845 983 ἐστὶ
867 928 969 982 τῶν
998 918 1445 1005 προσταγμάτων·
1472 916 1625 1001 εὑρή-

124 1048 204 1088 οεις
218 1021 305 1101 γὰρ
321 1023 385 1085 ὡς
400 1017 481 1077 ἐπὶ
501 1014 561 1074 τὸ
576 1013 709 1073 πολὺ
730 1010 849 1081 τοὺς
866 1010 959 1091 μὲν
978 1008 1385 1088 σεμνυνομένους
1398 1005 1630 1089 ψυχροὺς

122 1114 267 1183 ὄντας,
302 1105 409 1173 τοὺς
437 1104 491 1163 δὲ
531 1100 871 1184 βουλομένους
914 1099 1149 1166 ἀστείους
1180 1088 1313 1157 εἶναι
1351 1094 1623 1162 ταπεινοὺς

1712 884 1897 943 aptum.
1964 881 2060 931 Sed
2084 880 2178 931 hoc
2208 886 2280 932 est
2305 886 2652 947 praeceptorum
2675 886 2892 936 omnium
2930 886 3284 939 difficillimum.
3333 866 3340 876 ¹

1716 982 1839 1029 Nam
1866 994 1950 1030 eos
1971 980 2057 1043 qui
2086 981 2370 1043 gravitatem
2404 981 2659 1045 affectant,
2681 978 2965 1047 plerumque
2993 985 3189 1050 frigere;
3213 986 3296 1049 qui

1721 1095 1835 1132 vero
1872 1082 2041 1133 urbani
2067 1096 2178 1133 esse
2205 1082 2428 1146 student,
2454 1097 2539 1134 eos
2576 1083 2782 1135 humiles
2807 1090 2860 1136 et
2879 1086 3096 1149 abiectos
3134 1087 3284 1138 videri

124 1194 422 1275 φαινομένους.
505 1196 601 1251 Δεῖ
640 1189 697 1249 δὲ
749 1194 979 1271 χρῆσθαι
1025 1185 1119 1265 μὲν
1156 1185 1472 1268 ἀμφοτέραις
1509 1184 1625 1249 ταῖς
1715 1183 1997 1247 romperies.
2061 1183 2151 1233 Est
2180 1186 2344 1232 autem
2381 1183 2588 1247 utraque
2619 1184 2710 1235 hac
2736 1186 2921 1237 ratione
2949 1186 3213 1249 utendum,
3248 1192 3300 1238 et

125 1286 250 1349 iiim<
272 1282 500 1354 ταύταις,
528 1277 623 1351 τὴν
652 1276 707 1337 δὲ
736 1278 1007 1359 συμφορὰν
1029 1273 1125 1346 τὴν
1150 1272 1371 1353 ἑκατέρα
1398 1276 1627 1353 προσοῦ·
1659 1296 1695 1336 e
1719 1282 1975 1331 finitimum
1995 1283 2186 1346 utrique
2209 1284 2570 1334 incommodum
2605 1284 2946 1347 effugiendum.
3031 1286 3131 1352 (35)
3155 1289 3298 1348 Quic-

70 1402 104 1437 ω
125 1398 199 1431 σαν
228 1371 514 1453 διαφεύγειν.
619 1369 707 1445 (35)
743 1362 822 1427 Ὅ
854 1389 906 1423 τι
948 1363 1012 1422 ἂν
1050 1348 1345 1443 ἅκριὸῶσαι
1376 1360 1631 1441 βουληθῇς

125 1452 180 1519 ὧν
214 1460 496 1518 ἐπίστασθαι
544 1454 799 1535 προσήκει
825 1451 945 1520 τοὺς
975 1452 1238 1532 βασιλεῖς,
1262 1449 1507 1529 ἐμπειρία
1538 1446 1630 1523 μέ-

124 1555 203 1607 τιθι
232 1548 309 1606 καὶ
344 1544 646 1629 φιλοσοφίᾳ·
680 1542 741 1601 τὸ
772 1540 865 1619 μὲν
894 1539 995 1621 γὰρ
1032 1542 1326 1621 φιλοσοφεῖν
1354 1536 1447 1603 τὰς
1485 1532 1633 1600 ὁδούς

128 1660 189 1694 σοι
224 1636 385 1707 δείξει,
419 1634 477 1692 τὸ
516 1632 561 1691 δ’
602 1634 685 1690 ἐπ’
726 1632 898 1689 αὐτῶν
935 1632 1039 1687 τῶν
1071 1626 1235 1707 ἔργων
1278 1622 1632 1703 γυμνάζεσθαι

70 1729 111 1777 22
128 1722 331 1781 δύνασθαί
360 1744 414 1780 σε
439 1724 669 1800 χρῆσθαι
692 1726 799 1785 τοῖς
820 1715 1097 1797 πράγμασι
1118 1712 1345 1784 ποιήσει.

72 1828 106 1865 15
127 1811 177 1869 τὰ
199 1810 445 1889 γιγνόμενα
468 1810 563 1867 καὶ
586 1806 651 1865 τὰ
668 1804 1035 1883 συμπίπτοντα
1055 1803 1145 1862 καὶ
1168 1806 1272 1869 τοῖς
1294 1798 1523 1866 ἰδιώταις
1542 1798 1633 1857 καὶ

126 1908 207 1965 τοῖς
226 1899 489 1979 τυράννοις·
520 1896 587 1956 ἃν
614 1895 716 1975 γὰρ
740 1893 809 1952 τὰ
836 1889 1235 1973 παρεληλυθότα
1267 1888 1596 1968 μνημονεύῃς
1616 1932 1632 1958 ,

130 1988 299 2053 ἄμεινον
332 1986 447 2065 περὶ
476 1989 583 2043 τῶν
614 1982 907 2062 μελλόντων
945 1979 1226 2059 βουλεύσει.
1332 1980 1419 2053 (aa)
1454 1974 1634 2036 Δεινὸν

127 2081 229 2151 ἡγοῦ
258 2079 349 2132 τῶν
380 2073 471 2151 μὲν
510 2074 733 2129 ἰδιωτῶν
767 2091 908 2131 τινας
938 2066 1130 2126 ἐθέλειν
1155 2063 1521 2136 ἀποθνήσκειν,
1548 2060 1632 2120 ἵνα

128 2161 472 2232 τελευτήσαντες
493 2161 837 2228 ἐπαινεθῶσι,
856 2154 974 2222 τοὺς
994 2153 1048 2213 δὲ
1080 2155 1309 2235 βασιλεῖς
1330 2150 1403 2228 μὴ
1434 2152 1633 2225 τολμᾶν

70 2256 313 2330 sulpio-(lat
334 2254 433 2317 τοῖς
474 2244 856 2324 ἐπιτηδεύμασι
882 2243 1108 2316 τούτοις,
1138 2241 1191 2311 ἐξ
1221 2232 1508 2326 ὧνιζῶντες
1544 2239 1634 2296 εὐ-

128 2338 469 2416 δοκιμήσουσιν.
572 2335 773 2395 Βούλου
813 2333 906 2401 τὰς
939 2331 1141 2399 εἰκόνας
1170 2336 1262 2402 τ’ῆς
1291 2332 1478 2409 ἀρετῆς
1514 2324 1637 2384 ὑπό·

128 2452 274 2502 μνημα
300 2430 487 2505 μᾶλλον
506 2424 549 2497 ἢ
574 2429 664 2483 τοῦ
691 2420 933 2501 σώματος
960 2422 1293 2481 καταλιπεῖν.

131 2514 203 2589 μὲν
222 2520 365 2597 πειρῶ
394 2516 485 2587 τὴν
514 2512 809 2593 ἀσφάλειαν
829 2510 920 2569 καὶ
944 2512 1121 2589 σαυτῷ
1143 2508 1235 2568 καὶ
1252 2510 1319 2585 τῇ
1347 2503 1498 2563 πόλει
1522 2505 1635 2561 δια-

129 2604 359 2680 φυλάττειν
374 2625 387 2638 ·
410 2602 499 2661 ἐὰν
523 2602 571 2659 δ’
598 2604 929 2679 ἀναγκασθῇς
942 2596 1271 2668 κινδυνεύειν,
1292 2596 1442 2674 αἱροῦ
1468 2593 1641 2657 καλῶς

70 2710 109 2747 ιι
128 2692 325 2749 τεθνάναι
350 2693 549 2769 μᾶλλον
581 2687 617 2760 ἢ
659 2692 753 2759 ζῆν
790 2689 1036 2767 αἰσχρῶς.
1128 2686 1218 2763 (37)
1248 2682 1346 2743 Ἔν
1373 2691 1505 2740 πᾶσι
1536 2688 1641 2746 τοῖς

128 2778 261 2855 ἔργοις
285 2777 509 2856 μέμνησο
530 2782 633 2849 τῆς
656 2774 958 2854 βασιλείας,
995 2771 1086 2832 καὶ
1110 2772 1343 2853 φρόντιζε
1370 2768 1507 2835 ὅπως
1538 2790 1643 2845 μη-

132 2867 197 2923 δὲν
221 2867 403 2935 ἀνάξιον
429 2870 521 2937 τῆς
554 2868 708 2938 τιμῆς
743 2862 935 2934 ταύτης
972 2858 1202 2941 πράξεις.
1290 2856 1383 2929 Μὴ
1411 2855 1644 2937 περιίδῃς

129 2956 200 3023 τὴν
221 2961 391 3015 σαυτοῦ
410 2954 564 3037 φύσιν
588 2952 799 3010 ἅπασαν
815 2950 929 3028 ἅμα
953 2950 1279 3008 διαλυθεῖσαν
1293 2967 1306 2981 ·
1320 2948 1437 3005 ἀλλ’
1462 2941 1642 3013 ἐπειδὴ

129 3047 279 3113 θνητοῦ
314 3042 551 3121 σώματος
592 3040 801 3119 ἔτυχές,
843 3040 1011 3117 πειρῶ
1046 3042 1138 3107 τῆς
1173 3038 1345 3117 ψυχῆς
1387 3034 1642 3092 ἀθάνατον
1668 3043 1703 3083 C

72 3150 111 3187 a>
128 3132 201 3199 τὴν
240 3132 435 3210 μνήμην
473 3130 811 3190 καταλιπεῖν.
897 3126 988 3207 (33)
1040 3123 1259 3185 Μελέτα
1306 3122 1427 3203 περὶ
1470 3122 1645 3179 καλῶν

130 3221 510 3297 ἐπιτηδευμάτων
537 3216 733 3293 λέγειν,
759 3212 847 3273 ἵνα
874 3214 1172 3292 συνεθισθῇς
1194 3211 1349 3289 ὅμοια
1376 3214 1482 3276 τοῖς
1508 3211 1648 3287 εἷρη·

134 3306 270 3381 μένοις
289 3310 500 3390 φρονεῖν.
545 3304 694 3365 ‘'Aa”
721 3304 783 3362 ἄν
812 3325 894 3363 σοι
910 3302 1227 3381 λογιζομένῳ
1253 3299 1502 3381 φαίνηται
1529 3296 1651 3375 βέλ-

130 3418 251 3453 τιστα
267 3442 282 3468 ,
305 3402 465 3455 ταῦτα
500 3402 612 3461 τοῖς
638 3392 806 3472 ἔργοις
842 3388 1087 3450 ἐπιτέλει.
1127 3378 1230 3447 ἲὨν
1257 3386 1350 3454 τὰς
1379 3385 1527 3455 δόξας
1553 3390 1651 3457 ζη-

130 3478 236 3555 λοῖς,
258 3490 407 3562 μιμοῦ
424 3483 519 3549 τὰς
538 3480 773 3561 πράξεις.
791 3476 856 3537 Ἃ
887 3477 993 3545 τοῖς
1020 3480 1178 3534 αὑτοῦ
1212 3473 1394 3533 παισὶν
1423 3472 1486 3533 διν
1516 3495 1651 3550 συμ-

72 3578 109 3618 ³⁶²
131 3568 441 3644 Εοιιλεύσειας,
472 3570 677 3637 τούτοις
704 3567 854 3633 αὐτὸς
888 3567 1129 3643 ἐμμένειν
1170 3564 1331 3633 ἀξίου.
1369 3565 1499 3643 Χρῶ
1545 3566 1651 3629 τοῖς

130 3660 371 3737 εἰρημένοις
396 3661 431 3732 ἢ
459 3660 607 3730 ζήτει
637 3656 829 3734 βελτίω
855 3653 1071 3714 τούτων.
1128 3654 1218 3731 (aa)
1245 3651 1447 3733 Σοφοὺς
1474 3648 1650 3728 νόμιζε

131 3744 187 3818 μῆ
205 3746 307 3815 τοὺς
331 3748 556 3829 ἀκριὸῶς
584 3744 707 3824 περὶ
743 3746 943 3823 μικρῶν
974 3742 1230 3821 ἐρίζοντας
1246 3785 1261 3812 ,
1288 3738 1427 3797 ἀλλὰ
1455 3737 1570 3805 τοὺς
1595 3729 1653 3796 εὖ
1676 3725 1720 3791 d

130 3836 337 3911 περὶτῶν
371 3835 635 3915 μεγίστων
669 3830 920 3910 λέγοντας
938 3875 954 3903 ,
986 3830 1121 3907 μηδὲ
1151 3826 1268 3895 τοὺς
1294 3834 1399 3894 τοῖς
1428 3824 1522 3904 μὲν
1552 3825 1653 3885 ἄλ-

130 3919 215 3987 λοῐς
230 3924 548 4001 εὐδαιμονίαν
576 3918 1051 4000 ὓπισχνουμένους,
1078 3916 1261 3981 αὐτοὺς
1285 3916 1329 3973 δ’
1361 3917 1416 3973 ἐν
1437 3915 1655 3981 πολλαῖς

82 4018 119 4059 ιο
134 4009 333 4088 ἀπορίαις
360 4011 541 4087 ὄντας,
574 4007 711 4068 ἀλλὰ
739 4006 857 4073 τοὺς
882 4005 1067 4086 μέτρια
1098 4002 1193 4081 μὲν
1222 4003 1341 4084 περὶ
1375 4005 1542 4060 αὑτῶν
1568 4000 1656 4060 λέ-

133 4116 311 4171 γοντας,
344 4101 547 4175 ὁμιλεῖν
578 4096 634 4155 δὲ
658 4092 750 4154 καὶ
780 4103 883 4160 τοῖς
909 4092 1187 4174 πράγμασι
1211 4093 1299 4150 καὶ
1328 4091 1431 4158 τοῖς
1454 4087 1656 4171 ἀνθρώ-

132 4205 221 4250 ποις
240 4187 571 4263 δυναμένους,
601 4184 695 4243 καὶ
718 4182 795 4261 μὴ
820 4178 1325 4261 διαταραττομένους
1354 4181 1407 4237 ἐν
1430 4185 1545 4244 ταῖς
1565 4183 1653 4236 τοῦ

138 4270 227 4344 βίου
262 4274 607 4349 μεταὸολαῖς,
652 4270 790 4330 ἀλλὰ
832 4272 1005 4336 καλῶς
1048 4266 1141 4327 καὶ
1176 4266 1396 4349 μετρίως
1428 4264 1519 4324 καὶ
1564 4264 1655 4332 τὰς

132 4362 361 4442 συμφορὰς
385 4361 481 4422 καὶ
509 4360 605 4429 τὰς
623 4356 864 4439 εὐτυχίας
888 4356 1058 4440 φέρειν
1088 4353 1481 4431 ἐπισταμένως.

1720 1385 1836 1449 quid
1854 1398 2018 1436 earum
2035 1400 2212 1449 rerum,
2233 1400 2342 1451 quse
2357 1402 2520 1452 regum
2539 1389 2809 1451 cognitione
2831 1391 2987 1455 dignoe
3007 1398 3121 1444 sunt
3131 1432 3148 1458 ,
3163 1400 3297 1447 certo

1722 1502 1863 1539 nosse
1899 1490 2057 1552 voles,
2091 1490 2153 1540 ad
2189 1490 2238 1539 id
2271 1492 2611 1556 experientiam
2657 1498 2708 1543 et
2741 1494 3006 1547 doctrinam
3052 1498 3292 1551 adhibeto.

1722 1593 1843 1671 Nam
1863 1590 2154 1641 iit-doctrina
2175 1592 2302 1641 viam
2323 1592 2412 1641 tibi
2434 1592 2684 1655 ostendet,
2713 1594 2783 1643 sic
2805 1608 2962 1645 rerum
2981 1597 3296 1657 gerendarum

1429 1709 1632 1791 erepet
1657 1719 1693 1759 a
1725 1692 2061 1743 exercitatione
2081 1692 2132 1743 id
2153 1694 2485 1757 consequeris,
2511 1697 2665 1745 utres
2689 1698 2817 1745 recte
2837 1694 3161 1748 administres.
3203 1703 3297 1750 Co-

1720 1798 1817 1861 gita
1856 1810 1970 1861 quae
2006 1811 2085 1847 res
2122 1796 2238 1847 fiant
2275 1798 2588 1861 occidantque
2625 1800 2675 1849 et
2711 1799 2920 1862 privatis·
2943 1800 3221 1853 bominibus
3250 1809 3301 1854 et

1721 1900 2030 1963 principibus.
2091 1899 2288 1949 Rectius
2313 1898 2442 1949 enim
2457 1935 2472 1960 ,
2494 1899 2536 1948 si
2559 1899 2912 1962 praeteritorum
2936 1902 3266 1954 recordaberis
3281 1939 3298 1965 ,

1724 1998 1785 2047 de
1822 2000 2000 2049 futuris
2036 1999 2182 2049 etiam
2210 1999 2511 2049 deliberabis.
2579 1998 2680 2063 (36)
2721 2000 2918 2051 Minime
2949 2000 3120 2053 decere
3157 2007 3300 2068 puta,

1722 2112 1873 2163 quum
1907 2100 2078 2164 privati
2115 2099 2310 2163 quidem
2343 2100 2562 2151 homines
2589 2106 2792 2151 mortem
2823 2103 3148 2166 oppetendam
3184 2120 3301 2159 ceu-

1723 2204 1877 2262 seaut,
1900 2206 1956 2249 ut
1983 2206 2093 2263 post
2110 2200 2297 2250 obitum
2321 2199 2596 2265 laudentur,
2622 2215 2756 2264 reges
2775 2216 2856 2252 eas
2883 2206 3092 2255 actiones
3113 2205 3298 2270 fugere,

1723 2314 1831 2363 quae
1851 2300 2124 2350 viventibus
2137 2300 2334 2364 gloriam
2353 2301 2555 2366 pariant.
2610 2302 2844 2364 Imagines
2861 2318 2972 2367 quae
2987 2306 3185 2357 virtutis
3201 2312 3298 2359 tuae

1380 2416 1633 2477 Μάλιστα
1657 2405 1702 2468 b
1728 2398 1913 2460 potius,
1933 2410 2079 2459 quam
2100 2397 2316 2459 corporis
2331 2403 2638 2446 monumenta
2653 2398 2778 2459 sint,
2795 2400 2868 2449 fac
2887 2401 3146 2465 relinquas.
3172 2409 3299 2469 Ope·

1726 2512 1826 2547 ram
1855 2498 2144 2560 cumprimis
2166 2496 2332 2557 dabis,
2357 2499 2412 2545 ut
2429 2498 2478 2547 et
2519 2501 2568 2546 te
2591 2500 2641 2547 et
2662 2498 2827 2548 urbem
2851 2500 2900 2549 in
2927 2504 3030 2550 tuto
3053 2503 3255 2555 colloces
3287 2522 3298 2555 :

1726 2596 1809 2646 sed
1826 2596 1867 2645 si
1890 2596 2160 2659 periculum
2185 2594 2456 2644 adeundum
2482 2594 2624 2644 fuerit
2643 2598 2938 2659 necessario,
2955 2598 3156 2651 honeste
3183 2600 3302 2650 mori

1732 2706 1877 2757 quam
1902 2693 2105 2756 turpiter
2129 2693 2290 2743 vivere
2311 2692 2553 2755 praeferas.
2586 2693 2688 2756 (37)
2715 2697 2770 2743 ln
2790 2696 3014 2746 omnibus
3046 2698 3142 2749 tuis
3169 2700 3306 2751 factis

1730 2794 1861 2854 regni
1884 2800 2150 2855 memento,
2181 2794 2481 2857 solliciteque
2501 2807 2620 2845 cave
2641 2808 2700 2845 ne
2723 2796 2842 2859 quid
2865 2797 3044 2849 honore
3069 2799 3162 2849 isto
3191 2799 3308 2849 indi·

1731 2907 1877 2955 gnum
1894 2894 2056 2944 facias.
2077 2897 2147 2944 Ne
2164 2894 2434 2944 committas
2463 2899 2517 2944 ut
2537 2897 2709 2945 natura
2729 2902 2810 2945 tua
2834 2897 2976 2946 simul
2997 2898 3220 2947 universa
3237 2899 3304 2947 in·

1737 3002 1885 3047 tereat
1902 3011 1914 3045 :
1934 2996 2018 3047 sed
2039 3009 2189 3060 quum
2204 2997 2290 3046 tibi
2309 3010 2484 3059 corpus
2509 2996 2707 3047 mortale
2721 2998 2995 3060 contigerit,
3013 2997 3086 3048 fac
3109 3000 3304 3049 immor·

1738 3102 1878 3151 talem
1894 3100 2040 3150 animi
2056 3101 2124 3149 tui
2149 3101 2426 3150 memoriam
2451 3101 2706 3165 relinquas.
2737 3102 2833 3164 (38)
2854 3102 3089 3151 Meditare
3107 3102 3168 3153 de
3191 3116 3304 3165 prae·

1736 3198 1875 3249 claris
1894 3196 2065 3247 studiis
2085 3196 2244 3260 loqui,
2265 3201 2320 3246 ut
2357 3198 2414 3247 iis
2445 3201 2790 3258 consentanea,
2827 3210 2938 3260 quoe
2961 3196 3122 3248 dicere
3153 3197 3304 3259 soles,

1739 3294 1885 3344 etiam
1912 3295 2092 3344 sentire
2120 3306 2383 3344 assuescas.
2456 3296 2578 3351 Quae
2607 3294 2692 3345 tibi
2715 3293 2942 3356 cogitanti
2975 3294 3156 3357 optima
3174 3294 3306 3345 vide·

1744 3390 1943 3450 buntur,
1965 3404 2022 3442 ea
2045 3405 2096 3442 re
2123 3376 2229 3455 ipsa
2264 3392 2497 3455 perficito.
2562 3394 2780 3448 Quorum
2807 3390 3004 3453 gloriam
3027 3391 3276 3442 admiraris
3292 3430 3308 3455 ,

1740 3502 1906 3539 eorum
1927 3503 2004 3539 res
2024 3491 2183 3552 gestas
2205 3488 2412 3539 imitare.
2478 3492 2598 3547 Quae
2619 3488 2713 3537 tuis
2733 3488 2900 3537 liberis
2918 3490 3204 3552 praeciperes
3217 3525 3231 3549 ,
3253 3504 3308 3541 ea

1737 3588 1839 3650 ipse
1872 3587 2023 3637 facere
2046 3600 2106 3637 ne
2127 3587 2355 3649 graveris.
2419 3590 2521 3637 Aut
2545 3591 2680 3636 utere
2717 3586 2972 3649 praeceptis
3003 3589 3207 3650 nostris,
3227 3594 3312 3638 aut

1740 3684 1841 3747 ipsc
1864 3684 1940 3733 his
1959 3684 2120 3735 inveni
2148 3683 2362 3733 meliora.
2429 3683 2530 3746 (39)
2565 3682 2810 3746 Sapientes
2833 3683 3081 3745 existima,
3109 3699 3202 3735 non
3225 3699 3312 3735 eos

1741 3778 1824 3841 qui
1844 3778 2060 3828 derebus
2079 3778 2279 3828 minutis
2304 3778 2491 3827 curiose
2512 3778 2753 3839 rixantur,
2781 3778 2866 3829 sed
2893 3780 2975 3843 qni
2996 3780 3057 3829 de
3092 3782 3311 3831 maximis

1742 3875 1889 3924 rebus
1914 3874 2101 3936 egregie
2133 3874 2329 3935 dicunt,
2349 3888 2436 3923 nec
2453 3887 2536 3923 eos
2555 3875 2639 3937 qui
2666 3875 2772 3924 aliis
2793 3875 3063 3925 felicitatem
3089 3878 3308 3939 pollicen-

1742 3977 1839 4033 tur,
1860 3985 1972 4020 cum
1993 3972 2085 4034 ipsi
2101 3970 2358 4020 multarum
2377 3984 2534 4019 rerum
2551 3970 2708 4034 inopia
2731 3971 2967 4034 laborent,
2993 3973 3076 4021 sed
3100 3986 3182 4022 eos
3207 3975 3306 4036 qui,

1744 4082 1893 4133 quum
1926 4068 1986 4119 de
2018 4082 2070 4118 se
2103 4067 2286 4117 modice
2304 4067 2495 4127 dicant,
2520 4072 2679 4116 tamen
2697 4070 2748 4116 et
2769 4069 2958 4129 negotia
2995 4068 3144 4129 perite
3178 4070 3311 4118 obire

1746 4171 1794 4215 et
1814 4166 1859 4214 in
1867 4170 1943 4215 ter
1964 4164 2179 4214 homines
2197 4162 2374 4213 versari
2389 4162 2640 4213 commode
2655 4169 2874 4226 possunt,
2891 4178 2982 4213 nec
2998 4166 3110 4214 vitm
3130 4166 3309 4216 vicissi-

1747 4262 1994 4311 tudinibus
2031 4260 2391 4323 perturbantur,
2437 4258 2522 4307 sed
2565 4259 2766 4322 pulchre
2807 4260 3145 4325 moderateque
3183 4265 3305 4314 serre

1670 4382 1673 4387 ·
1742 4361 1843 4408 tam
1873 4354 2109 4406 secundas
2132 4368 2206 4405 res
2229 4367 2374 4417 quarn
2395 4352 2621 4404 adversas
2642 4352 2928 4404 didicerunt.

80 4452 115 4490 ⁸⁵
190 4468 252 4509 ιο.
294 4450 397 4509 Καὶ
416 4449 492 4527 μὴ
516 4448 795 4527 θαυμάσῃς
810 4448 856 4504 εἶ
872 4444 1046 4505 πολλὰ
1069 4447 1174 4503 τῶν
1198 4440 1490 4522 λεγομένων
1520 4439 1658 4499 ἐστὶν
1684 4457 1720 4497 Θ
1806 4458 1885 4505 4ο.
1919 4456 2087 4516 Neque
2118 4464 2231 4501 vero
2262 4452 2448 4501 mireris
2493 4465 2582 4501 nos
2613 4451 2764 4499 multa
2795 4450 2955 4501 dicere
2987 4465 3098 4515 quae
3129 4457 3178 4503 et
3212 4454 3313 4519 ipse

132 4530 159 4587 ἃ
185 4536 261 4594 καὶ
294 4536 353 4596 σὺ
382 4535 706 4617 γιγνώσκεις·
738 4530 854 4593 οὐδὲ
884 4532 985 4614 γὰρ
1025 4531 1121 4610 ἐμὲ
1158 4536 1310 4590 τοῦτο
1348 4528 1659 4611 παρέλαθεν,

134 4624 223 4679 ἀλλ’
242 4626 546 4705 ἠπιστάμην
566 4624 647 4683 ὅτι
673 4620 933 4683 τοσούτων
956 4622 1117 4681 ὄντων
1140 4619 1201 4679 τὸ
1223 4623 1417 4691 πλῆθος
1439 4618 1531 4677 καὶ
1555 4621 1657 4676 τῶν

76 4722 122 4773 23
137 4707 275 4771 ἄλλων
308 4714 396 4774 καὶ
422 4718 529 4774 τῶν
560 4712 825 4793 ἀρχόντων
862 4714 909 4770 οἱ
939 4709 1032 4789 μέν
1064 4734 1115 4768 τι
1142 4707 1338 4767 τούτων
1366 4706 1659 4788 εἰρήκασιν,
1688 4733 1723 4774 a

138 4798 173 4851 Οἳ
195 4800 230 4855 δ’
257 4802 561 4875 ἀκηκόασιν,
596 4805 644 4860 οἱ
664 4802 709 4858 δ’
734 4798 937 4878 ἑτέρους
962 4802 1237 4863 ποιοῦντας
1265 4795 1579 4873 ἑωράκασιν,
1610 4796 1657 4852 οἱ

86 4902 121 4941 9]
140 4878 172 4943 δ’
198 4890 323 4950 αὐτοὶ
358 4890 707 4971 τυ-αάνουσιν
736 4885 1139 4957 ἐπιτηδεύοντες.
1223 4884 1309 4959 (ιι)
1356 4880 1516 4941 Ἀλλὰ
1558 4879 1659 4961 γὰρ

144 4979 213 5033 ria
242 4982 287 5036 ἐν
319 4984 421 5047 τοῖς
452 4979 628 5057 λόγοις
663 4974 771 5057 χρὴ
808 4974 913 5041 τοῖς
938 4973 1059 5054 περὶ
1098 4974 1201 5030 τῶν
1232 4967 1659 5045 ἐπιτηδευμάτων

146 5064 279 5133 ζητεῖν
302 5066 389 5133 τὰς
414 5064 729 5135 καινότητας
744 5106 760 5134 ,
782 5064 835 5119 ἐν
860 5052 934 5127 οἷς
956 5060 1073 5119 οὔτε
1097 5055 1387 5136 παράδοξον
1413 5055 1518 5115 οὔτ’
1544 5056 1662 5115 ἄπι·

148 5172 239 5208 στον
270 5154 367 5212 οὔτ’
396 5154 495 5223 ἔξω
534 5157 641 5211 τῶν
677 5149 1025 5227 νομιζομένων
1066 5143 1211 5205 οὐδὲν
1244 5144 1437 5213 ἔξεστιν
1480 5145 1662 5221 εἰπεῖν,

151 5238 237 5297 ἁλλ’
255 5243 481 5323 ἡγεῖσθαι
504 5246 686 5301 τοῦτον
712 5236 1079 5321 χαριέστατον,
1109 5234 1162 5303 ὃς
1186 5232 1251 5294 ἂν
1284 5237 1389 5292 τῶν
1416 5234 1663 5318 διεσπαρ·

1747 4551 1998 4612 intelligas.
2062 4552 2229 4612 Neque
2252 4548 2379 4599 euim
2406 4550 2496 4599 hoc
2523 4560 2600 4597 me
2624 4546 2882 4611 praeteriit,
2907 4547 2991 4597 sed
3016 4550 3135 4599 satis
3159 4552 3278 4599 sciri
3297 4590 3311 4612 ,

1751 4660 1901 4711 quum
1925 4648 2052 4695 tanta
2065 4642 2319 4693 multitudo
2339 4643 2402 4691 sit
2415 4646 2462 4691 et
2482 4640 2947 4691 hominumaliorum
2966 4646 3015 4690 et
3030 4642 3312 4705 principum,

1749 4745 1868 4794 alios
1882 4743 2054 4791 horum
2072 4738 2248 4802 aliquid
2263 4738 2459 4799 dixisse,
2475 4738 2594 4787 alios
2607 4736 2868 4795 audivisse,
2889 4735 3008 4785 alios
3028 4751 3054 4784 a
3074 4738 3315 4788 nonnullis

1747 4839 1869 4888 facta
1888 4838 2084 4898 vidisse,
2101 4836 2218 4886 alios
2237 4836 2382 4885 etiam
2401 4836 2532 4898 ipsos
2555 4834 2785 4884 factitare.
2851 4834 2952 4895 (41)
2971 4836 3148 4881 Verum
3171 4834 3218 4882 in
3243 4835 3315 4883 his

1749 4938 2043 4988 orationibus
2059 4973 2074 4998 ,
2093 4949 2203 5000 quoe
2224 4935 2284 4984 ad
2307 4937 2542 4997 praecepta
2560 4934 2620 4984 de
2645 4932 2812 4981 officiis
2837 4930 3098 4993 pertinent,
3120 4944 3216 4979 non
3239 4946 3314 4981 re·

1751 5036 1982 5100 quirenda
2009 5037 2085 5084 est
2121 5033 2338 5089 novitas,
2367 5030 2417 5079 in
2454 5028 2632 5092 quibus
2668 5040 2758 5076 nec
2791 5026 3094 5080 admirabile,
3125 5038 3212 5073 nec
3247 5026 3313 5073 in-

1750 5132 1992 5191 credibile,
2029 5144 2118 5180 nec
2153 5128 2436 5178 inusitatum
2461 5123 2772 5186 comperitur,
2805 5119 2888 5169 sed
2927 5119 2972 5167 is
3003 5118 3312 5169 doctissimus

1750 5233 2002 5288 habendus
2022 5231 2136 5295 erit,
2162 5228 2247 5296 qui
2265 5240 2430 5279 eorum
2456 5239 2566 5293 quae
2587 5225 2637 5274 iu
2659 5222 2830 5275 animis
2861 5220 3063 5270 aliorum
3099 5222 3314 5288 dispersa
