3825 5842
560 470 668 525 156

1605 450 1886 512 ΛΥΣΙΟΥ
1926 454 1977 509 Ο
2019 448 2222 509 ΚΑΤΑ
2264 446 2684 509 ΑΓΟΡΑΤΟΥ.

3712 2 3727 179 1

3723 196 3730 385 Q

3462 446 3687 539 (οι-«η
3730 411 3732 493 ff

550 597 652 654 τῶν
678 593 937 672 ἡδίστωνς
959 588 1085 653 Ἔτι
1108 587 1162 649 δὲ
1201 586 1268 647 τὰ
1294 584 1446 665 τείχη
1473 588 1546 651 ὣς
1565 581 1870 661 κατεσκάφη
1885 625 1901 655 ,
1937 579 2029 640 καὶ
2057 580 2111 637 αῖ
2200 588 2487 641 dulcissimis
2512 588 2737 639 orbatos?
2770 585 3105 637 Recordamini
3134 585 3279 636 etiam
3304 600 3398 649 quo
3424 592 3551 652 poeto
3570 595 3697 651 dil-ug,

495 704 522 744 s
548 687 666 755 νῆες
687 684 792 749 τοῖς
815 678 1082 757 πολεμίοις
1101 674 1485 757 παρεδόθησαν,
1510 671 1603 731 καὶ
1630 669 1698 730 τὰ
1722 668 1911 751 νεώρια
1940 672 2109 748 καθῃ-

554 772 704 854 ρέθη,
723 768 814 830 καὶ
845 766 1250 845 Λακεδαιμόνιοι
1267 760 1361 835 τὴν
1375 760 1654 840 ἀκρόπολιν
1671 757 1816 837 ὐμῶν
1835 746 1999 837 εἶχον,
2021 753 2112 814 καὶ

549 864 585 933 ἡ
622 859 837 938 δύναμις
887 856 1073 917 ἅπασα
1099 859 1191 927 τῆς
1217 851 1416 918 πόλεως
1440 846 1738 929 παρελύθη,
1779 844 1915 906 ὥστε
1948 841 2112 923 μηδὲν

551 947 809 1030 διαφέρειν
831 952 924 1019 τῆς
942 942 1220 1024 ἐλαχίστης
1239 940 1443 1006 πόλεως
1461 936 1557 1010 τὴν
1585 935 1754 996 πόλιν.
1781 932 1874 1015 (47)
1897 932 2038 1013 Πρὸς
2056 930 2112 991 δὲ

551 1034 747 1103 τούτοις
769 1034 860 1100 τὰς
883 1031 1014 1100 ἰδίας
1042 1029 1218 1096 οὗσίας
1245 1024 1586 1098 ἀπωλέσατε,
1617 1022 1708 1084 καὶ
1733 1020 1794 1083 τὸ
1815 1020 2113 1081 τελευταῖον

551 1121 848 1193 συλλήὸδην
875 1116 1100 1185 ἅπαντες
1118 1114 1218 1176 ὑπὸ
1235 1118 1339 1174 τῶν
1361 1112 1642 1194 τριάκοντα
1666 1112 1727 1170 ἐκ
1743 1113 1840 1182 τῆς
1863 1108 2115 1189 πατρίδος

550 1206 852 1281 ἐξηλάθητε.
934 1209 1120 1268 Ταῦτα
1149 1204 1332 1263 ἐκεῖνοι
1350 1205 1398 1262 οἱ
1422 1199 1606 1280 ἀγαθοὶ
1622 1198 1801 1279 ἄνδρες
1821 1196 2114 1275 αἰσθόμενοι

473 1316 525 1357 ιο
550 1299 644 1357 οὔκ
661 1295 861 1379 ἔφασαν
890 1292 1164 1376 ἐπιτρέψαι
1185 1292 1279 1363 τὴν
1306 1290 1534 1371 εἰρήνην,
1560 1278 1605 1350 ὦ
1632 1286 1812 1368 ἄνδρες
1837 1283 2113 1357 δικασταί,

550 1382 887 1451 ποιήσασθαι·
916 1383 1010 1460 (ιε)
1040 1379 1126 1447 οὓς
1141 1377 1227 1457 σὺ,
1256 1376 1526 1459 Ἀγόρατε,
1559 1373 1900 1455 βουλομένους
1913 1370 2113 1451 ἀγαθόν

549 1496 602 1532 τι
635 1473 832 1554 πρᾶξαι
865 1476 931 1551 τῇ
971 1469 1122 1530 πόλει
1157 1466 1495 1538 ἀπέκτεινας,
1535 1464 1773 1542 μηνύσας
1815 1458 2003 1528 αὐτοὺς
2046 1464 2112 1540 τῇ

549 1558 702 1619 πόλει
728 1556 1080 1619 ἐπιὸουλεύειν
1108 1558 1184 1635 τῷ
1211 1554 1401 1625 πλήθει
1426 1556 1502 1634 τῷ
1531 1551 1793 1633 ὑμετέρῳ,
1833 1546 1927 1609 καὶ
1954 1546 2116 1615 αἴτιος

553 1638 605 1706 εἰ
620 1646 868 1706 ἁπάντων
888 1650 954 1726 τῇ
977 1642 1126 1703 πόλει
1147 1644 1253 1701 τῶν
1273 1642 1450 1701 κακῶν
1471 1642 1574 1699 τῶν
1599 1635 1975 1719 γεγενημένων.
2002 1640 2116 1698 Νῦν

552 1727 641 1795 οὗν
680 1732 992 1813 μνησθέντες
1021 1730 1112 1791 καὶ
1152 1733 1256 1789 τῶν
1285 1727 1429 1789 ἰδίων
1457 1726 1671 1793 ἕκαστος
1698 1722 2113 1804 δυστυχημάτων

553 1822 643 1883 καὶ
669 1826 772 1883 τῶν
797 1824 977 1881 κοινῶν
998 1824 1091 1892 τῆς
1116 1818 1343 1892 πόλεως,
1365 1816 1675 1897 τιμωρεῖσθε
1700 1812 1788 1873 τὸν
1813 1812 1977 1872 αἴτιον
1996 1810 2115 1871 τού-

551 1934 678 1974 των.

631 2016 707 2061 49.
749 1995 1026 2075 Θαυμάζω
1061 1996 1107 2055 δ’
1153 1992 1349 2072 ἔγωγε,
1389 1981 1434 2051 ὦ
1479 1989 1656 2071 ἄνδρες
1693 1987 1963 2061 δικασταί,
2002 1986 2035 2045 ὅ
2064 1986 2119 2046 τί

554 2102 682 2145 ποτε
703 2084 959 2161 τολμήσει
986 2083 1115 2164 πρὸς
1141 2084 1276 2160 ὑμᾶς
1314 2078 1698 2158 ἀπολογεῖσθαι·
1729 2078 1807 2136 δεῖ
1831 2073 1934 2157 γὰρ
1962 2073 2117 2133 αὐτὸν

477 2190 528 2231 ιο
560 2172 828 2242 ἀποδεῖξαι
855 2175 924 2240 ὡς
960 2173 1021 2231 οὗ
1048 2168 1381 2248 κατεμήνυσε
1415 2170 1517 2227 τῶν
1562 2162 1758 2247 ἀνδρῶν
1787 2162 1983 2223 τούτων
2012 2162 2117 2222 οὐδ’

559 2260 721 2329 αἴτιος
763 2261 938 2324 αὐτοῖς
973 2262 1083 2317 ἐστι
1108 2264 1199 2317 τοῦ
1227 2255 1450 2317 θανάτου
1468 2300 1486 2333 ,
1525 2253 1654 2336 ὅπερ
1692 2254 1788 2312 οὐκ
1816 2250 1877 2311 ἂν
1911 2250 2120 2310 δύναιτο

555 2345 802 2407 οὐδέποτε
839 2344 1124 2414 ἀποδεῖξαι.
1209 2346 1306 2423 (ω)
1337 2346 1554 2424 Πρῶτον
1583 2338 1678 2420 μὲν
1708 2337 1808 2421 γὰρ
1850 2337 1914 2397 τὰ
1955 2336 2120 2421 ψηφί-

557 2458 736 2514 σματα
761 2436 917 2495 αὗτοῦ
943 2433 1011 2493 τὰ
1031 2436 1091 2493 ἐκ
1110 2438 1204 2505 τῆς
1229 2433 1418 2512 βουλῆς
1434 2430 1634 2501 καὶτοῦ
1656 2428 1825 2505 δήμου
1849 2450 2121 2507 καταμαρ-

556 2524 725 2604 τυρεῖ,
751 2522 1032 2605 διαρρήδην
1061 2518 1371 2601 ἀγορεύοντα
1400 2516 1522 2600 περὶ
1549 2508 1622 2577 ὧν
1647 2514 1921 2596 Ἀγόρατος
1949 2513 2121 2574 κατεί-

561 2630 736 2691 ρηκεν·
764 2608 946 2669 ἔπειτα
991 2613 1026 2681 ἡ
1061 2607 1230 2689 κρίσις
1247 2652 1265 2681 ,
1295 2605 1361 2679 ἣν
1389 2604 1564 2687 ἐκρίθη
1595 2603 1681 2663 ἐπὶ
1707 2606 1810 2662 τῶν
1838 2602 2119 2683 τριάκοντα

478 2719 534 2759 au
560 2699 651 2758 καὶ
679 2696 895 2780 ἀφείθη,
933 2696 1215 2778 διαρρήδην
1254 2694 1424 2772 λέγει,
1465 2720 1490 2746 σι
1525 2692 1656 2753 διότι
1678 2719 1702 2743 υ
1739 2689 1894 2773 φησίν
1930 2720 1953 2743 ιι
1982 2688 2121 2759 ἔδοξε

561 2787 763 2859 τάληθῆ
783 2787 1131 2865 εἰσαγγεῖλαι.
1159 2809 1185 2839 ι
1267 2781 1378 2845 Καί
1407 2804 1495 2860 μοι
1519 2779 1799 2859 ἀνάγνωθι.

851 2919 1247 2969 ΨΗΦῙΣΜΔΤᾸ.
1287 2918 1536 2967 ΓΝΩΣῙΣ.
1571 2915 1798 2963 ΓΡΔΦΔῘ
1806 2949 1821 2964 ·

638 3065 708 3106 u.
751 3043 851 3112 ‘sse
869 3041 966 3122 μὶν
981 3036 1070 3103 οὖν
1083 3044 1178 3103 οὔκ
1196 3040 1522 3122 ἀπέγραψεν,
1538 3038 1706 3098 οὗδενὶ
1723 3036 1902 3121 τρόπῳ
1926 3034 2120 3098 δύναιτ’

561 3134 626 3193 ἂν
645 3131 928 3202 ἀποδεῖξαι·
948 3131 1027 3191 δεῖ
1041 3128 1209 3191 τοίνυν
1229 3129 1385 3190 αὐτὸν
1402 3131 1472 3199 ὣς
1487 3126 1697 3195 δικαίως
1710 3126 1938 3205 ἐμήνυσε
1954 3132 2122 3187 ταῦτα

562 3219 886 3302 ἀποφαίνειν,
914 3222 1046 3300 δρῶν
1075 3216 1258 3286 αὐτοὺς
1293 3216 1501 3299 πονηρὰ
1521 3215 1613 3276 καὶ
1633 3218 1730 3275 οὒκ
1751 3215 2023 3287 ἐπιτήδεια
2046 3220 2122 3299 τῷ

561 3309 716 3391 δήμῳ
742 3312 818 3389 τῷ
847 3306 1081 3389 ὑμετέρῳ
1105 3306 1448 3387 πράττοντας·
1473 3303 1650 3382 οἴομαι
1675 3303 1721 3363 δ’
1754 3302 1860 3363 οὔδ’
1883 3300 1949 3361 ἂν
1970 3305 2125 3360 τοῦτο

564 3396 721 3456 αὐτὸν
744 3398 1078 3476 ἐπιχειρῆσαι
1097 3392 1482 3453 ἀποδεικνύναι.
1563 3393 1648 3453 Οὐ
1673 3389 1774 3473 γὰρ
1797 3390 1983 3463 δήπου,
2001 3386 2050 3447 εί
2072 3411 2123 3447 τι

489 3510 542 3550 25
563 3483 725 3545 κακὸν
749 3482 836 3543 τὸν
864 3484 1030 3561 δῆμον
1064 3486 1169 3541 τῶν
1201 3480 1482 3554 Ἀθηναίων
1527 3480 1864 3561 εἰργάσαντο,
1903 3480 1953 3538 οἱ
1978 3476 2122 3559 τριά-

511 3616 530 3633 .
562 3595 722 3634 κοντα
737 3616 757 3650 ,
789 3569 1007 3639 δεδιότες
1035 3567 1110 3647 μὴ
1138 3568 1455 3641 καταλυθείη
1491 3572 1520 3627 ὁ
1555 3570 1747 3646 δῆμος,
1781 3571 2125 3647 τιμωροῦντες

563 3660 694 3743 ὑπὲρ
713 3665 802 3721 τοῦ
825 3658 994 3737 δήμου
1012 3657 1078 3718 ἂν
1097 3656 1281 3726 αὐτοὺς
1309 3655 1617 3716 ἀπέκτειναν
1636 3701 1654 3734 ,
1684 3654 1800 3713 ἀλλ’
1822 3646 1971 3733 οἶμαι
1991 3642 2123 3713 πολὺ

563 3748 858 3809 τούναντίον
879 3745 1082 3807 τούτου.

643 3856 717 3897 ss.
747 3834 886 3896 Ἀλλ’
906 3832 1031 3902 ἴσως
1048 3830 1203 3916 φήσει
1222 3831 1364 3893 ἄκων
1385 3836 1614 3891 τοσαῦτα
1629 3827 1769 3890 κακὰ
1787 3829 2125 3910 ἐργάσασθαι·

567 3920 672 4003 ἐγὼ
691 3922 738 3982 δ’
765 3922 860 3981 οὐκ
880 3910 1029 3998 οἶμαι
1043 3965 1060 3999 ,
1087 3910 1131 3979 ὦ
1156 3918 1336 4000 ἄνδρες
1353 3916 1626 3991 δικασταί,
1651 3918 1758 3976 οὐδ’
1783 3918 1873 3976 ἐάν
1895 3934 1973 3985 τις
1994 3920 2127 3994 ὑμᾶς

566 4016 636 4080 ὣς
665 4010 894 4090 μάλιστα
922 4007 1064 4068 ἄκων
1093 4006 1301 4087 μεγάλα
1323 4006 1466 4067 κακὰ
1487 4006 1805 4088 ἐργάσηται,
1821 3996 1894 4065 ὧν
1924 4003 1999 4082 μὴ
2024 3994 2129 4065 οἷόν

487 4130 541 4170 ³0
562 4124 620 4160 τε
646 4096 888 4178 γενέσθαι
916 4095 1053 4155 ἐστὶν
1083 4098 1180 4153 ὖπε
1221 4092 1401 4168 6ολήν,
1436 4096 1496 4153 οὗ
1536 4092 1720 4153 τούτου
1759 4092 1910 4153 ἕνεκα
1938 4094 1994 4153 οὔ
2023 4094 2128 4152 δεῖν

569 4194 706 4265 ὑμᾶς
736 4183 1043 4263 ἀμύνεσθαι.
1128 4118 1265 4245 Ε’ίῗτα
1295 4180 1349 4242 δὲ
1377 4182 1466 4242 καὶ
1495 4182 1702 4242 ἐκείνων
1733 4179 2027 4261 μέμνησθε,
2051 4180 2131 4240 ὅτι

571 4277 688 4347 ἐξῆν
713 4272 978 4355 Ἀγοράτῳ
1003 4268 1171 4353 τούτῳ
1190 4316 1208 4347 ,
1229 4270 1350 4353 πρὶν
1373 4274 1442 4338 εἰς
1465 4270 1558 4342 τὴν
1582 4269 1772 4352 βουλὴν
1793 4274 2131 4349 κομισθῆναι,

571 4359 648 4420 ὅτ’
675 4360 761 4419 ἐπὶ
787 4365 877 4419 τοῦ
910 4363 1089 4441 βωμοῦ
1111 4358 1336 4433 ἐκάθητο
1359 4358 1696 4441 Μουνυχίασι
1712 4405 1727 4433 ,
1753 4363 2002 4431 σωθῆναι·
2042 4357 2131 4417 καὶ

570 4448 672 4529 γὰρ
701 4449 860 4508 πλοῖα
880 4446 1273 4529 παρεσκεύαστο
1301 4446 1392 4507 καὶ
1415 4449 1463 4506 οἱ
1493 4446 1744 4527 ἐγγυηταὶ
1771 4447 1970 4523 ἕτοιμοι
1998 4436 2131 4517 ἦσαν

574 4536 906 4596 συναπιέναι.
987 4533 1077 4616 (ss)
1109 4533 1296 4595 Καίτοι
1318 4537 1363 4594 εἰ
1387 4532 1595 4602 ἐκείνοις
1613 4534 1815 4593 ἐπείθου
1828 4534 1919 4594 καὶ
1942 4534 2135 4607 ἠθέλη-

575 4648 668 4692 σας
695 4624 979 4683 ἐκπλεῦσαι
1014 4626 1128 4701 μετ’
1152 4622 1382 4699 ἐκείνων,
1419 4622 1528 4683 οὔτ’
1562 4622 1629 4682 ἂν
1665 4620 1796 4682 ἑκὼν
1837 4622 1957 4682 οὗτε
1990 4622 2133 4681 ἄκων

574 4710 847 4779 τοσούτους
884 4710 1183 4783 Ἀθηναίους
1211 4710 1538 4779 ἀπέκτεινας·
1569 4717 1656 4771 νῦν
1694 4708 1749 4770 δὲ
1793 4710 2017 4778 πεισθεὶς
2049 4714 2135 4792 ὑφ’

495 4820 550 4860 ab
574 4792 646 4860 ὧν
668 4798 784 4859 τότε
803 4798 1064 4872 ἐπείσθης,
1091 4800 1139 4858 εἰ
1162 4802 1265 4858 τῶν
1285 4802 1592 4880 στρατηγῶν
1612 4800 1700 4859 καὶ
1721 4803 1822 4859 τῶν
1841 4797 2135 4879 ταξιάρχων

575 4887 644 4947 τὰ
663 4886 896 4965 ὀνόματα
917 4886 1071 4965 μόνον
1097 4886 1288 4960 εἴποις,
1312 4886 1448 4966 μέγα
1472 4911 1523 4946 τι
1549 4886 1653 4969 ᾤου
1681 4886 1808 4969 παρ’
1829 4888 1998 4947 αὗτῶν
2022 4888 2135 4945 δια-

576 4975 896 5060 πράξασθαι.
979 4973 1187 5039 Οὔκουν
1222 4973 1407 5035 τούτου
1445 4973 1595 5034 ἕνεκα
1639 4976 1718 5034 δεῖ
1751 4998 1810 5033 σε
1833 4974 1957 5056 παρ’
1986 4977 2136 5053 ἡμῶν

580 5062 890 5145 συγγνώμης
915 5062 1050 5133 τινὸς
1070 5064 1270 5145 τυχεῖν,
1290 5062 1403 5122 ἐπεὶ
1429 5062 1547 5121 οὐδὲ
1569 5064 1752 5122 ἐκεῖνοι
1772 5061 1921 5142 παρὰ
1941 5066 2031 5121 σοῦ
2050 5062 2138 5120 οὗ·

581 5155 762 5231 δεμιᾶς
779 5152 982 5235 ἔτυχον,
1002 5151 1088 5220 οὓς
1108 5148 1172 5212 σὺ
1197 5151 1523 5219 ἀπέκτεινας.
1562 5152 1652 5230 (ω)
1677 5150 1786 5213 Καὶ
1809 5150 2017 5217 Ἱππίας
2044 5150 2138 5227 μὲν

583 5246 613 5303 ὁ
637 5242 836 5311 Θάσιος
853 5241 944 5303 καὶ
963 5242 1210 5324 Ξενοφῶν
1227 5244 1258 5301 ὁ
1276 5240 1530 5323 Ἰκαριεύς
1543 5284 1562 5319 ,
1585 5238 1638 5301 οἳ
1654 5241 1740 5300 ἐπὶ
1753 5244 1820 5321 τῇ
1841 5241 1973 5317 αὐτῇ
1996 5236 2140 5319 αἰτία

2199 692 2299 744 sint
2337 694 2544 757 moenia,
2584 706 2733 745 naves
2767 692 2987 745 hostibus
3030 691 3262 755 proditae,
3312 692 3489 745 sublata
3523 704 3697 767 navalia,

2198 806 2286 844 arx
2319 794 2479 844 vestra
2513 795 2746 858 occupata
2784 807 2813 843 a
2856 791 3256 853 Lacedoemoniis,
3288 805 3538 859 omnesque
3558 800 3697 853 driu.

2197 892 2261 943 tis
2278 891 2407 943 vires
2428 891 2689 956 profligatae
2702 929 2719 956 ,
2746 892 2815 942 ita
2844 894 2901 941 ut
2930 890 3039 941 haec
3062 890 3233 941 civitas
3261 890 3377 941 nihil
3401 893 3633 958 quidquam
3656 902 3703 952 ab

2200 992 2520 1043 infirmissima
2533 991 2765 1043 differret.
2832 990 2929 1054 (47)
2947 992 3056 1042 Huc
3072 989 3257 1041 accedit
3274 990 3402 1054 quod
3418 994 3606 1055 privatas
3617 1012 3705 1062 opu
3740 1048 3742 1057 ,

2198 1094 2477 1151 amiseritis,
2514 1096 2565 1146 et
2600 1094 2665 1145 ad
2696 1096 2975 1146 extremum
3008 1094 3153 1145 simul
3184 1107 3351 1145 omnes
3385 1108 3416 1145 a
3446 1096 3708 1159 trigintaviris

2200 1196 2387 1249 meritis
2424 1199 2626 1263 expulsi,
2695 1203 2820 1259 Quas
2844 1212 3002 1263 quum
3034 1198 3167 1251 cives
3212 1201 3385 1264 egregii
3416 1206 3707 1275 praeviderent,

2198 1301 2469 1363 negarunt,
2489 1300 2704 1363 iudices,
2734 1312 2902 1365 pacem
2924 1300 3027 1352 fleri
3044 1314 3099 1351 se
3118 1299 3443 1365 permissuros.
3502 1304 3589 1368 (⁴⁸)
3607 1311 3710 1367 Quos

2200 1400 2255 1449 tu
2269 1435 2284 1461 ‚
2303 1401 2533 1464 Agorate,
2552 1399 2673 1451 dum
2692 1399 2755 1452 de
2776 1400 3022 1465 republica
3042 1400 3167 1453 bene
3194 1400 3368 1452 mereri
3386 1405 3637 1469 cupiebant,
3653 1410 3711 1461 in.

2201 1500 2427 1551 terrenisfi
2440 1538 2457 1565 ,
2492 1500 2621 1565 ipsos
2661 1500 2919 1551 deserendo
2953 1501 3016 1552 ad
3054 1503 3274 1553 senatum
3317 1505 3537 1569 tanquam
3572 1512 3711 1563 nostris
3748 1480 3750 1485 ¹

2202 1602 2419 1653 omnium
2454 1602 2723 1653 commodis
2754 1602 3035 1654 insidiantes
3050 1638 3067 1667 ,
3103 1604 3493 1669 cunctorumque
3520 1610 3715 1661 malorum

2200 1718 2312 1769 quae
2330 1704 2573 1755 civitatem
2598 1717 2875 1768 oppressere
2890 1716 3038 1755 causa
3059 1704 3209 1756 ruisti.
3276 1708 3417 1755 Nunc
3438 1706 3569 1769 igitur
3587 1723 3715 1761 recor-

2203 1805 2303 1856 dati
2332 1807 2661 1871 unusquisque
2691 1805 3021 1857 calamitatum
3040 1818 3195 1869 quum
3211 1804 3528 1869 privatarum,
3545 1809 3640 1859 tum
3654 1824 3718 1873 pu-

2204 1899 2437 1950 blicarum
2450 1936 2465 1962 ,
2488 1899 2662 1949 harum
2678 1901 2929 1950 auctorem
2948 1898 3263 1949 ulciscamini.
3756 1892 3758 1895 ⁴

2265 1998 2343 2046 ⁴9.
2380 1994 2526 2047 Miror
2550 1990 2740 2056 autem,
2760 1993 2971 2058 judices,
3002 2006 3269 2057 quamnam
3289 1992 3595 2045 defensionem
3614 1996 3721 2048 insti·
3760 2028 3762 2043 .

2202 2096 2341 2147 tuere
2380 2095 2595 2147 audebit.
2658 2100 2784 2147 Eum
2810 2095 2940 2145 enim
2977 2095 3174 2158 oportet
3205 2093 3533 2146 demonstrare
3574 2110 3619 2148 se
3646 2112 3723 2151 uon

2204 2194 2433 2246 detulisse
2468 2194 2576 2245 iilos
2610 2194 2741 2245 viros
2756 2230 2772 2257 ,
2806 2207 2965 2257 neque
2995 2207 3163 2244 eorum
3192 2192 3455 2258 perniciem
3477 2168 3750 2261 condius,-

2204 2291 2255 2347 id
2291 2295 2424 2361 quod
2445 2308 2695 2359 nunquam
2718 2294 3046 2346 dmonstrare
3064 2294 3235 2358 possit.
3304 2295 3403 2359 (50)
3430 2298 3631 2360 Namque
3646 2300 3724 2361 pri·

2204 2406 2343 2445 mum
2368 2392 2563 2444 decreta
2584 2394 2634 2444 et
2662 2404 2727 2444 ex
2750 2394 2919 2444 senatu
2946 2394 2995 2443 et
3020 2406 3084 2443 ex
3107 2392 3291 2456 populo
3318 2394 3484 2443 eontra
3512 2394 3652 2456 ipsum
3668 2396 3724 2445 ιι·

2204 2496 2412 2558 stantur,
2430 2508 2543 2560 quoe
2560 2494 2734 2545 diserte
2748 2507 2917 2545 eorum
2934 2493 3131 2544 nomina
3149 2496 3427 2545 memorant
3444 2507 3559 2559 quos
3580 2499 3729 2559 Agura-
3769 2472 3770 2487 ἓ

2206 2590 2288 2642 tus
2303 2589 2507 2653 astulia
2568 2589 2741 2642 deinde
2757 2588 2993 2653 §neruum
3019 2590 3153 2655 quoa
3170 2590 3263 2641 sub
3278 2590 3596 2654 trigintaviris
3614 2592 3731 2643 suun
3771 2569 3772 2581 '

2206 2690 2259 2741 et
2274 2702 2373 2753 quo
2394 2688 2643 2741 absolutus
2658 2689 2759 2751 est,
2784 2688 3021 2752 expressis
3040 2688 3201 2739 verbis
3218 2689 3289 2740 ait
3310 2704 3324 2739 :
3355 2708 3381 2735 ι
3398 2689 3533 2751 Quod
3545 2728 3560 2754 ,
3576 2690 3729 2755 inquit,

2206 2792 2340 2843 visus
2359 2794 2433 2843 est
2452 2805 2567 2842 vera
2586 2790 2913 2842 denunciasse.
2938 2810 2965 2837 n
3016 2794 3089 2843 Tu
3112 2791 3230 2843 mihi
3256 2793 3421 2843 recita.
3466 2806 3473 2814 ·
3774 2785 3776 2837 i

2466 2921 2761 2964 bacatu..
2802 2920 3165 2964 snmutu.
3205 2922 3511 2966 tuntum.

2274 3044 2351 3091 51.
2384 3042 2448 3089 se
2474 3038 2621 3102 igitur
2642 3050 2739 3087 non
2760 3036 2992 3087 detulisse
3016 3036 3145 3087 viros
3180 3037 3315 3088 nullo
3336 3039 3479 3101 pacto
3502 3038 3646 3102 potest
3662 3039 3733 3089 de·

2212 3128 2496 3178 monstrare.
2560 3124 2764 3189 oportet
2778 3125 2941 3187 itaque
2956 3123 3115 3188 ipsum
3128 3124 3383 3176 ostendere
3395 3126 3523 3189 quod
3540 3126 3734 3185 indicium

2206 3214 2316 3277 jure
2358 3212 2525 3264 fecerit
2537 3249 2552 3275 ,
2576 3210 2959 3262 animadvertens
2979 3210 3164 3262 scilicet
3196 3211 3306 3262 illos
3336 3212 3463 3262 mala
3494 3214 3674 3263 consilia
3700 3216 3739 3265 et

2210 3301 2388 3366 populo
2422 3300 2687 3364 perniciem
2720 3300 2917 3363 agitare.
2983 3299 3047 3349 At
3066 3312 3227 3363 neque
3258 3299 3357 3351 hoc
3382 3300 3530 3351 istum
3560 3301 3737 3351 arbitror

2210 3388 2461 3441 ostendere
2478 3390 2784 3440 conaturum.
2848 3391 2955 3440 Non
2970 3388 3101 3439 enim
3126 3400 3243 3439 sane
3264 3389 3307 3439 si
3325 3387 3447 3451 quid
3464 3389 3577 3439 mali
3598 3390 3741 3439 eontra

2210 3478 2443 3542 populum
2465 3477 2802 3528 Atheniensem
2822 3476 2975 3527 moliti
3000 3476 3226 3537 missent,
3245 3474 3534 3540 trigintavIri
3548 3477 3747 3528 timentes

2212 3570 2275 3617 ne
2290 3565 2521 3631 populare
2537 3564 2792 3629 imperium
2813 3565 3127 3627 everteretur,
3150 3564 3278 3628 ipsos
3302 3565 3556 3628 punientes
3572 3564 3747 3615 occidis·

2213 3655 2323 3707 sent
2337 3654 2503 3719 populi
2522 3653 2745 3716 nomlne;
2774 3654 2853 3715 at,
2876 3652 3064 3717 opinor,
3092 3652 3393 3703 contrarium
3420 3666 3608 3717 pmrsus
3626 3654 3749 3703 fecis·

2215 3744 2341 3795 sent.

2277 3838 2355 3885 52.
2388 3830 2620 3882 Fortassis
2646 3831 2810 3880 autem
2831 3828 3090 3880 contendet
3106 3842 3160 3879 se
3178 3828 3395 3879 invitum
3421 3830 3497 3881 tot
3531 3828 3647 3879 mala
3664 3842 3750 3893 per·

2214 3924 2438 3989 peti-asse.
2460 3922 2693 3987 Equidem
2702 3922 2944 3985 existimo,
2952 3922 3154 3984 iudices,
3167 3922 3207 3972 si
3216 3921 3753 3986 quisvelquammaxime

2216 4018 2399 4067 invitus
2412 4018 2661 4067 tantorum
2676 4016 2813 4067 vobis
2826 4015 3065 4066 malorum
3081 4016 3250 4064 auctor
3263 4013 3411 4063 ruer-it
3420 4050 3435 4077 ‚
3450 4016 3508 4065 ut
3518 4016 3583 4065 eis
3595 4016 3754 4077 majora

2216 4118 2319 4157 esse
2334 4107 2593 4169 nequeant,
2608 4118 2707 4155 non
2719 4104 2898 4155 idcirco
2912 4117 3025 4155 eum
3038 4117 3137 4155 non
3149 4118 3252 4155 esse
3263 4117 3294 4154 a
3310 4105 3449 4157 vobis
3462 4104 3751 4170 puniendum.

2220 4193 2405 4246 Deinde
2422 4207 2539 4244 vero
2553 4196 2605 4245 et
2624 4192 2720 4243 boe
2736 4194 3031 4243 mementote
3042 4230 3059 4255 ,
3082 4191 3274 4243 licuisse
3288 4194 3519 4243 nimirum
3540 4194 3726 4256 Agorate
3736 4230 3750 4255 ,

2221 4282 2499 4346 priusquam
2521 4281 2583 4331 ad
2600 4282 2821 4331 senatum
2840 4279 3081 4331 adductus
3096 4282 3219 4343 erat,
3250 4294 3404 4343 quum
3426 4281 3683 4344 Munychiae
3700 4278 3751 4329 ad

2219 4384 2353 4421 aram
2371 4370 2582 4432 sederet,
2605 4369 2822 4430 licuisse,
2856 4368 3053 4431 inquam
3066 4406 3081 4431 ,
3112 4369 3341 4433 aufugete
3358 4371 3410 4421 et
3430 4370 3605 4420 servari
3626 4388 3639 4419 ι
3658 4380 3754 4418 nam

2220 4463 2271 4511 et
2290 4460 2523 4510 instructa
2544 4460 2683 4509 erant
2700 4456 2888 4521 navigia
2901 4494 2917 4521 ,
2944 4457 2995 4509 et
3010 4470 3263 4521 sponsores
3280 4458 3433 4521 parati
3456 4458 3519 4510 ad
3544 4472 3635 4509 una
3654 4472 3753 4522 pro·

2222 4548 2545 4601 ficiscendum.
2611 4547 2711 4610 (53)
2743 4548 2889 4609 Atqui
2934 4547 2977 4596 si
3019 4546 3117 4597 illis
3148 4546 3529 4611 obtemperasses
3572 4550 3623 4599 et
3658 4562 3757 4599 eum

2221 4637 2389 4689 iisdem
2407 4650 2505 4687 una
2520 4635 2753 4687 voluisses
2766 4636 3023 4699 enavigare
3036 4670 3052 4697 ,
3070 4648 3229 4700 neque
3244 4638 3411 4687 volens
3428 4649 3585 4701 neque
3599 4636 3760 4687 invitus

2222 4728 2297 4777 tot
2313 4724 2681 4777 Atheniensibus
2698 4728 2903 4774 mortem
2930 4723 3187 4775 intulisses.
3251 4727 3363 4775 Jam
3380 4738 3498 4775 vero
3516 4724 3577 4773 ab
3594 4724 3648 4773 iis
3662 4736 3760 4785 per·

2222 4826 2393 4863 suasus
2412 4824 2441 4861 a
2468 4810 2647 4873 quibus
2674 4813 2795 4859 tunc
2816 4809 3046 4873 temporis
3067 4822 3233 4873 passus
3252 4822 3307 4859 es
3324 4808 3593 4872 persuaderi
3606 4847 3620 4871 ,
3642 4821 3761 4869 egre·

2223 4901 2353 4965 ginm
2382 4898 2561 4963 aliquid
2592 4900 2656 4951 ab
2677 4899 2747 4949 eis
2771 4898 3143 4963 impetraturum
3166 4898 3216 4948 te
3238 4896 3553 4960 existimasti,
3582 4896 3621 4947 si
3652 4908 3763 4959 prae-

2223 4988 2461 5037 rectorum
2490 4984 2775 5035 militarium
2796 4981 2995 5032 nomina
3020 4980 3278 5031 dumtaxat
3294 4980 3524 5033 deferres.
3588 4980 3763 5030 Nullam

2224 5070 2387 5133 itaque
2408 5082 2439 5119 a
2460 5068 2599 5119 nobis
2630 5072 2686 5118 tu
2708 5064 2936 5129 consequi
2953 5064 3101 5116 debes
3120 5063 3489 5115 misericordiam
3504 5098 3522 5126 ,
3552 5062 3765 5127 quoniam

2235 5156 2305 5207 illi
2322 5169 2445 5221 quos
2474 5157 2531 5206 tu
2552 5152 2774 5205 occidisti
2796 5151 2983 5203 nullam
3009 5164 3042 5201 a
3070 5152 3123 5201 te
3142 5148 3385 5201 consecuti
3404 5150 3533 5198 sunt.
3597 5146 3689 5210 (5⁴)
3716 5148 3767 5195 Et

2232 5245 2429 5312 [lippias
2440 5242 2635 5309 quidem
2654 5240 2857 5293 Thasius
2868 5242 2917 5291 et
2932 5238 3199 5301 xenophon
3218 5234 3485 5298 lariensis,
3506 5234 3590 5299 qui
3612 5232 3765 5283 eadem
