3825 5842
145 424 394 509 [sas-sss)

138 564 233 631 τῶν,
262 553 542 632 ἀπολογίαν
579 548 882 633 ποιούμενον
917 554 1003 615 τὸν
1034 556 1216 613 ἑαυτοῦ
1263 553 1373 633 βίον
1411 558 1515 614 τῶν
1557 559 1650 615 τοῦ

137 647 298 727 πατρὸς
331 642 750 726 ἁμαρτημάτων,
789 632 932 709 οἶτος
962 640 1160 721 ἑτέρους
1203 640 1424 723 ὓὸρίζειν
1464 652 1651 725 πειρᾶ-

137 761 228 809 ται,
253 731 422 814 ὥσπερ
446 730 731 809 δυνάμενος
776 729 839 788 ἂν
865 729 1155 791 πολλοστὸν
1197 730 1350 814 μέρος
1385 735 1489 791 τῶν
1517 734 1651 791 ὀνει-

81 850 116 887 2s
135 828 213 885 δῶν
240 826 333 882 τῶν
361 822 531 901 ἑαυτῷ
559 818 924 900 προσηκόντων
966 822 1073 886 τοῖς
1103 818 1278 887 ἄλλοις
1303 821 1618 897 μεταδοῦναι
1633 864 1649 892 ,

134 916 204 993 (³0)
245 910 327 971 καὶ
363 914 508 969 ταῦθ’
553 908 658 977 υἱὸς
707 905 780 966 ὧν
825 906 1152 968 Ἀλκιῧιοίδου
1169 952 1184 979 ,
1228 907 1282 976 ὃς
1339 906 1512 967 ἔπεισε
1559 907 1654 986 μὲν

133 1001 372 1065 Δεκέλειαν
418 996 865 1075 Λακεδαιμονίους
916 996 1266 1077 ἐπιτειχίσαι,
1313 996 1400 1057 ἐπὶ
1456 995 1512 1055 δὲ
1562 995 1656 1064 τὰς

132 1094 286 1161 νήσους
331 1084 640 1156 ἀποστήσων
675 1084 924 1159 ἔπλευσε,
967 1086 1278 1152 διδάσκαλος
1322 1084 1377 1143 δὲ
1417 1088 1520 1143 τῶν
1562 1089 1656 1156 τῆς

136 1182 298 1245 πολεως
327 1178 509 1234 κακῶν
533 1172 737 1253 ἐγένετο
753 1219 770 1247 ,
798 1172 1070 1242 πλεονάκις
1094 1172 1148 1233 δὲ
1164 1170 1298 1251 μετὰ
1325 1175 1428 1233 τῶν
1455 1174 1654 1253 ἐχθρῶν

136 1270 202 1327 ἐπὶ
243 1264 327 1337 τὴν
373 1262 607 1343 πατρίδα
666 1262 1045 1344 ἐστρατεύσατο
1088 1260 1124 1334 ἢ
1172 1258 1308 1339 μετὰ
1349 1264 1452 1320 τῶν
1509 1263 1652 1319 πολι·

133 1360 212 1413 τῶν
238 1352 310 1411 ἐπ’
333 1351 574 1418 ἐκείνους.
659 1351 789 1413 'Avo‘
819 1340 889 1410 ὧν
917 1350 1007 1410 καὶ
1031 1350 1266 1429 ὖμῖν’κα“ι
1299 1354 1406 1417 τοῖς
1431 1348 1653 1427 μέλλου·

134 1468 198 1503 σιν
230 1440 422 1501 ἔσεσθαι
461 1442 806 1520 τιμορεῒσθαι
849 1438 1104 1520 προσήκει
1147 1437 1319 1498 ὅντινα
1358 1436 1656 1515 λαμὸάνετε

76 1556 113 1593 ει]
133 1530 308 1589 τούτων.
392 1527 480 1607 (³1)
509 1526 708 1588 Καίτοι
744 1526 941 1610 σφόδρα
982 1530 1200 1587 εἴθισται
1241 1525 1411 1605 λέγειν
1451 1529 1522 1593 ὡς
1562 1526 1656 1583 οὐκ

132 1616 241 1685 εἰκός
274 1618 375 1675 ἐστι
414 1613 500 1673 τὸν
544 1613 644 1692 μὲν
683 1615 886 1695 πατέρα
915 1616 1074 1673 αὐτοῦ
1105 1611 1424 1673 κατελθόντα
1464 1610 1657 1693 δωρεὰς

131 1704 249 1786 παρὰ
269 1710 350 1763 τοῦ
375 1702 542 1781 δήμου
569 1702 775 1781 λαὸεἵν,
795 1709 973 1763 τοῦτον
993 1704 1037 1762 δ’
1058 1702 1250 1769 ἀδίκως
1273 1700 1358 1761 διὰ
1374 1700 1468 1772 τὴν
1489 1698 1655 1783 φυγὴν

131 1794 204 1868 τὴν
225 1792 408 1855 ἐκείκου
431 1792 837 1866 διαὸεὸλῆσθαι.
881 1786 1042 1869 Ἐμοὶ
1066 1788 1120 1850 δὲ
1149 1791 1290 1849 δοκεῖ
1311 1788 1474 1849 δεινὸν
1499 1778 1655 1861 εἶναι,

129 1886 166 1942 εἰ
181 1882 258 1949 τὰς
275 1880 363 1959 μὲν
383 1878 582 1961 δωρεὰς
605 1882 767 1938 αὐτοῦ
789 1878 1057 1961 ἀφείλεσθε
1080 1878 1150 1945 ὥς
1175 1879 1234 1937 οὔ
1256 1874 1474 1944 δικαίως
1496 1876 1652 1935 δεδω-

131 1970 275 2044 κότες,
301 1969 476 2029 τούτου
505 1967 564 2027 δὲ
593 1969 897 2036 ἀδικοῦντος
924 1970 1306 2050 ἀποψηφιεῖσθε
1335 1969 1404 2033 ὥς
1429 1970 1521 2024 τοῦ
1552 1988 1654 2023 πα-

131 2059 226 2139 τρὸς
251 2062 466 2138 χρηστοῦ
493 2056 620 2139 περὶ
648 2054 746 2129 τὴν
780 2055 930 2115 πόλιν
958 2052 1326 2135 γεγενημένου.
1405 2054 1496 2135 (32)
1546 2050 1656 2113 Καὶ

134 2144 210 2225 μὲν
245 2146 330 2219 δή,
356 2135 398 2204 ῶ
439 2144 623 2225 ἄνδρες
651 2142 920 2217 δικασταί,
956 2142 1128 2203 ἄλλων
1172 2167 1231 2202 τε
1273 2144 1479 2202 πολλῶν
1515 2139 1653 2209 ἄξιον

76 2260 109 2295 :5
131 2236 270 2294 ἕνεκεν
292 2236 440 2292 αὐτοῦ
469 2232 974 2314 καταψηφίσασθαι,
1013 2231 1102 2291 καὶ
1138 2218 1217 2291 ὅτι
1241 2238 1354 2297 ταῖς
1382 2227 1654 2309 ὑμετέραις

133 2325 305 2401 ἀρεταῖς
318 2325 506 2403 χρῆται
520 2318 918 2401 παραδείγματι
935 2319 1161 2401 περὶτῆς
1186 2322 1370 2379 ἑαυτοῦ
1390 2316 1652 2395 πονηρίας.

132 2412 288 2491 Τολμᾷ
300 2409 392 2489 γὰρ
407 2406 576 2485 λέγειν
597 2410 672 2474 ὥς
691 2404 1021 2478 Ἀλκιὸιοίδης
1039 2406 1183 2465 οὐδὲν
1202 2406 1363 2465 δεινὸν
1382 2402 1654 2485 εἴργασται

131 2498 202 2557 ἐπὶ
217 2497 297 2569 τὴν
318 2494 538 2577 πατρίδα
563 2492 904 2575 στρατεύσας·
935 2498 1024 2573 (aa)
1052 2494 1142 2553 καὶ
1165 2494 1265 2574 γὰρ
1289 2498 1425 2572 ὑμᾶς
1447 2490 1655 2575 φεύγον-

133 2610 208 2651 τας
230 2580 396 2656 Φυλὴν
421 2582 749 2643 καταλαὸεῖν
775 2582 864 2641 καὶ
889 2578 1072 2663 δένδρα
1112 2584 1289 2660 τεμεῖν
1317 2581 1406 2640 καὶ
1434 2578 1562 2660 πρὸς
1588 2580 1656 2639 τὰ

131 2672 252 2753 τείχη
282 2670 620 2752 προσὸαλεῖν,
649 2669 740 2729 καὶ
781 2675 945 2727 ταῦτα
973 2667 1294 2743 ποιήσαντας
1329 2671 1422 2728 οὐκ
1463 2664 1656 2735 ὄνειδος

133 2764 218 2827 τοῖς
247 2758 385 2818 παισὶ
425 2758 768 2831 καταλιπεῖν,
816 2754 954 2816 ἀλλὰ
976 2756 1132 2836 τιμὴν
1172 2756 1320 2838 παρὰ
1360 2764 1524 2815 πᾶσιν
1571 2757 1654 2814 ἀν·

77 2868 112 2901 ευ
131 2847 315 2928 θρώποις
343 2845 674 2919 κτήσασθαι,
710 2850 778 2913 ὡς
819 2846 1115 2909 τῶκαῦτῶν
1151 2843 1302 2911 ὄντας
1329 2842 1499 2912 ἀξίους
1538 2841 1652 2902 ὅσοι

133 2935 334 3017 φυγόντες
369 2933 499 3012 μετὰ
533 2938 644 2993 τῶν
683 2934 946 3011 πολεμίων
987 2932 1074 2991 ἐπὶ
1113 2930 1209 3003 τὴν
1249 2928 1426 3011 χώραν
1468 2928 1653 3009 ἐστρά·

131 3044 305 3095 τευσαν,
351 3020 438 3081 καὶ
483 3018 603 3080 ὅσοι
647 3018 909 3099 κατῄεσαν
952 3016 1383 3094 Λακεδαιμονίων
1431 3017 1652 3098 ἐχόντων

130 3106 205 3181 τὴν
222 3109 373 3169 πόλιν.
453 3108 546 3191 (aa)
579 3106 690 3168 Καὶ
715 3108 806 3186 μὲν
825 3107 890 3180 δὴ
915 3116 1074 3167 πᾶσιν
1097 3110 1329 3184 ἠγοῦμαι
1348 3106 1503 3177 δῆλον
1523 3094 1654 3163 εἶναι

131 3196 193 3255 ὅτι
215 3190 339 3257 οὗτοι
359 3196 451 3275 μὲν
473 3197 700 3271 ἐζήτουν,
715 3196 947 3256 κατιέναι
965 3200 1034 3262 ὡς
1051 3195 1146 3268 τὴν
1173 3193 1264 3273 μὲν
1286 3199 1378 3265 τῆς
1398 3194 1654 3265 θαλάττης

132 3284 270 3363 ἀρχὴν
307 3284 742 3361 Λακεδαιμονίοις
779 3282 1204 3365 παραδώσοντες,
1247 3281 1396 3341 αὐτοὶ
1432 3283 1476 3340 δ’
1505 3284 1652 3358 ὑμῶν

134 3372 328 3451 ἄρξοντες
347 3394 358 3407 ·
405 3373 465 3431 τὸ
510 3372 558 3431 δ’
599 3370 848 3452 ὑμέτερον
887 3373 1082 3443 πλῆθος
1120 3370 1370 3429 κατελθὸν
1405 3368 1523 3437 τοὺς
1557 3368 1652 3447 μὲν

131 3462 368 3538 πολεμίους
406 3461 636 3534 ἐξήλασε
655 3505 675 3532 ,
721 3466 823 3519 τῶν
869 3461 926 3520 δὲ
969 3463 1196 3519 πολιτῶν
1237 3458 1329 3518 καὶ
1373 3458 1491 3526 τοὺς
1526 3462 1652 3539 βου·-

65 3550 336 3626 Ιι3λομένους
367 3549 629 3609 δουλεύειν
658 3548 1026 3630 ἠλευθέρωσεν·
1053 3546 1178 3608 ὥστ’
1209 3550 1306 3628 οὐχ
1331 3546 1524 3625 ὁμοίων
1548 3550 1652 3606 τῶν

131 3634 264 3717 ἔργων
299 3636 606 3719 ἀμφοτέροις
640 3636 994 3715 γεγενημένων
1036 3635 1153 3704 τοὺς
1191 3634 1372 3715 λόγους
1411 3642 1656 3695 ποιεῖται.

134 3726 204 3800 (aa)
237 3723 362 3783 Ἀλλ’
395 3722 539 3803 ὅμως
581 3720 841 3783 τοσούτων
873 3728 1152 3805 συμφορῶν
1193 3722 1284 3782 καὶΙ
1311 3720 1472 3789 οὕτως
1512 3723 1654 3804 αὗτῷ

132 3812 336 3887 μεγάλων
356 3815 708 3893 ὑπαρχουσῶν
735 3812 820 3871 ἐπὶ
843 3816 908 3891 τῇ
937 3818 1024 3871 τοῦ
1049 3812 1246 3891 πατρὸς
1262 3809 1484 3892 πονηρίᾳ
1509 3811 1652 3891 φιλο·

129 3906 323 3975 τιμεῖται
335 3944 352 3971 ,
371 3899 458 3959 καὶ
479 3900 626 3976 λέγει
641 3902 712 3967 ὡς
733 3897 892 3966 οὕτως
911 3900 1099 3966 ἐκεῖνος
1121 3898 1334 3959 ἐδύνατο
1362 3897 1499 3978 μέγα
1518 3896 1655 3958 ὥστε

130 3991 180 4066 τῇ
203 3987 336 4047 πόλει
369 3987 583 4047 πάντων
605 3989 780 4045 κακῶν
808 3985 969 4054 αἴτιος
993 3986 1288 4067 γεγένηται.
1375 3986 1560 4047 Καίτοι
1581 3987 1657 4054 τίς

84 4099 98 4133 ε
130 4072 260 4141 οὕτως
285 4074 484 4155 ἄπειρος
512 4078 612 4145 τῆς
639 4067 822 4133 ἑαυτοῦ
859 4075 1137 4157 πατρίδος,
1177 4074 1230 4143 ὃς
1257 4078 1350 4135 οὐκ
1375 4072 1439 4133 ἂν
1473 4075 1656 4155 βουλό-

130 4184 254 4235 μενος
273 4152 398 4220 εἶναι
419 4161 646 4243 πονηρὸς
673 4160 1008 4243 εἰσηγήσαιτο
1046 4161 1140 4241 μὲν
1177 4171 1281 4229 τοῖς
1317 4160 1582 4239 πολεμίοις
1621 4160 1654 4219 ἃ

129 4246 212 4327 χρὴ
233 4250 537 4309 καταλαὸεῗν
570 4254 672 4309 τῶν
698 4249 929 4333 χωρίων,
957 4249 1209 4323 δηλώσειε
1245 4249 1289 4308 δ’
1318 4248 1381 4307 ἂν
1411 4248 1444 4306 ἃ
1483 4252 1656 4316 κακῶς

131 4338 410 4413 φυλάττεται
447 4342 556 4397 τῶν
594 4340 866 4420 φρουρίων,
911 4338 1126 4407 διδάξειε
1163 4340 1206 4397 δ’
1250 4337 1312 4397 ἂν
1353 4336 1386 4395 ἃ
1423 4340 1656 4417 πονηρῶς

132 4421 220 4501 ἔχει
237 4428 332 4481 τῶν
352 4426 701 4507 πραγμάτων,
730 4426 976 4503 μηνύσειε
1003 4428 1046 4485 δ’
1084 4426 1148 4487 ἂν
1175 4424 1290 4493 τοὺς
1317 4424 1657 4505 βουλομένους

135 4510 414 4588 ἀφίστασθαι
441 4518 550 4573 τῶν
579 4514 908 4595 συμμάχωνς
949 4516 1039 4592 (ae)
1071 4517 1155 4576 Οὗ
1189 4514 1293 4595 γὰρ
1329 4514 1528 4586 δήπου,
1569 4512 1655 4573 ὅτε

137 4596 212 4673 μὲν
225 4598 392 4679 ἔφευγε
406 4645 422 4670 ,
448 4600 538 4659 διὰ
561 4600 653 4673 τὴν
680 4601 897 4680 δύναμιν
917 4606 1090 4669 κακῶς
1107 4594 1209 4669 οἷός
1227 4604 1274 4661 τ’
1292 4593 1356 4674 ἦν
1373 4604 1538 4661 ποιεῖν
1559 4601 1653 4673 τὴν

140 4686 277 4773 ιπόλιν,
292 4688 464 4760 ἐπειδὴ
493 4689 547 4747 δὲ
563 4693 700 4766 ὑμᾶς
722 4689 1055 4762 ἐξαπατήσας
1082 4693 1311 4761 κατῆλθε
1339 4690 1429 4749 καὶ
1451 4691 1654 4749 πολλῶν

96 4793 126 4827 ¹¹¹
141 4772 234 4849 ἦρξε
257 4776 492 4855 τριήρων,
520 4776 640 4835 οὔτε
671 4776 790 4845 τοὺς
813 4778 1092 4856 πολεμίους
1115 4778 1328 4837 ἐδύνατο
1352 4779 1412 4836 ἐκ
1433 4781 1525 4847 τῆς
1547 4774 1654 4855 χώ-

145 4879 216 4936 ρας
245 4860 491 4941 ἐκὸαλεῖν,
528 4860 646 4923 οὔτε
675 4860 835 4932 Χίους
861 4862 947 4932 οὓς
979 4864 1244 4937 ἀπέστησε
1285 4864 1439 4922 πάλιν
1482 4864 1657 4943 φίλους

145 4950 352 5021 ποιῆσαι,
393 4950 510 5009 οὔτε
550 4951 678 5011 ἄλλο
717 4951 859 5011 οὐδὲν
903 4951 1096 5032 ἀγαθὸν
1135 4954 1271 5028 ὑμᾶς
1313 4950 1650 5031 ἐργάσασθαι.

154 5030 223 5107 (27)
252 5033 392 5094 Ὦστ’
427 5040 486 5097 οὐ
509 5038 744 5117 χαλεπὸν
767 5044 959 5119 γνῶναι
981 5038 1062 5098 ὅτι
1085 5036 1414 5110 Ἀλκιὸιάδης
1442 5039 1657 5115 δυνάμει

153 5118 224 5189 μὲν
244 5120 370 5180 οὐδὲν
389 5127 492 5183 τῶν
513 5126 686 5187 ἄλλων
715 5122 943 5211 διέφερε,
965 5126 1190 5208 πονηρίᾳ
1219 5124 1272 5185 δὲ
1301 5130 1404 5185 τῶν
1431 5126 1656 5185 πολιτῶν

153 5210 312 5281 πρῶτος
340 5201 416 5282 ἦν·
495 5212 554 5273 Ἃ
601 5213 696 5293 μὲν
727 5215 826 5296 γὰρ
867 5209 980 5297 ᾔδει
1026 5220 1128 5275 τῶν
1177 5212 1435 5295 ὑμετέρων
1483 5217 1656 5281 κακῶς

1007 421 1256 483 LYSIAE
1296 422 1602 485 CONTRA
1643 422 2120 487 ALCIBIADEM
2161 427 2283 488 OB.
2328 428 2379 489 1.

3091 514 3097 521 ι
3192 442 3295 495 ιοτ

1742 565 2171 629 modestissimum,
2198 568 2239 618 si
2268 579 2367 631 qua
2404 564 2591 619 ratione
2620 568 2781 631 posset
2818 568 3018 632 paterna
3045 570 3163 622 vitia
3185 584 3301 636 pro·

1743 661 1858 723 priis
1889 663 2155 715 virtutibus
2186 663 2375 727 eluere,
2410 664 2455 715 is
2488 664 2539 713 in
2576 666 2761 715 ceteros
2790 666 3169 717 contumeliosus
3201 680 3303 718 esse

1743 758 1941 821 satagit,
1981 760 2121 824 quasi
2158 760 2310 825 possit
2346 772 2545 812 suorum
2580 762 2753 813 saltem
2789 762 3077 827 flagitiorum
3112 764 3301 828 partem

1744 853 1957 917 aliquam
1978 855 2027 904 in
2044 854 2165 907 alios
2180 856 2464 919 transferre3
2528 856 2627 920 (3ο)
2648 858 2798 921 atque
2818 856 2890 907 sio
2922 868 2973 908 se
2992 857 3115 921 gerit
3149 870 3303 922 quum

1744 950 1808 1001 sit
1824 949 1953 1001 filius
1965 950 2222 1002 Alcibiadis
2236 950 2394 1015 istius,
2410 950 2497 1015 qui
2508 950 2883 1002 Lacedaemoniis
2897 954 3130 1015 persuasit
3144 955 3199 1003 ut
3214 956 3305 1005 De·

1745 1044 1925 1096 eeleam
1948 1044 2222 1109 munirent,
2246 1046 2297 1096 in
2324 1044 2507 1097 insulas
2530 1046 2774 1111 navigavit
2790 1046 2854 1097 ad
2874 1046 3191 1097 desectionem
3205 1048 3306 1099 sol-

1743 1142 2043 1207 licitaturus,
2078 1142 2283 1194 civitatis
2316 1156 2420 1193 suae
2453 1143 2582 1193 mala
2616 1142 3030 1195 exteros-edocuit
3044 1181 3060 1206 ,
3098 1145 3305 1209 denique

1745 1239 1921 1301 soepins
1937 1239 2105 1288 contra
2117 1236 2323 1301 patriam
2340 1250 2453 1287 cum
2466 1236 2685 1288 hostibus
2699 1236 2827 1289 bella
2838 1238 3009 1303 gessit,
3024 1252 3174 1303 quam
3192 1252 3304 1290 cum

1747 1334 1933 1385 civibus
1945 1334 2111 1385 contra
2124 1332 2304 1384 hostes.
2322 1336 2413 1383 Pro
2426 1333 2603 1396 quibus
2616 1333 2849 1385 universis
2864 1335 2914 1385 et
2926 1347 3015 1385 vos
3026 1335 3077 1385 et
3089 1336 3305 1401 posteros

1746 1430 1935 1479 vestros
1964 1428 2105 1479 decet
2138 1428 2307 1491 punire
2341 1440 2675 1491 quoscumque
2710 1427 2847 1479 istius
2878 1429 3063 1492 generis
3089 1430 3305 1485 homines

1746 1527 1876 1577 nacti
1895 1524 2095 1575 fueritis.
2163 1526 2263 1587 (31)
2289 1526 2511 1575 Attamen
2527 1524 2647 1574 illud
2666 1520 2937 1589 frequenter
2958 1527 3009 1576 in
3026 1540 3111 1577 ore
3132 1527 3275 1579 habet
3287 1564 3302 1589 ,

1745 1619 1947 1671 minime
1965 1632 2070 1671 esse
2092 1620 2469 1669 consentaneum
2486 1631 2537 1669 se
2548 1620 2745 1683 propter
2756 1620 2905 1683 patris
2921 1620 3119 1671 exilium
3136 1624 3306 1673 contra

1741 1716 1824 1779 ius
1841 1714 2062 1765 infamari
2078 1749 2094 1776 ,
2114 1726 2265 1776 quum
2285 1715 2417 1777 pater
2438 1712 2502 1763 ab
2520 1712 2665 1763 exilio
2682 1713 2838 1763 redux
2857 1714 3058 1779 praemia
3078 1728 3109 1767 a
3126 1718 3305 1781 populo

1746 1809 2004 1873 acceperit.
2067 1807 2183 1859 Mihi
2204 1818 2319 1857 vero
2342 1806 2606 1857 absurdum
2623 1806 2836 1871 videtur,
2858 1821 3011 1872 quum
3029 1810 3110 1860 ille
3123 1823 3152 1859 a
3168 1812 3305 1862 vobis

1745 1909 1965 1973 privatus
1988 1906 2051 1957 sit
2087 1906 2300 1970 praemiis
2331 1906 2563 1968 tanquam
2593 1907 2773 1970 praeter
2804 1907 2875 1957 las
2906 1907 3137 1971 decretis,
3176 1908 3307 1959 hunc

1745 2003 1929 2057 absolvi
1962 2004 2242 2065 nocentem,
2267 1999 2405 2064 quasi
2443 2000 2525 2050 ille
2548 1998 2609 2051 de
2632 2000 2876 2063 republica
2901 2002 3080 2066 optime
3098 2004 3163 2055 sit
3199 2017 3305 2056 me·

1745 2102 1883 2152 ritus.
1952 2100 2053 2163 (32)
2074 2102 2233 2158 Quum
2256 2098 2321 2148 ob
2339 2098 2432 2148 alia
2448 2098 2805 2161 quamplurima
2829 2099 2958 2149 hunc
2985 2102 3176 2164 oportet
3192 2115 3306 2152 con·

1745 2198 1961 2251 damnari
1977 2236 1992 2260 ,
2012 2197 2220 2261 judices,
2240 2198 2345 2245 tum
2363 2198 2559 2259 propter
2582 2195 2674 2245 hoc
2696 2196 2827 2259 quod
2854 2180 3026 2247 vestris
3048 2197 3306 2251 virtutibus

1744 2296 1962 2346 abutitur
1982 2297 2215 2358 tanquam
2248 2293 2481 2357 exemplis
2506 2292 2567 2343 ad
2591 2294 2839 2358 purganda
2862 2295 2937 2344 sui
2962 2295 3147 2358 generis
3170 2296 3303 2361 nagi-

1745 2394 1828 2444 tia.
1895 2392 2054 2445 Audet
2082 2393 2210 2443 enim
2234 2392 2419 2454 dicere,
2453 2391 2571 2441 nihil
2594 2392 2709 2441 mali
2740 2392 2985 2445 admisisse
3010 2394 3305 2447 Alcibiadem

1744 2502 1898 2553 quum
1916 2501 2051 2538 arma
2069 2488 2239 2537 contra
2256 2486 2602 2549 rempublicam
2626 2486 2738 2537 tulit
2759 2506 2775 2537 z
2838 2488 2935 2550 (33)
2956 2489 3133 2553 quippe
3150 2491 3199 2541 et
3216 2505 3305 2543 vos

1746 2593 1997 2645 exulantes
2036 2592 2217 2655 Phylen
2258 2602 2542 2655 occupasse,
2586 2590 2781 2642 arbores
2814 2593 3095 2657 succidisse,
3128 2596 3305 2647 moenia

1745 2706 2066 2757 oppugnasse;
2084 2692 2239 2756 iisque
2254 2692 2543 2743 facinoribus
2558 2692 2678 2743 nihil
2694 2693 2943 2746 dedecoris
2958 2696 3117 2749 liberis
3132 2702 3304 2751 vostris

1746 2796 2016 2859 reliquisse,
2048 2795 2132 2846 sed
2159 2795 2358 2858 gloriam
2390 2792 2515 2857 apud
2548 2804 2717 2846 omnes
2740 2795 2959 2849 homines
2988 2812 3301 2863 comparasse.

1745 2895 1891 2955 Quasi
1910 2894 2079 2945 eodem
2101 2894 2153 2944 in
2187 2894 2295 2959 loco
2318 2896 2476 2944 essent
2497 2894 2705 2945 habendi
2730 2895 2763 2945 ii
2789 2898 2872 2960 qui
2892 2898 3001 2949 sacti
3026 2902 3192 2953 exules
3208 2914 3304 2953 nna

1744 3010 1857 3045 cum
1882 2993 2100 3044 hostibus
2120 2994 2327 3043 Atticam
2355 2992 2657 3055 invaserunt,
2680 2995 2730 3044 et
2758 2994 2793 3044 ii
2816 2999 2900 3059 qui
2923 2995 3121 3048 domum
3147 3000 3301 3051 redie-

1745 3094 1860 3143 runt
1882 3089 2253 3143 Lacedaemoniis
2284 3092 2453 3141 urbem
2474 3092 2819 3143 obtinentibus.
2902 3094 3000 3157 (34)
3024 3096 3086 3145 Et
3117 3094 3165 3145 id
3190 3110 3306 3148 sane

1743 3200 1969 3251 omnibus
1987 3198 2295 3249 manifestum
2317 3210 2421 3249 esse
2436 3196 2629 3260 judico,
2653 3198 2772 3247 istos
2788 3198 2995 3249 reditum
3020 3202 3229 3251 tentasse
3248 3203 3306 3253 ut

1744 3301 1888 3351 maris
1905 3300 2159 3365 imperium
2178 3299 2552 3351 ucedoemouiis
2569 3299 2843 3363 traderent,
2863 3302 2911 3352 et
2940 3302 3031 3365 ipsi
3048 3303 3185 3355 vobis
3210 3304 3304 3355 im-

1743 3402 1990 3467 perareut3
2011 3401 2129 3451 dum
2152 3402 2319 3452 contra
2341 3400 2497 3452 redux
2512 3400 2613 3464 ipse
2644 3402 2851 3465 populus
2880 3406 2933 3453 et
2950 3402 3110 3455 hostes
3135 3404 3302 3469 ejecit,

1745 3507 1793 3557 et
1815 3506 1994 3557 civium
2018 3508 2161 3557 etiam
2190 3519 2273 3557 eos
2292 3504 2377 3570 qni
2395 3506 2679 3557 servitutem
2702 3508 3017 3572 expetebant,
3047 3509 3097 3558 in
3114 3509 3304 3561 liberta·

1745 3611 1842 3657 tom
1861 3608 2141 3658 vindicavit.
2207 3608 2510 3670 Quapropter
2532 3607 2622 3658 iste
2648 3621 2729 3660 res
2759 3612 3008 3673 comparat
3024 3610 3164 3675 longe
3181 3611 3306 3663 inter

1744 3719 1795 3755 se
1813 3704 2080 3755 dissimiles.
2150 3704 2249 3767 (35)
2276 3706 2338 3755 At
2354 3718 2509 3768 quum
2540 3706 2614 3754 tot
2632 3705 2877 3767 tantaeque
2893 3706 3191 3758 calamitates
3215 3708 3305 3759 sibi

1745 3804 2101 3863 adhoeraecant‚
2126 3803 2186 3853 de
2202 3803 2354 3867 patris
2383 3802 2600 3867 nequitia
2630 3802 2942 3854 nihilominus
2972 3804 3223 3869 gloriatur,
3254 3810 3307 3859 et

1745 3909 1880 3957 illum
1897 3907 2127 3971 praedicat
2142 3908 2335 3957 tantum
2352 3906 2563 3970 potuisse
2575 3942 2590 3967 ,
2610 3906 2667 3955 ut
2692 3918 2821 3957 unus
2850 3906 3126 3973 reipublicae
3145 3910 3305 3961 omnia

1747 4006 1872 4055 mala
1893 4005 2128 4055 intulerit.
2195 4003 2421 4056 Attamen
2432 4004 2542 4067 quis
2554 4008 2627 4053 est
2640 4016 2741 4053 suae
2760 4003 2925 4066 patr-ite
2946 4004 3067 4054 adeo
3086 4006 3303 4070 ignarus,

1744 4106 1828 4169 qui
1845 4142 1860 4168 ,
1887 4106 1929 4155 si
1964 4104 2211 4168 improbus
2244 4118 2347 4155 esse
2376 4105 2519 4167 velit,
2544 4107 2754 4168 nequeat
2786 4104 3003 4156 hostibus
3040 4106 3307 4170 significare

1745 4216 1856 4265 quae
1880 4202 1987 4251 loca
2006 4200 2101 4252 sint
2116 4201 2423 4265 occupanda,
2444 4202 2821 4251 commonstrare
2841 4214 3065 4265 quoenam
3084 4204 3305 4267 praesidia

1747 4305 1906 4356 minus
1924 4300 2084 4351 valide
2106 4300 2404 4363 muniantur,
2430 4298 2603 4351 docere
2623 4314 2721 4363 qua
2750 4302 2886 4381 parte
2912 4300 3117 4364 publicae
3137 4316 3215 4353 res
3230 4303 3304 4353 la-

1741 4384 1916 4465 borent
1934 4450 1949 4475 ,
1968 4412 2179 4463 indicare
2197 4413 2349 4463 socios
2363 4412 2447 4475 qui
2465 4411 2527 4462 ad
2540 4412 2854 4463 defectionem
2876 4412 3137 4465 inclinent?
3203 4416 3302 4481 (36)

1744 4520 1911 4581 Neque
1928 4517 2056 4567 enim
2078 4515 2190 4578 ille,
2222 4514 2340 4564 dum
2362 4515 2413 4564 in
2438 4514 2583 4565 exilio
2604 4514 2719 4576 fuit,
2748 4515 2793 4565 is
2810 4517 2916 4565 erat
2950 4514 3037 4578 qui
3066 4528 3151 4579 per
3168 4528 3306 4566 suam

1745 4618 2007 4684 potentiam
2047 4616 2235 4667 civitati
2274 4617 2497 4677 noceret3
2533 4616 2585 4665 et
2626 4616 2884 4679 postquam
2923 4614 3061 4666 vobis
3094 4614 3309 4681 deceptis

1745 4718 1887 4772 rediit
1909 4718 2139 4779 domum,
2162 4716 2423 4779 multisque
2451 4712 2731 4766 triremibus
2754 4712 2974 4775 praeruit,
3010 4724 3168 4775 neque
3186 4716 3305 4764 tunc

1745 4820 1901 4884 potuit
1934 4818 2095 4868 hostes
2118 4830 2179 4867 ex
2218 4815 2391 4866 tinibus
2422 4827 2674 4877 amovere,
2708 4825 2866 4876 neque
2902 4812 3073 4875 chios,
3097 4826 3307 4877 quorum

1745 4923 1931 4971 animos
1952 4919 2336 4982 abalienaverat,
2360 4930 2527 4968 rursus
2563 4914 2794 4967 reducere
2816 4917 2866 4967 in
2896 4916 3097 4979 gratiam
3114 4953 3129 4978 ‚
3150 4928 3306 4978 neque

1747 5024 2011 5089 quidquam
2029 5022 2144 5073 boni
2174 5019 2311 5071 vobis
2334 5020 2524 5069 alserre.
2592 5020 2691 5082 (37)
2716 5016 2852 5068 Unde
2881 5029 2978 5066 non
2999 5014 3194 5066 difficile
3234 5019 3307 5065 est

1743 5124 1959 5187 iudicatu
1976 5161 1989 5185 ,
2018 5122 2321 5174 Alcibiadem.
2335 5118 2548 5183 potentia
2564 5117 2745 5169 nemini
2765 5115 3069 5166 antecessisse
3083 5151 3099 5178 ,
3122 5113 3305 5177 impro-

1749 5217 1898 5270 bitate
1936 5232 2049 5269 vero
2088 5218 2267 5267 civium
2308 5216 2451 5265 fuisse
2486 5214 2713 5277 primum.
2804 5214 3141 5273 Quascumque
3175 5207 3301 5258 enim
