3825 5842
529 453 642 507 210

1395 433 1890 499 ῙΣΟΚΡΑΤΟΥΣ
1932 433 1983 492 0
2028 427 2212 492 ΠΕΡΙ
2257 429 2772 494 ΑΝΤΙΔΟΣΕΩΣ.

525 575 690 646 δεῖξαι
710 571 1055 657 προειλόμην,
1077 573 1178 652 οὐχ
1201 573 1272 639 ὥς
1301 571 1489 653 ἄριστα
1510 573 1616 630 τῶν
1641 570 1836 630 λοιπῶν
1853 588 2090 648 γεγραμ-
2114 587 2151 630 e
2174 583 2318 624 conss
2342 573 2483 624 vobis
2498 573 2645 624 etiam
2660 585 2791 624 nunc
2808 585 2915 625 eum
2936 573 3189 626 ostendere
3208 574 3448 639 constitui,
3470 589 3551 627 non
3569 579 3669 642 quod

527 665 703 744 με’νον,
725 665 839 724 ἀλλ’
863 665 935 732 ὡς
957 667 1018 724 ἐκ
1037 661 1220 722 τούτου
1245 661 1480 740 μάλιστα
1502 657 1717 742 φανερὸς
1746 657 2088 739 γενησόμενος
2174 667 2301 718 inter
2322 670 2511 720 ceteras
2528 668 2829 720 ornatissime
2856 669 3035 733 scripta
3052 668 3143 730 sit,
3160 669 3243 719 sed
3258 668 3379 733 quod
3396 681 3451 719 ex
3467 683 3515 718 ea
3533 671 3671 734 optime

526 753 583 816 ὃν
603 753 793 836 τρόπον
814 752 1044 831 εἴθισμαι
1073 751 1164 811 καὶ
1186 759 1292 818 τοῖς
1319 747 1548 816 ἰδιώταις
1565 749 1658 808 καὶ
1682 755 1788 815 τοῖς
1815 746 2089 813 δυνάσταις

528 842 862 917 πλησιάζειν·
945 841 1035 923 (70)
1066 840 1372 924 φανήσομαι
1394 839 1496 922 γὰρ
1529 838 1658 920 πρὸς
1691 837 1847 897 αὐτὸν
1881 833 2090 896 {zenot-

2178 763 2399 825 cognosci
2440 768 2613 828 queat,
2633 777 2731 827 quo
2766 765 2909 828 pacto
2928 765 2978 813 et
3010 775 3123 813 cum
3146 761 3339 826 privatis
3376 762 3607 814 hominibus
3635 771 3673 817 et

2180 867 2290 904 eum
2310 856 2610 920 principibus
2630 855 2749 906 viris
2767 869 2907 919 agere
2927 855 3127 905 soleam.
3194 855 3293 918 (7ο)
3314 855 3427 904 Hinc
3442 853 3549 904 enim
3568 868 3671 919 appa·

422 943 630 1016 3439‘05
651 933 743 994 καὶ
760 937 852 1005 τῆς
873 931 1074 1000 πόλεως
1091 930 1244 1000 ἀξίως
1264 927 1606 1008 διειλεγμένος
1619 971 1638 1007 ,
1663 927 1754 987 καὶ
1773 929 1830 986 Οὖ
1851 925 1937 985 τὸν
1959 923 2092 986 ἐκεί*
2113 942 2149 985 ἃ
2178 947 2304 998 rebit
2323 962 2404 1000 me
2425 949 2571 1000 libere
2594 951 2643 1000 et
2660 963 2687 1000 e
2712 949 2941 1012 dignitate
2959 949 3142 998 nostrae
3166 947 3368 998 civitatis
3386 961 3484 997 cnm
3500 959 3549 998 eo
3562 947 3671 998 disse

530 1044 614 1082 νου
646 1023 868 1082 πλοῦτον
899 1019 1014 1080 οὐδὲ
1057 1019 1152 1093 τὴν
1199 1018 1416 1097 δύναμιν
1447 1017 1772 1099 θεραπεύων,
1807 1013 1947 1075 ἀλλὰ
1988 1015 2093 1084 τοῖς

527 1110 834 1192 ἀρχομένοις
866 1107 1172 1188 ἐπαμύνων,
1219 1107 1310 1168 καὶ
1357 1106 1772 1188 παρασκευάζων
1818 1106 1934 1166 καθ’
1971 1102 2091 1164 ὅσον

527 1198 799 1279 ἠδυνάμην
837 1198 933 1272 τὴν
964 1196 1230 1258 πολιτείαν
1261 1199 1433 1265 αὐτοῖς
1459 1201 1528 1265 ὡς
1562 1187 1728 1256 οἷόντε
1758 1193 2082 1277 πραοτάτην.

525 1286 702 1350 Ὅπου
747 1287 801 1347 δὲ
845 1289 1050 1368 βασιλεῖ
1087 1285 1452 1366 διαλεγόμενος
1489 1283 1618 1367 ὑπὲρ
1645 1291 1734 1344 τοῦ
1779 1284 1947 1362 δήμου
1977 1280 2092 1350 τοὺς

449 1398 502 1441 10
524 1375 706 1456 λόγους
729 1376 1032 1456 ἐποιούμην,
1061 1369 1199 1450 ἦπου
1226 1385 1332 1443 τοῖς
1359 1377 1412 1434 ἐν
1443 1373 1778 1458 δημοκρατία
1814 1375 2091 1433 πολιτευο-

530 1466 702 1546 μένοις
729 1465 905 1549 σφόδρ’
941 1465 1002 1525 ἃν
1039 1463 1537 1546 παρακελευσαίμην
1576 1463 1638 1523 τὸ
1677 1466 1874 1535 πλῆθος
1921 1468 2090 1546 θερα-

526 1555 725 1616 πεύειν.
811 1556 899 1633 (71)
925 1554 1020 1615 Ἐν
1038 1553 1133 1632 μὲν
1154 1545 1240 1614 οὖν
1261 1557 1336 1636 τῷ
1359 1551 1616 1636 προοιμίῳ
1638 1551 1850 1620 καὶτοῖς
1868 1551 2092 1632 πρώτοις

527 1644 824 1723 λεγομένοις
840 1646 1065 1721 ἐπιτιμῶ
1085 1647 1198 1711 ταῖς
1219 1641 1548 1725 μοναρχίαις,
1567 1642 1647 1701 ὅτι
1667 1641 1778 1702 δέον
1796 1640 1981 1710 αὐτοὺς
1998 1640 2093 1714 τὴν

527 1734 772 1814 φρόνησιν
801 1733 975 1792 ἀσκεῖν
1011 1734 1210 1810 μᾶλλον
1236 1735 1339 1790 τῶν
1371 1731 1566 1804 ἄλλων,
1605 1733 1653 1791 οἱ
1682 1730 1735 1790 δὲ
1762 1739 1940 1813 χεῖρον
1968 1754 2095 1790 παι-

455 1838 505 1879 15
531 1821 766 1882 δεύονται
787 1825 890 1880 τῶν
917 1823 1154 1882 ἰδιωτῶν.
1187 1821 1493 1900 Διαλεχθεὶς
1521 1819 1576 1879 δὲ
1605 1820 1728 1901 περὶ
1752 1819 1967 1894 τούτων,
1990 1844 2095 1879 πα-

532 1915 692 1992 ραινῶ
731 1914 807 1992 τῷ
837 1911 1090 1971 Νικοκλεῖ
1119 1908 1193 1987 μὴ
1230 1913 1480 1990 ῥᾳθυμεῖν
1508 1909 1650 1986 μηδ’,
1676 1906 1854 1992 ὥσπερ
1878 1908 2097 1993 ἱερωσύ-

528 2022 621 2072 νην
657 1999 907 2080 εἰληφότα
933 1997 1030 2071 τὴν
1073 1997 1363 2079 βασιλείαν,
1387 1997 1523 2057 οὕτω
1549 1995 1647 2068 τὴν
1687 1997 1902 2078 γνώμην
1934 1998 2098 2081 ἔχειν,

531 2087 667 2148 ἀλλὰ
695 2092 800 2148 τῶν
832 2089 1028 2162 ἡδονῶν
1054 2087 1393 2166 ἀμελήσαντα
1428 2087 1708 2170 προσέχειν
1733 2087 1820 2147 τὸν
1843 2094 1963 2148 νοῦν
1993 2097 2099 2157 τοῖς

529 2177 855 2260 πράγμασιν.
943 2180 1030 2258 (72)
1059 2178 1349 2260 Ἐπιχειρῶ
1379 2175 1434 2236 δὲ
1459 2177 1549 2236 καὶ
1580 2183 1736 2238 τοῦτο
1771 2176 1967 2238 πείθειν
2002 2180 2099 2238 αὗ-

2182 1044 2355 1107 ruisse,
2370 1056 2461 1095 nec
2477 1043 2659 1095 divitiis
2679 1044 2807 1095 illius
2825 1059 2915 1096 nec
2932 1044 3160 1108 potentiae
3172 1043 3451 1105 adulantem,
3466 1041 3537 1092 sed
3553 1041 3674 1106 populi

2182 1153 2375 1190 causam
2402 1139 2555 1204 egisse
2582 1143 2632 1190 et
2656 1139 3047 1204 gubernationem
3070 1152 3219 1204 quem
3236 1137 3336 1188 fieri
3360 1136 3499 1203 potuit
3517 1136 3551 1188 ei
3568 1136 3671 1188 lenis·
3750 1155 3752 1222 ἶ

2180 1234 2370 1297 simam,
2389 1234 2690 1298 quantumin
2713 1248 2793 1288 me
2808 1235 3007 1299 quidem
3028 1235 3139 1298 suit,
3166 1235 3471 1286 constituisse.
3554 1238 3675 1292 Quum
3751 1295 3752 1300 ἵ

2180 1330 2345 1379 autem
2368 1342 2481 1379 cum
2513 1342 2624 1392 rege
2658 1342 2807 1393 agens
2835 1329 3015 1394 populo
3052 1330 3151 1382 sim
3184 1329 3508 1393 patrocinatus,
3544 1331 3677 1392 quanto
3751 1325 3752 1354 ⁴

2180 1421 2331 1485 magis
2348 1422 2397 1472 in
2416 1422 2635 1487 populan'
2658 1423 2960 1474 versantibus
2986 1421 3230 1488 republica
3260 1423 3459 1476 hortator
3488 1425 3531 1470 et
3558 1425 3677 1470 auctor
3751 1449 3752 1484 3

2108 1545 2154 1610 b
2184 1517 2277 1566 sim
2300 1515 2515 1568 colendoe
2542 1517 2901 1568 multitudinis?
2962 1519 3008 1581 (7
3017 1518 3063 1581 t)
3100 1521 3261 1582 Atque
3278 1517 3328 1566 in
3345 1514 3517 1567 exordio
3534 1514 3675 1578 quidem
3750 1529 3752 1608 j

2182 1612 2233 1658 et
2282 1608 2438 1671 primo
2471 1609 2621 1659 veluti
2664 1609 2833 1660 limine
2874 1611 3107 1661 orationis
3147 1609 3434 1674 reprebendo
3472 1609 3673 1672 principa.

2186 1702 2297 1766 qui,
2320 1717 2475 1768 quum
2498 1703 2719 1756 excolere
2758 1707 2969 1756 mentem
3000 1710 3053 1756 et
3082 1705 3327 1769 ingenium
3356 1716 3549 1755 exercere
3566 1702 3675 1764 magis
3751 1713 3752 1734 ³

2184 1808 2331 1859 quiam
2352 1797 2436 1848 alii
2450 1797 2708 1861 deberent,
2728 1799 2867 1863 pejns
2884 1799 3095 1851 instituti
3112 1801 3212 1851 sint
3232 1799 3493 1850 bominibus
3510 1797 3673 1860 privatis.

2190 1891 2259 1940 Ea
2292 1889 2616 1954 disputatione
2654 1891 2903 1955 absoluta,
2944 1893 3191 1944 Nicocle-
3224 1905 3391 1943 moneo
3420 1905 3477 1942 ne
3502 1887 3675 1940 socordia
3750 1915 3752 1952 ἑ

2186 1982 2455 2049 indulgeat,
2485 1999 2609 2037 neve
2636 1999 2696 2038 eo
2726 1988 2886 2038 animo
2908 1987 2996 2049 sit,
3028 1987 3171 2052 quasi
3200 2001 3391 2050 regnum
3420 1992 3605 2050 tanquam
3622 1997 3675 2032 sa-
3750 2007 3752 2034 l

2186 2075 2449 2127 cerdotium
2475 2079 2795 2144 suscepisset,
2820 2080 2909 2131 sed
2926 2084 2983 2131 ut
3000 2082 3184 2145 spretis
3206 2079 3505 2145 voluptatibus
3518 2079 3675 2129 animum
3750 2111 3752 2162 ξ

2184 2170 2330 2221 rebus
2356 2172 2575 2234 gerendis
2604 2173 2839 2224 intendat.
2936 2173 3039 2240 (72)
3072 2175 3203 2226 Illud
3224 2175 3365 2226 etiam
3386 2174 3427 2224 ei
3457 2171 3676 2238 persuadere
3751 2177 3752 2192 *

449 2287 503 2328 πο
528 2267 635 2344 τόν,
665 2271 736 2336 ὥς
760 2266 865 2350 χρὴ
895 2267 1057 2328 δεινὸν
1081 2267 1326 2345 νομίζειν,
1360 2267 1484 2327 ὅταν
1508 2270 1608 2350 δρᾷ
1633 2265 1752 2338 τοὺς
1775 2267 1870 2347 μὲν
1893 2267 2100 2350 χείρους
2122 2285 2159 2329 c
2184 2281 2350 2354 conor,
2375 2281 2479 2318 rem
2500 2268 2898 2320 absurdissimam
2930 2283 3037 2321 esse
3058 2269 3448 2333 existimandum,
3472 2268 3509 2318 si
3532 2265 3675 2318 deterio-
3751 2289 3752 2324 3

529 2361 634 2418 τῶν
656 2357 931 2438 βελτιόνων
953 2357 1208 2441 ἄρχοντας
1222 2357 1312 2418 καὶ
1325 2355 1442 2426 τοὺς
1462 2357 1827 2439 ἀνοητοτέρους
1843 2367 1950 2427 τοῖς
1972 2381 2097 2442 φρο-

529 2447 830 2530 νιμωτιίροις
857 2449 1307 2529 προστάττοντας,
1337 2445 1504 2526 λέγων
1535 2451 1604 2516 ὡς
1632 2446 1740 2529 ὅσῳ
1767 2472 1867 2531 περ
1907 2446 1971 2508 ἂν
2012 2451 2095 2529 ἐρ-

533 2537 915 2620 ρωμενέστερον
932 2536 1026 2610 τὴν
1052 2541 1155 2597 τῶν
1181 2536 1352 2596 ἄλλων
1376 2537 1553 2598 ἄνοιαν
1575 2537 1808 2619 ἀτιμάσῃ
1823 2583 1839 2612 ,
1863 2535 2098 2619 τοσούτω

533 2629 733 2706 μᾶλλον
761 2626 856 2700 τὴν
893 2630 1078 2686 ἑαυτοῦ
1103 2625 1331 2685 διάνοιαν
1356 2625 1594 2699 ἀσκήσει.
1626 2626 1993 2706 Ποιησάμενος
2012 2617 2099 2684 οὖν

454 2729 507 2770 2⁵
533 2713 704 2798 ἀρχὴν
721 2715 787 2789 ἢν
813 2714 918 2794 ἐγὼ
937 2715 1204 2790 τελευτήν,
1226 2713 1486 2795 ἀνάγνωθι
1508 2715 1598 2777 καὶ
1621 2713 1806 2778 τούτου
1823 2721 1914 2777 τοῦ
1942 2713 2097 2796 λόγου

533 2802 594 2863 τὸ
614 2803 793 2866 λοιπὸν
819 2803 974 2888 μέρος
993 2805 1185 2872 αὐτοῖς.

882 2943 966 2994 ΕΚ
997 2945 1120 2996 ΤΟΥ
1151 2943 1316 2995 ΠΡΟΣ
1347 2944 1693 2996 ΝΙΚΟΚΛΕΑ.

595 3062 675 3118 73.
709 3063 928 3114 Μάλιστα
945 3063 988 3114 δ’
1001 3064 1058 3114 ἂν
1073 3063 1210 3122 αὐτὸς
1226 3065 1318 3115 ὑπὸ
1332 3070 1508 3115 σαυτοῦ
1519 3063 1876 3131 παρακληθείης,
1895 3066 1936 3115 εἰ
1955 3065 2101 3117 δεινὸν

533 3137 738 3199 ἡγήσαιο
754 3137 860 3193 τοὺς
873 3136 1054 3201 χείρους
1075 3141 1168 3185 τῶν
1189 3137 1434 3200 βελτιόνων
1454 3137 1611 3202 ἄρχειν
1634 3136 1839 3196 καὶτοὺς
1858 3136 2102 3198 ἀνοητοτέ-

453 3210 508 3254 80
533 3225 638 3274 ρους
653 3213 749 3265 τοῖς
770 3208 1120 3274 φρονιμωτέροις
1140 3208 1459 3274 προστάττειν·

535 3311 693 3395 μέχρι
721 3317 813 3374 τοῦ

597 3439 770 3502 Σοφοὺς
787 3437 941 3502 νόμιζε
965 3439 1029 3501 μή
1051 3438 1157 3495 τοὺς
1175 3439 1278 3502 περὶ
1300 3443 1474 3504 μικρῶν
1494 3438 1694 3504 ὰκριὸῶς
1710 3439 1937 3506 ἐρίζοντας
1949 3476 1964 3503 ,
1983 3439 2102 3492 ἀλλὰ

534 3509 640 3568 τοὺς
660 3509 711 3559 εὖ
729 3512 832 3575 περὶ
851 3515 944 3559 τῶν
970 3510 1200 3574 μεγίστων
1217 3511 1446 3575 λέγοντας.
1525 3515 1638 3578 Χρῶ
1655 3517 1752 3570 τοῖς
1771 3513 2023 3578 εἰρημένοις
2036 3549 2051 3578 ,
2069 3515 2101 3573 ἢ

537 3582 659 3644 ζήτει
687 3583 855 3648 βελτίω
875 3583 1072 3633 τούτων.

455 3697 510 3750 tls
619 3703 692 3749 ⁷4.
737 3688 860 3748 Τῶν
893 3683 988 3765 μὲν
1016 3685 1184 3746 τοίνυν
1208 3684 1379 3767 λόγων
1405 3685 1518 3756 ἅλις
1545 3690 1671 3767 ἡμῖν
1692 3687 1828 3749 ἔστω
1849 3691 1954 3750 τῶν
1982 3691 2103 3750 ἂνα-

535 3773 966 3855 γιγνωσκομένων
1016 3775 1108 3835 καὶ
1160 3778 1438 3850 τηλικοῦτο
1494 3781 1658 3856 μῆκος
1696 3777 1941 3858 ἐχόντων·
1989 3779 2103 3840 ἐπεὶ

539 3869 725 3945 μικροῦ
773 3887 834 3944 γε
884 3863 1070 3946 μέρους
1109 3869 1213 3926 τῶν
1262 3865 1430 3926 πάλαι
1465 3865 1844 3947 γεγραμμένων
1893 3870 1989 3928 οὐκ
2036 3867 2100 3928 ἂν

537 3952 892 4034 ἀποσχοίμην,
935 3953 1053 4013 ἀλλ’
1095 3953 1290 4033 εἴποιμ’
1329 3952 1394 4015 ἂν
1435 3954 1483 4014 εἴ
1506 3956 1560 4015 τί
1585 3979 1675 4034 μοι
1702 3954 1860 4026 δόξειε
1899 3953 2101 4039 πρέπον

537 4032 670 4102 εἶναι
697 4046 774 4124 τῷ
813 4043 1034 4126 παρόντι
1062 4049 1248 4125 καιρῷ·
1281 4044 1372 4104 καὶ
1408 4043 1510 4126 γὰρ
1557 4043 1620 4104 ἂν
1663 4044 1854 4113 ἄτοπος
1893 4045 2024 4122 εἴην,
2054 4049 2100 4107 εἰ

457 4151 513 4193 ⁴0
538 4128 657 4199 τοὺς
697 4130 886 4200 ἄλλους
903 4136 1038 4213 ὁρῶν
1055 4140 1163 4201 τοῖς
1190 4134 1334 4212 ἐμοῖς
1351 4133 1650 4215 χρωμένους
1670 4133 1773 4214 ἐγὼ
1797 4134 1950 4213 μόνος
1972 4139 2105 4196 ἀπε-

537 4218 732 4300 χοίμην
749 4223 852 4280 τῶν
863 4223 969 4301 ’,ὑπ’
989 4224 1118 4300 ἐμοῦ
1142 4221 1392 4305 πρότερον
1415 4224 1718 4305 εἰρημένων,
1747 4223 1919 4294 ἄλλως
1938 4249 1997 4286 τε
2014 4225 2105 4286 καὶ

537 4313 627 4367 νῦν
647 4305 720 4366 ὅτ’
741 4310 798 4367 οὖ
825 4308 980 4388 μόνον
1003 4315 1205 4394 μικροῖς
1227 4310 1436 4393 μέρεσιν
1457 4315 1574 4372 ἀλλ’
1597 4313 1735 4381 ὅλοις
1749 4313 1906 4374 εἴδεσι
1928 4339 2103 4396 προει-

539 4395 708 4473 λόμην
736 4403 966 4478 χρῆσθαι
991 4400 1118 4481 πρὸς
1150 4403 1307 4479 ὑμᾶς.
1395 4405 1582 4464 Ταῦτα
1616 4402 1710 4483 μὲν
1739 4393 1848 4484 οἶν,
1877 4403 2018 4475 ὅπως
2040 4404 2105 4467 ἂν

539 4483 668 4562 ἡμῖν
689 4485 962 4566 συμπίπτῃ
980 4532 997 4561 ,
1027 4488 1336 4568 ποιήσομεν.
1986 4506 1993 4514 ’

447 4589 516 4662 ustt
618 4590 691 4634 7³.
735 4563 903 4635 Εἶπον
927 4575 986 4634 δέ
1011 4599 1145 4653 που,
1183 4579 1307 4660 πρὶν
1351 4580 1832 4662 ἀναγιγνώσκεσθαι
1861 4581 2102 4660 τούτους,

539 4665 609 4729 ὣς
633 4660 770 4731 ἄξιος
793 4663 904 4736 εἴην
923 4666 980 4724 οὗ
1001 4665 1236 4743 μόνον,ἐί
1259 4669 1530 4751 βλαὸεροῒς
1546 4674 1761 4752 χρῶμαι
1786 4682 1891 4740 τοῖς
1913 4674 2102 4753 λόγοις,
2156 4693 2163 4699 ·

541 4749 716 4810 δοῦναι
740 4751 889 4826 δίκην
908 4756 1050 4832 ὑμῖν,
1077 4756 1196 4815 ἀλλ’
1225 4759 1270 4815 εἷ
1296 4757 1373 4835 μὴ
1397 4757 1642 4828 τοιούτοις
1665 4759 1789 4828 οἵοις
1809 4762 1975 4830 οὐδεὶς
2003 4761 2105 4820 ἄλ-

539 4837 627 4907 λος
643 4885 659 4918 ,
673 4845 765 4912 τῆς
784 4842 1033 4920 μεγίστης
1050 4849 1229 4924 τυχεῖν
1251 4846 1520 4926 τιμωρίας.
1607 4847 1676 4909 Εἴ
1687 4873 1820 4918 τινες
1841 4841 1931 4910 οὗν
1956 4853 2105 4928 ὑμῶν

541 4927 804 4990 ὕπέλαὸον
827 4931 942 4991 τότε
957 4931 1074 4992 λίαν
1090 4934 1392 5004 ἀλαζονικὸν
1413 4925 1542 4993 εἶναι
1565 4935 1654 4994 καὶ
1679 4936 1816 5016 μέγα
1842 4937 1900 4997 τὸ
1922 4937 2104 5020 ῥηθέν,

461 5040 514 5085 ω
541 5019 635 5076 οὒκ
663 5017 725 5077 ἂν
761 5021 971 5090 δικαίως
999 5021 1077 5082 ἔτι
1108 5021 1204 5096 τὴν
1231 5023 1447 5103 γνώμην
1482 5023 1679 5098 ταύτην
1722 5025 1909 5105 ἔχοιεν·
1954 5018 2104 5104 οἶμαι

541 5104 642 5186 γὰρ
667 5109 1055 5170 ἀποδεδωκέναι
1094 5110 1188 5184 τὴν
1229 5111 1513 5194 ὑπόσχεσιν
1543 5113 1632 5172 καὶ
1680 5112 1937 5184 τοιούτους
1972 5107 2107 5177 εἶναι

543 5217 662 5256 τους
698 5195 881 5276 λόγους
919 5199 1036 5268 τοὺς
1072 5202 1492 5280 ἂναγνωσθέντας
1522 5199 1657 5273 οἵους
1696 5226 1796 5285 περ
1834 5203 1885 5274 ἐξ
1940 5206 2108 5286 ἀρχῆς

543 5285 828 5362 ὑπεθέμην.
912 5286 1000 5366 (76)
1028 5287 1299 5368 Βούλομαι
1321 5292 1366 5350 δ’
1391 5294 1512 5368 ὑμῖν
1537 5291 1622 5351 διὰ
1644 5291 1884 5374 βραχέων
1909 5295 2107 5356 ἀπολο-

2187 2374 2263 2410 res
2285 2374 2396 2412 eum
2414 2361 2617 2426 imperio
2630 2376 2835 2426 praeesse
2850 2361 3009 2414 videat
3029 2364 3448 2428 praestantioribus,
3462 2376 3511 2412 ae
3523 2360 3675 2427 pruden-

2186 2455 2388 2506 tioribus
2428 2455 2542 2506 dare
2578 2457 2807 2508 mandata
2849 2458 3128 2521 stultiores,
3158 2462 3303 2522 atque
3336 2471 3482 2509 assero
3514 2456 3591 2506 sore
3618 2455 3674 2516 nt,
3751 2441 3752 2482 ἓ

2187 2547 2371 2608 quanto
2393 2544 2546 2609 magis
2566 2545 2770 2597 aliorum
2801 2546 3041 2598 inscitiam
3062 2543 3365 2611 contemnat,
3390 2549 3510 2597 tanto
3534 2543 3675 2606 diligen·

2188 2633 2286 2684 tius
2304 2634 2550 2698 ingenium
2568 2650 2713 2687 suum
2742 2639 2982 2688 exerceat.
3006 2639 3158 2688 Facto
3178 2638 3318 2700 igitur
3336 2636 3461 2686 initio
3475 2634 3528 2685 ab
3543 2635 3589 2684 iis
3599 2645 3677 2696 quae

2188 2725 2429 2788 postrema
2450 2725 2617 2790 posui,
2645 2726 2789 2778 recita
2806 2726 3111 2778 auditoribus
3142 2726 3289 2791 huius
3308 2739 3483 2792 quoque
3507 2721 3678 2775 orationis

2190 2819 2377 2876 partem
2393 2813 2641 2880 reliquam.

2496 2943 2582 2993 Ex
2615 2944 2935 2995 ottanum:
2966 2945 3051 2994 AD
3086 2944 3422 2996 NlcocLEu.

2254 3060 2331 3108 73.
2370 3075 2395 3102 σι
2432 3056 2514 3108 sie
2546 3071 2663 3109 vero
2702 3071 2733 3108 a
2766 3061 2915 3110 temet
2952 3059 3057 3124 ipse
3087 3059 3301 3110 maxime
3338 3053 3622 3114 cohortabere,
3650 3047 3677 3098 εἰ

2190 3143 2455 3196 absurdum
2476 3159 2584 3198 esse
2602 3146 2795 3199 duxeris
2806 3147 3065 3200 deteriores
3086 3146 3483 3214 praestantionbus
3500 3137 3678 3194 domimi

2192 3236 2243 3286 et
2264 3235 2529 3287 stolidiores
2546 3236 2934 3300 prudentioribus
2946 3238 3210 3304 imperare,
3232 3259 3259 3284 ι·
3278 3238 3327 3304 (ς
3344 3238 3415 3302 14)

2254 3339 2405 3389 usque
2422 3325 2485 3376 sd
2504 3327 2611 3377 liaee
2636 3341 2651 3376 ε

2257 3451 2281 3476 α
2299 3433 2547 3498 Sapientes
2559 3432 2778 3485 existima
2796 3447 2889 3486 non
2908 3447 2993 3486 eos
3011 3435 3097 3499 qui
3116 3434 3181 3488 de
3198 3435 3341 3486 rebus
3356 3428 3532 3483 minutis
3542 3426 3679 3478 eurinoe

2191 3509 2423 3576 rixentur,
2444 3513 2529 3562 sed
2560 3513 2644 3576 qui
2666 3512 2729 3563 de
2770 3513 2997 3572 maximis
3027 3513 3178 3564 rebus
3208 3511 3385 3577 egregie
3409 3510 3564 3559 dieunt.
3610 3505 3680 3552 Aut

2188 3592 2325 3644 utere
2343 3595 2592 3657 praeceptis
2612 3593 2816 3656 nostris,
2834 3596 2920 3645 aut
2936 3594 3041 3658 ipse
3062 3593 3142 3644 bis
3164 3591 3323 3646 inveni
3343 3591 3529 3641 meliora.
3554 3583 3593 3648 (ξ
3607 3579 3681 3640 39.)

2254 3703 2331 3750 74.
2364 3703 2437 3751 Ex
2472 3700 2767 3752 orationibus
2803 3701 2946 3764 igitur
2976 3699 3106 3765 quod
3138 3702 3379 3753 recitatum
3394 3703 3460 3748 est
3484 3698 3548 3745 sat
3578 3687 3681 3739 nobis

2192 3805 2327 3867 esto,
2349 3802 2617 3866 praesertim
2649 3817 2801 3867 quum
2822 3802 2918 3853 ill-‘e
2943 3802 3040 3853 sint
3062 3805 3199 3853 tants
3221 3799 3495 3868 prolixitate3
3520 3804 3611 3844 nam
3625 3787 3679 3838 vel

2192 3906 2413 3969 exiguam
2427 3908 2611 3971 partem
2624 3919 2791 3958 eorum
2806 3918 2917 3969 quae
2934 3904 3049 3956 olim
3064 3917 3093 3954 s
3114 3918 3193 3955 me
3220 3903 3389 3968 scripta
3405 3901 3528 3961 sunt,
3550 3895 3589 3943 in
3611 3901 3681 3940 me·

2192 4005 2326 4057 dium
2340 4007 2549 4072 proferre
2565 4020 2663 4058 non
2677 4019 2887 4070 vererer,
2910 4005 2995 4058 sed
3020 4006 3061 4057 si
3084 4004 3207 4070 quid
3228 4002 3337 4054 buic
3356 4011 3497 4052 csusae
3510 3986 3682 4047 conteni·

2194 4113 2298 4172 ret,
2330 4111 2495 4172 aperte
2521 4108 2747 4159 dicerem.
2813 4106 3006 4158 Etenim
3040 4105 3281 4156 absurdus
3308 4113 3476 4160 essem,
3494 4095 3681 4156 ‘istium

2194 4203 2257 4254 ab
2274 4201 2380 4253 aliis
2400 4216 2508 4254 mea
2528 4215 2763 4266 usurpare
2796 4201 3138 4264 intellexerim,
3170 4200 3273 4264 ipse
3296 4196 3355 4247 ab
3381 4194 3435 4246 iis
3464 4201 3557 4255 ‘1⁰⁸³
3582 4195 3678 4234 ⁶⁰⁰¹·

2194 4298 2352 4361 posui,
2372 4298 2506 4349 solus
2533 4297 2849 4360 abstinerem3
2886 4297 3031 4360 idque
3092 4295 3183 4345 bac
3223 4291 3477 4348 occasione,
3508 4294 3585 4346 ‘1¹¹³
3609 4287 3679 4328 ¹³⁰⁰

2196 4394 2425 4446 tenuibus
2446 4395 2593 4446 modo
2616 4393 2833 4459 partibus
2850 4429 2865 4456 ,
2882 4391 2967 4443 sed
2985 4391 3182 4454 integris
3208 4386 3443 4453 generibus
3472 4379 3533 4432 uti
3560 4383 3677 4427 comm

2195 4491 2335 4542 vobis
2345 4491 2553 4542 decrevi.
2566 4492 2683 4541 Roee
2693 4489 2855 4554 igitur,
2870 4494 2924 4540 ut
2940 4488 3079 4539 nobis
3091 4501 3178 4538 usu
3186 4483 3404 4543 venerint,
3417 4481 3475 4530 ita
3492 4475 3677 4526 faciemus-

2281 4594 2357 4641 75.
2394 4590 2506 4640 Dixi
2540 4603 2654 4640 vero
2692 4587 2865 4640 alicubi
2877 4625 2894 4652 ,
2938 4593 3191 4652 antequam
3242 4584 3319 4634 illa
3367 4578 3538 4631 recitata
3574 4570 3676 4626 sunt,

2196 4705 2294 4742 non
2318 4691 2463 4742 modo
2494 4691 2536 4742 si
2561 4692 2851 4756 perniciosas
2870 4689 3215 4742 conscriberem
3233 4683 3481 4742 orationes,
3495 4685 3610 4740 poem
3622 4680 3679 4719 Μ

2197 4808 2305 4846 esse
2319 4795 2533 4860 dignum,
2552 4793 2638 4845 sed
2657 4794 2697 4844 si
2710 4807 2807 4844 non
2830 4793 2951 4844 tales
2971 4792 3249 4856 proferrem,
3264 4787 3417 4854 quales
3428 4783 3534 4835 alius
3551 4785 3677 4832 netnos

2199 4913 2391 4950 summo
2412 4911 2492 4949 me
2518 4911 2625 4949 esse
2642 4896 2877 4961 supplicio
2894 4894 3211 4946 alliciendum.
3244 4887 3414 4950 Quodsi
3430 4885 3503 4951 qui
3522 4887 3615 4932 tunc
3630 4875 3681 4925 ¹¹5·

2197 5003 2293 5052 mis
2301 5001 2531 5064 iactanter
2552 5001 2641 5052 boc
2652 4998 3019 5064 pronunciatum
3034 5001 3086 5048 et
3101 4993 3299 5060 superbe
3308 4991 3470 5041 dictum
3480 4979 3679 5050 P⁰¹⁸h³¹¹¹2

2198 5117 2327 5155 nunc
2338 5103 2388 5153 in
2402 5102 2568 5154 eadem
2585 5100 2929 5164 sententiajure
2938 5113 3036 5149 non
3048 5097 3280 5149 maneant.
3295 5097 3428 5156 Spero
3444 5085 3553 5138 enim
3564 5079 3675 5130 fidem

2198 5217 2279 5256 me
2301 5204 2463 5256 datam
2479 5203 2710 5265 solvisse,
2734 5201 2947 5266 talesque
2960 5213 3065 5251 esse
3082 5197 3311 5249 orationes
3332 5189 3523 5242 recitatas
3548 5175 3677 5244 quales

2196 5304 2259 5356 ab
2276 5303 2412 5355 initio
2448 5300 2689 5368 pollicitus
2717 5313 2845 5352 sum.
2915 5297 3015 5362 (76)
3038 5295 3161 5348 volo
3184 5293 3335 5344 autem
3356 5281 3473 5338 brevi
3491 5277 3676 5340 cuju⁸⁴l¹¹⁰

3426 5488 3455 5504 0-
