<?xml version="1.0" encoding="UTF-8"?>
<!DOCTYPE html PUBLIC "-//W3C//DTD XHTML 1.0 Transitional//EN"
    "http://www.w3.org/TR/xhtml1/DTD/xhtml1-transitional.dtd">
<html xmlns="http://www.w3.org/1999/xhtml" xml:lang="en" lang="en">
 <head>
  <title>
</title>
<meta http-equiv="Content-Type" content="text/html;charset=utf-8" />
  <meta name='ocr-system' content='tesseract 3.04.00' />
  <meta name='ocr-capabilities' content='ocr_page ocr_carea ocr_par ocr_line ocrx_word'/>
</head>
<body>
  <div class='ocr_page' id='page_1' title='image "./oratoresatticia03unkngoog/oratoresatticia03unkngoog_0023.png"; bbox 0 0 3825 5842; ppageno 0'>
   <div class='ocr_carea' id='block_1_1' title="bbox 189 429 495 562">
    <p class='ocr_par' dir='ltr' id='par_1_1' title="bbox 189 429 495 562">
     <span class='ocr_line' id='line_1_1' title="bbox 189 429 495 562; baseline -0.01 0"><span class='ocrx_word' id='word_1_1' title='bbox 189 429 495 562; x_wconf 61' lang='grc' dir='ltr'>(ἑο-ω.)</span> 
     </span>
    </p>
   </div>
   <div class='ocr_carea' id='block_1_2' title="bbox 1329 476 3404 548">
    <p class='ocr_par' dir='ltr' id='par_1_2' title="bbox 1329 476 3404 548">
     <span class='ocr_line' id='line_1_2' title="bbox 1329 476 3404 548; baseline 0.005 -11"><span class='ocrx_word' id='word_1_2' title='bbox 1329 476 1612 537; x_wconf 85' lang='grc' dir='ltr'><strong>ΑΝΤΙΡΗ</strong></span> <span class='ocrx_word' id='word_1_3' title='bbox 1620 476 1846 539; x_wconf 84' lang='lat' dir='ltr'>ONTIS</span> <span class='ocrx_word' id='word_1_4' title='bbox 1885 476 2172 539; x_wconf 81' lang='lat' dir='ltr'>ORATIO</span> <span class='ocrx_word' id='word_1_5' title='bbox 2214 479 2261 539; x_wconf 80' lang='lat'><strong>1.</strong></span> <span class='ocrx_word' id='word_1_6' title='bbox 3367 497 3404 548; x_wconf 81' lang='grc'>9</span> 
     </span>
    </p>
   </div>
   <div class='ocr_carea' id='block_1_3' title="bbox 184 587 3406 692">
    <p class='ocr_par' dir='ltr' id='par_1_3' title="bbox 184 587 3406 692">
     <span class='ocr_line' id='line_1_3' title="bbox 184 587 3406 692; baseline 0.001 -22"><span class='ocrx_word' id='word_1_7' title='bbox 184 633 320 692; x_wconf 83' lang='grc' dir='ltr'>φασι</span> <span class='ocrx_word' id='word_1_8' title='bbox 335 609 524 669; x_wconf 81' lang='grc' dir='ltr'>παθεῖν</span> <span class='ocrx_word' id='word_1_9' title='bbox 539 597 674 666; x_wconf 74' lang='grc' dir='ltr'>εἶναι</span> <span class='ocrx_word' id='word_1_10' title='bbox 697 604 888 667; x_wconf 86' lang='grc' dir='ltr'>δίκαιοί</span> <span class='ocrx_word' id='word_1_11' title='bbox 906 607 1008 665; x_wconf 77' lang='grc' dir='ltr'>εἰσι</span> <span class='ocrx_word' id='word_1_12' title='bbox 1019 587 1314 685; x_wconf 76' lang='grc' dir='ltr'>τυγχάνειν.</span> <span class='ocrx_word' id='word_1_13' title='bbox 1399 605 1490 686; x_wconf 75' lang='lat'><strong>(12)</strong></span> <span class='ocrx_word' id='word_1_14' title='bbox 1518 605 1750 675; x_wconf 81' lang='grc' dir='ltr'>Τούτους</span> <span class='ocrx_word' id='word_1_15' title='bbox 1841 630 1955 680; x_wconf 75' lang='lat' dir='ltr'><strong>qum</strong></span> <span class='ocrx_word' id='word_1_16' title='bbox 1988 630 2069 666; x_wconf 90' lang='lat' dir='ltr'><strong>me</strong></span> <span class='ocrx_word' id='word_1_17' title='bbox 2092 617 2229 668; x_wconf 90' lang='lat' dir='ltr'><strong>aiunt</strong></span> <span class='ocrx_word' id='word_1_18' title='bbox 2257 617 2487 670; x_wconf 78' lang='lat' dir='ltr'><strong>meruisse</strong></span> <span class='ocrx_word' id='word_1_19' title='bbox 2503 654 2518 681; x_wconf 90' lang='lat'><strong>,</strong></span> <span class='ocrx_word' id='word_1_20' title='bbox 2554 618 2804 682; x_wconf 85' lang='lat' dir='ltr'><strong>supplicia.</strong></span> <span class='ocrx_word' id='word_1_21' title='bbox 2870 619 2967 682; x_wconf 83' lang='lat'>(12)</span> <span class='ocrx_word' id='word_1_22' title='bbox 2997 619 3284 684; x_wconf 78' lang='lat' dir='ltr'>Huiusmodi</span> <span class='ocrx_word' id='word_1_23' title='bbox 3320 623 3406 674; x_wconf 76' lang='lat' dir='ltr'><strong>lio·</strong></span> 
     </span>
    </p>
   </div>
   <div class='ocr_carea' id='block_1_4' title="bbox 89 687 1751 2352">
    <p class='ocr_par' dir='ltr' id='par_1_4' title="bbox 106 687 1751 1302">
     <span class='ocr_line' id='line_1_4' title="bbox 106 687 1748 776; baseline -0.002 -20"><span class='ocrx_word' id='word_1_24' title='bbox 106 730 162 772; x_wconf 57' lang='grc' dir='ltr'><strong><em>ω</em></strong></span> <span class='ocrx_word' id='word_1_25' title='bbox 187 696 286 776; x_wconf 79' lang='grc' dir='ltr'><strong>μὲν</strong></span> <span class='ocrx_word' id='word_1_26' title='bbox 323 689 414 756; x_wconf 71' lang='grc' dir='ltr'><strong>οῦν</strong></span> <span class='ocrx_word' id='word_1_27' title='bbox 447 696 643 757; x_wconf 88' lang='grc' dir='ltr'>τούτων</span> <span class='ocrx_word' id='word_1_28' title='bbox 695 687 866 762; x_wconf 77' lang='grc' dir='ltr'>ἀξίους</span> <span class='ocrx_word' id='word_1_29' title='bbox 892 693 1044 761; x_wconf 77' lang='grc' dir='ltr'>ὄντας</span> <span class='ocrx_word' id='word_1_30' title='bbox 1088 692 1338 762; x_wconf 76' lang='grc' dir='ltr'>ἀπίστους</span> <span class='ocrx_word' id='word_1_31' title='bbox 1379 698 1606 773; x_wconf 80' lang='grc' dir='ltr'>ἡγεῖσθε·</span> <span class='ocrx_word' id='word_1_32' title='bbox 1653 693 1748 770; x_wconf 64' lang='grc' dir='ltr'>ἐμὲ</span> 
     </span>
     <span class='ocr_line' id='line_1_5' title="bbox 183 781 1751 866; baseline -0.003 -20"><span class='ocrx_word' id='word_1_33' title='bbox 183 786 240 846; x_wconf 80' lang='grc' dir='ltr'>δὲ</span> <span class='ocrx_word' id='word_1_34' title='bbox 265 789 446 846; x_wconf 77' lang='grc' dir='ltr'>ἐκτῶν</span> <span class='ocrx_word' id='word_1_35' title='bbox 465 781 922 866; x_wconf 81' lang='grc' dir='ltr'>προειργασμὲνων</span> <span class='ocrx_word' id='word_1_36' title='bbox 940 781 1199 860; x_wconf 82' lang='grc' dir='ltr'>γνώσεσθε</span> <span class='ocrx_word' id='word_1_37' title='bbox 1219 781 1336 841; x_wconf 83' lang='grc' dir='ltr'>οὔτε</span> <span class='ocrx_word' id='word_1_38' title='bbox 1355 781 1751 842; x_wconf 78' lang='grc' dir='ltr'>ἐπιὸουλεύοντα</span> 
     </span>
     <span class='ocr_line' id='line_1_6' title="bbox 179 867 1748 952; baseline -0.005 -17"><span class='ocrx_word' id='word_1_39' title='bbox 179 874 306 935; x_wconf 73' lang='grc' dir='ltr'>οὔτε</span> <span class='ocrx_word' id='word_1_40' title='bbox 327 878 435 934; x_wconf 72' lang='grc' dir='ltr'><strong>τῶν</strong></span> <span class='ocrx_word' id='word_1_41' title='bbox 461 875 520 932; x_wconf 80' lang='grc' dir='ltr'>οὗ</span> <span class='ocrx_word' id='word_1_42' title='bbox 547 871 914 952; x_wconf 78' lang='grc' dir='ltr'>προσηκόντων</span> <span class='ocrx_word' id='word_1_43' title='bbox 945 867 1282 952; x_wconf 82' lang='grc' dir='ltr'>ὀρεγόμενον,</span> <span class='ocrx_word' id='word_1_44' title='bbox 1323 871 1458 929; x_wconf 78' lang='grc' dir='ltr'>ἀλλὰ</span> <span class='ocrx_word' id='word_1_45' title='bbox 1497 870 1748 929; x_wconf 84' lang='grc' dir='ltr'>τάναντία</span> 
     </span>
     <span class='ocr_line' id='line_1_7' title="bbox 177 956 1751 1037; baseline -0.003 -18"><span class='ocrx_word' id='word_1_46' title='bbox 177 961 383 1019; x_wconf 84' lang='grc' dir='ltr'>τούτων</span> <span class='ocrx_word' id='word_1_47' title='bbox 415 957 614 1026; x_wconf 77' lang='grc' dir='ltr'>πολλὰς</span> <span class='ocrx_word' id='word_1_48' title='bbox 641 958 738 1035; x_wconf 80' lang='grc' dir='ltr'><strong>μὲν</strong></span> <span class='ocrx_word' id='word_1_49' title='bbox 765 957 854 1018; x_wconf 76' lang='grc' dir='ltr'><strong>καὶ</strong></span> <span class='ocrx_word' id='word_1_50' title='bbox 884 956 1116 1036; x_wconf 79' lang='grc' dir='ltr'>μεγάλας</span> <span class='ocrx_word' id='word_1_51' title='bbox 1155 956 1398 1037; x_wconf 79' lang='grc' dir='ltr'>εἰσφορὰς</span> <span class='ocrx_word' id='word_1_52' title='bbox 1425 957 1751 1037; x_wconf 81' lang='grc' dir='ltr'>εἰσφέροντα,</span> 
     </span>
     <span class='ocr_line' id='line_1_8' title="bbox 177 1039 1746 1128; baseline -0.004 -21"><span class='ocrx_word' id='word_1_53' title='bbox 177 1039 358 1107; x_wconf 77' lang='grc' dir='ltr'>πολλὰ</span> <span class='ocrx_word' id='word_1_54' title='bbox 407 1045 463 1106; x_wconf 77' lang='grc' dir='ltr'>δὲ</span> <span class='ocrx_word' id='word_1_55' title='bbox 505 1050 958 1128; x_wconf 81' lang='grc' dir='ltr'>τριηραρχοῦντα,</span> <span class='ocrx_word' id='word_1_56' title='bbox 1002 1046 1259 1126; x_wconf 81' lang='grc' dir='ltr'>λαμπρῶς</span> <span class='ocrx_word' id='word_1_57' title='bbox 1299 1043 1354 1102; x_wconf 85' lang='grc' dir='ltr'>δὲ</span> <span class='ocrx_word' id='word_1_58' title='bbox 1397 1050 1746 1125; x_wconf 76' lang='grc' dir='ltr'>χορηγοῦντα,</span> 
     </span>
     <span class='ocr_line' id='line_1_9' title="bbox 178 1130 1749 1214; baseline -0.003 -20"><span class='ocrx_word' id='word_1_59' title='bbox 178 1137 404 1202; x_wconf 78' lang='grc' dir='ltr'>πολλοῖς</span> <span class='ocrx_word' id='word_1_60' title='bbox 441 1133 500 1192; x_wconf 79' lang='grc' dir='ltr'>δὲ</span> <span class='ocrx_word' id='word_1_61' title='bbox 536 1132 858 1214; x_wconf 81' lang='grc' dir='ltr'>ἐρανίζοντα,</span> <span class='ocrx_word' id='word_1_62' title='bbox 909 1131 1141 1211; x_wconf 78' lang='grc' dir='ltr'>μεγάλας</span> <span class='ocrx_word' id='word_1_63' title='bbox 1181 1130 1238 1190; x_wconf 83' lang='grc' dir='ltr'>δὲ</span> <span class='ocrx_word' id='word_1_64' title='bbox 1265 1131 1397 1212; x_wconf 78' lang='grc' dir='ltr'>ὑπὲρ</span> <span class='ocrx_word' id='word_1_65' title='bbox 1431 1133 1640 1191; x_wconf 84' lang='grc' dir='ltr'>πολλῶν</span> <span class='ocrx_word' id='word_1_66' title='bbox 1665 1134 1749 1208; x_wconf 79' lang='grc' dir='ltr'>ἐγ·</span> 
     </span>
     <span class='ocr_line' id='line_1_10' title="bbox 177 1218 1748 1302; baseline -0.004 -19"><span class='ocrx_word' id='word_1_67' title='bbox 177 1222 311 1302; x_wconf 90' lang='grc' dir='ltr'>γύας</span> <span class='ocrx_word' id='word_1_68' title='bbox 337 1219 677 1298; x_wconf 83' lang='grc' dir='ltr'>ἀποτίνοντα,</span> <span class='ocrx_word' id='word_1_69' title='bbox 719 1219 816 1292; x_wconf 76' lang='grc' dir='ltr'><strong>τήν</strong></span> <span class='ocrx_word' id='word_1_70' title='bbox 845 1242 903 1278; x_wconf 87' lang='grc' dir='ltr'><strong>τε</strong></span> <span class='ocrx_word' id='word_1_71' title='bbox 942 1218 1122 1278; x_wconf 77' lang='grc' dir='ltr'>οὐσίαν</span> <span class='ocrx_word' id='word_1_72' title='bbox 1159 1221 1218 1280; x_wconf 84' lang='grc' dir='ltr'>οὗ</span> <span class='ocrx_word' id='word_1_73' title='bbox 1257 1219 1588 1296; x_wconf 79' lang='grc' dir='ltr'>δικαζόμενον</span> <span class='ocrx_word' id='word_1_74' title='bbox 1634 1219 1748 1278; x_wconf 85' lang='grc' dir='ltr'>ἀλλ’</span> 
     </span>
    </p>

    <p class='ocr_par' dir='ltr' id='par_1_5' title="bbox 100 1305 1750 2002">
     <span class='ocr_line' id='line_1_11' title="bbox 100 1305 1750 1388; baseline -0.003 -21"><span class='ocrx_word' id='word_1_75' title='bbox 100 1327 152 1367; x_wconf 66' lang='grc'><strong>15</strong></span> <span class='ocrx_word' id='word_1_76' title='bbox 181 1308 532 1388; x_wconf 75' lang='grc' dir='ltr'>ἐργαζόμενον</span> <span class='ocrx_word' id='word_1_77' title='bbox 575 1305 912 1384; x_wconf 74' lang='grc' dir='ltr'>κεκτημένον,</span> <span class='ocrx_word' id='word_1_78' title='bbox 965 1306 1243 1388; x_wconf 77' lang='grc' dir='ltr'>φιλοθύτην</span> <span class='ocrx_word' id='word_1_79' title='bbox 1296 1305 1352 1365; x_wconf 70' lang='grc' dir='ltr'>δὲ</span> <span class='ocrx_word' id='word_1_80' title='bbox 1393 1307 1484 1366; x_wconf 83' lang='grc' dir='ltr'><strong>καὶ</strong></span> <span class='ocrx_word' id='word_1_81' title='bbox 1527 1305 1750 1384; x_wconf 88' lang='grc' dir='ltr'>νόμιμον</span> 
     </span>
     <span class='ocr_line' id='line_1_12' title="bbox 176 1391 1748 1472; baseline -0.004 -15"><span class='ocrx_word' id='word_1_82' title='bbox 176 1397 330 1459; x_wconf 76' lang='grc' dir='ltr'>ὄντα.</span> <span class='ocrx_word' id='word_1_83' title='bbox 414 1394 668 1458; x_wconf 89' lang='grc' dir='ltr'>Τοιούτου</span> <span class='ocrx_word' id='word_1_84' title='bbox 713 1393 770 1453; x_wconf 82' lang='grc' dir='ltr'>δὲ</span> <span class='ocrx_word' id='word_1_85' title='bbox 820 1393 966 1461; x_wconf 79' lang='grc' dir='ltr'>ὄντος</span> <span class='ocrx_word' id='word_1_86' title='bbox 1011 1416 1111 1470; x_wconf 87' lang='grc' dir='ltr'><strong>μου</strong></span> <span class='ocrx_word' id='word_1_87' title='bbox 1160 1391 1321 1472; x_wconf 84' lang='grc' dir='ltr'>μηδὲν</span> <span class='ocrx_word' id='word_1_88' title='bbox 1367 1392 1568 1453; x_wconf 80' lang='grc' dir='ltr'>ἀνόσιον</span> <span class='ocrx_word' id='word_1_89' title='bbox 1615 1391 1748 1472; x_wconf 84' lang='grc' dir='ltr'>μηδὲ</span> 
     </span>
     <span class='ocr_line' id='line_1_13' title="bbox 175 1480 1747 1565; baseline -0.004 -21"><span class='ocrx_word' id='word_1_90' title='bbox 175 1483 406 1565; x_wconf 73' lang='grc' dir='ltr'>αἰσχρὸν</span> <span class='ocrx_word' id='word_1_91' title='bbox 447 1485 773 1562; x_wconf 74' lang='grc' dir='ltr'>καταγνῶτε.</span> <span class='ocrx_word' id='word_1_92' title='bbox 857 1482 947 1560; x_wconf 79' lang='lat'><strong>(13)</strong></span> <span class='ocrx_word' id='word_1_93' title='bbox 979 1483 1048 1542; x_wconf 77' lang='grc' dir='ltr'><strong>Εἰ</strong></span> <span class='ocrx_word' id='word_1_94' title='bbox 1092 1483 1147 1540; x_wconf 79' lang='grc' dir='ltr'>δὲ</span> <span class='ocrx_word' id='word_1_95' title='bbox 1178 1481 1278 1541; x_wconf 76' lang='grc' dir='ltr'><strong>ὑπὸ</strong></span> <span class='ocrx_word' id='word_1_96' title='bbox 1315 1485 1499 1552; x_wconf 83' lang='grc' dir='ltr'>ζῶντος</span> <span class='ocrx_word' id='word_1_97' title='bbox 1537 1480 1747 1540; x_wconf 82' lang='grc' dir='ltr'>ἐδιωκό-</span> 
     </span>
     <span class='ocr_line' id='line_1_14' title="bbox 175 1568 1749 1650; baseline -0.002 -22"><span class='ocrx_word' id='word_1_98' title='bbox 175 1597 308 1650; x_wconf 84' lang='grc' dir='ltr'>μην,</span> <span class='ocrx_word' id='word_1_99' title='bbox 337 1573 437 1631; x_wconf 80' lang='grc' dir='ltr'>οὐκ</span> <span class='ocrx_word' id='word_1_100' title='bbox 462 1570 526 1631; x_wconf 67' lang='grc' dir='ltr'><strong>ἂν</strong></span> <span class='ocrx_word' id='word_1_101' title='bbox 575 1569 730 1648; x_wconf 87' lang='grc' dir='ltr'>μόνον</span> <span class='ocrx_word' id='word_1_102' title='bbox 763 1568 893 1650; x_wconf 71' lang='grc' dir='ltr'>ὑπὲρ</span> <span class='ocrx_word' id='word_1_103' title='bbox 935 1573 1167 1647; x_wconf 81' lang='grc' dir='ltr'>ἐμαυτοῦ</span> <span class='ocrx_word' id='word_1_104' title='bbox 1198 1569 1584 1648; x_wconf 74' lang='grc' dir='ltr'>ἀπελογούμην,</span> <span class='ocrx_word' id='word_1_105' title='bbox 1631 1569 1749 1626; x_wconf 78' lang='grc' dir='ltr'>ἀλλ’</span> 
     </span>
     <span class='ocr_line' id='line_1_15' title="bbox 175 1653 1749 1738; baseline -0.004 -20"><span class='ocrx_word' id='word_1_106' title='bbox 175 1659 338 1718; x_wconf 76' lang='grc' dir='ltr'>αι’ντόν</span> <span class='ocrx_word' id='word_1_107' title='bbox 367 1681 428 1717; x_wconf 85' lang='grc' dir='ltr'><strong>τε</strong></span> <span class='ocrx_word' id='word_1_108' title='bbox 453 1663 636 1717; x_wconf 87' lang='grc' dir='ltr'>τοῦτον</span> <span class='ocrx_word' id='word_1_109' title='bbox 663 1655 756 1716; x_wconf 67' lang='grc' dir='ltr'><strong>καὶ</strong></span> <span class='ocrx_word' id='word_1_110' title='bbox 785 1655 902 1724; x_wconf 77' lang='grc' dir='ltr'>τοὺς</span> <span class='ocrx_word' id='word_1_111' title='bbox 926 1655 1096 1738; x_wconf 83' lang='grc' dir='ltr'>τούτῳ</span> <span class='ocrx_word' id='word_1_112' title='bbox 1125 1656 1222 1736; x_wconf 82' lang='grc' dir='ltr'><strong>μὲν</strong></span> <span class='ocrx_word' id='word_1_113' title='bbox 1253 1662 1598 1737; x_wconf 83' lang='grc' dir='ltr'>βοηθοῦντας,</span> <span class='ocrx_word' id='word_1_114' title='bbox 1624 1653 1749 1735; x_wconf 88' lang='grc' dir='ltr'>παρ’</span> 
     </span>
     <span class='ocr_line' id='line_1_16' title="bbox 175 1737 1749 1826; baseline -0.004 -20"><span class='ocrx_word' id='word_1_115' title='bbox 175 1749 308 1824; x_wconf 78' lang='grc' dir='ltr'>ἐμοῦ</span> <span class='ocrx_word' id='word_1_116' title='bbox 356 1744 416 1805; x_wconf 77' lang='grc' dir='ltr'>δὲ</span> <span class='ocrx_word' id='word_1_117' title='bbox 463 1747 779 1826; x_wconf 84' lang='grc' dir='ltr'>ὠφελεῖσθαι</span> <span class='ocrx_word' id='word_1_118' title='bbox 823 1747 1102 1814; x_wconf 88' lang='grc' dir='ltr'>ζητοῦντας</span> <span class='ocrx_word' id='word_1_119' title='bbox 1146 1744 1226 1826; x_wconf 79' lang='grc' dir='ltr'><strong>ἐφ’</strong></span> <span class='ocrx_word' id='word_1_120' title='bbox 1263 1737 1336 1813; x_wconf 79' lang='grc' dir='ltr'><strong>οἷς</strong></span> <span class='ocrx_word' id='word_1_121' title='bbox 1379 1743 1749 1823; x_wconf 80' lang='grc' dir='ltr'>κατηγορεῖταί</span> 
     </span>
     <span class='ocr_line' id='line_1_17' title="bbox 175 1822 1746 1911; baseline -0.003 -18"><span class='ocrx_word' id='word_1_122' title='bbox 175 1856 282 1911; x_wconf 86' lang='grc' dir='ltr'><strong>μου</strong></span> <span class='ocrx_word' id='word_1_123' title='bbox 301 1878 320 1911; x_wconf 89' lang='grc'>,</span> <span class='ocrx_word' id='word_1_124' title='bbox 341 1831 592 1900; x_wconf 74' lang='grc' dir='ltr'>ἀπέδειξα</span> <span class='ocrx_word' id='word_1_125' title='bbox 619 1831 684 1890; x_wconf 68' lang='grc' dir='ltr'><strong>ἂν</strong></span> <span class='ocrx_word' id='word_1_126' title='bbox 705 1833 1030 1899; x_wconf 86' lang='grc' dir='ltr'>ἀδικοῦντας.</span> <span class='ocrx_word' id='word_1_127' title='bbox 1128 1834 1314 1893; x_wconf 89' lang='grc' dir='ltr'>Ταῦτα</span> <span class='ocrx_word' id='word_1_128' title='bbox 1345 1831 1438 1908; x_wconf 83' lang='grc' dir='ltr'><strong>μὲν</strong></span> <span class='ocrx_word' id='word_1_129' title='bbox 1470 1822 1557 1890; x_wconf 70' lang='grc' dir='ltr'><strong>οὗν</strong></span> <span class='ocrx_word' id='word_1_130' title='bbox 1583 1833 1746 1889; x_wconf 81' lang='grc' dir='ltr'>ἐπιει·</span> 
     </span>
     <span class='ocr_line' id='line_1_18' title="bbox 171 1908 1748 2002; baseline -0.003 -22"><span class='ocrx_word' id='word_1_131' title='bbox 171 1920 422 2002; x_wconf 75' lang='grc' dir='ltr'>κέστερον</span> <span class='ocrx_word' id='word_1_132' title='bbox 443 1919 480 1991; x_wconf 80' lang='grc' dir='ltr'>ἢ</span> <span class='ocrx_word' id='word_1_133' title='bbox 507 1917 822 2000; x_wconf 87' lang='grc' dir='ltr'>δικαιότερον</span> <span class='ocrx_word' id='word_1_134' title='bbox 844 1919 1088 2000; x_wconf 85' lang='grc' dir='ltr'>παρήσω·</span> <span class='ocrx_word' id='word_1_135' title='bbox 1114 1918 1298 1997; x_wconf 79' lang='grc' dir='ltr'>δέομαι</span> <span class='ocrx_word' id='word_1_136' title='bbox 1329 1920 1374 1978; x_wconf 85' lang='grc' dir='ltr'>δ’</span> <span class='ocrx_word' id='word_1_137' title='bbox 1401 1923 1573 1997; x_wconf 72' lang='grc' dir='ltr'>ὑμῶν,</span> <span class='ocrx_word' id='word_1_138' title='bbox 1596 1908 1641 1978; x_wconf 70' lang='grc' dir='ltr'>ὦ</span> <span class='ocrx_word' id='word_1_139' title='bbox 1664 1919 1748 1977; x_wconf 80' lang='grc' dir='ltr'><strong>ἄν·</strong></span> 
     </span>
    </p>

    <p class='ocr_par' dir='ltr' id='par_1_6' title="bbox 89 2003 1746 2352">
     <span class='ocr_line' id='line_1_19' title="bbox 89 2003 1745 2089; baseline -0.002 -22"><span class='ocrx_word' id='word_1_140' title='bbox 89 2031 146 2072; x_wconf 77' lang='grc' dir='ltr'>ω</span> <span class='ocrx_word' id='word_1_141' title='bbox 173 2009 294 2088; x_wconf 84' lang='grc' dir='ltr'>δρες</span> <span class='ocrx_word' id='word_1_142' title='bbox 311 2011 422 2067; x_wconf 68' lang='grc' dir='ltr'><strong>τῶν</strong></span> <span class='ocrx_word' id='word_1_143' title='bbox 451 2005 713 2086; x_wconf 74' lang='grc' dir='ltr'>μεγίστων</span> <span class='ocrx_word' id='word_1_144' title='bbox 735 2007 912 2089; x_wconf 85' lang='grc' dir='ltr'>κριταὶ</span> <span class='ocrx_word' id='word_1_145' title='bbox 939 2006 1031 2066; x_wconf 81' lang='grc' dir='ltr'><strong>καὶ</strong></span> <span class='ocrx_word' id='word_1_146' title='bbox 1071 2005 1268 2087; x_wconf 90' lang='grc' dir='ltr'>κύριοι,</span> <span class='ocrx_word' id='word_1_147' title='bbox 1306 2005 1622 2078; x_wconf 79' lang='grc' dir='ltr'>ἐλεήσαντας</span> <span class='ocrx_word' id='word_1_148' title='bbox 1650 2003 1745 2077; x_wconf 82' lang='grc' dir='ltr'><strong>τὴν</strong></span> 
     </span>
     <span class='ocr_line' id='line_1_20' title="bbox 171 2092 1744 2176; baseline -0.002 -22"><span class='ocrx_word' id='word_1_149' title='bbox 171 2093 402 2175; x_wconf 76' lang='grc' dir='ltr'>ἀτυχίαν</span> <span class='ocrx_word' id='word_1_150' title='bbox 425 2117 528 2172; x_wconf 90' lang='grc' dir='ltr'><strong>μου</strong></span> <span class='ocrx_word' id='word_1_151' title='bbox 569 2094 775 2176; x_wconf 75' lang='grc' dir='ltr'>ἰατροὺς</span> <span class='ocrx_word' id='word_1_152' title='bbox 800 2092 1038 2173; x_wconf 79' lang='grc' dir='ltr'>γενέσθαι</span> <span class='ocrx_word' id='word_1_153' title='bbox 1069 2096 1230 2166; x_wconf 75' lang='grc' dir='ltr'>αὐτῆς</span> <span class='ocrx_word' id='word_1_154' title='bbox 1247 2139 1266 2168; x_wconf 90' lang='grc'>,</span> <span class='ocrx_word' id='word_1_155' title='bbox 1294 2094 1384 2152; x_wconf 77' lang='grc' dir='ltr'><strong>καὶ</strong></span> <span class='ocrx_word' id='word_1_156' title='bbox 1415 2095 1491 2171; x_wconf 81' lang='grc' dir='ltr'><strong>μὴ</strong></span> <span class='ocrx_word' id='word_1_157' title='bbox 1519 2116 1744 2152; x_wconf 89' lang='grc' dir='ltr'>συνεπι-</span> 
     </span>
     <span class='ocr_line' id='line_1_21' title="bbox 173 2180 1746 2264; baseline 0 -22"><span class='ocrx_word' id='word_1_158' title='bbox 173 2180 378 2250; x_wconf 81' lang='grc' dir='ltr'>6άντας</span> <span class='ocrx_word' id='word_1_159' title='bbox 399 2187 470 2264; x_wconf 81' lang='grc' dir='ltr'><strong>τῇ</strong></span> <span class='ocrx_word' id='word_1_160' title='bbox 495 2182 694 2242; x_wconf 88' lang='grc' dir='ltr'>τούτων</span> <span class='ocrx_word' id='word_1_161' title='bbox 720 2180 946 2242; x_wconf 77' lang='grc' dir='ltr'>ἐπιθέσει</span> <span class='ocrx_word' id='word_1_162' title='bbox 964 2183 1226 2263; x_wconf 69' lang='grc' dir='ltr'>δπεριιδεῖν</span> <span class='ocrx_word' id='word_1_163' title='bbox 1255 2181 1444 2251; x_wconf 83' lang='grc' dir='ltr'>ἀδίκως</span> <span class='ocrx_word' id='word_1_164' title='bbox 1470 2181 1561 2242; x_wconf 77' lang='grc' dir='ltr'><strong>καὶ</strong></span> <span class='ocrx_word' id='word_1_165' title='bbox 1585 2181 1746 2252; x_wconf 83' lang='grc' dir='ltr'>ἀθέως</span> 
     </span>
     <span class='ocr_line' id='line_1_22' title="bbox 171 2269 948 2352; baseline 0.001 -22"><span class='ocrx_word' id='word_1_166' title='bbox 171 2269 536 2352; x_wconf 74' lang='grc' dir='ltr'>διαφθαρέντα</span> <span class='ocrx_word' id='word_1_167' title='bbox 559 2294 628 2350; x_wconf 91' lang='grc' dir='ltr'><strong>με</strong></span> <span class='ocrx_word' id='word_1_168' title='bbox 649 2270 736 2331; x_wconf 74' lang='grc' dir='ltr'><strong>ὑπ’</strong></span> <span class='ocrx_word' id='word_1_169' title='bbox 757 2273 948 2332; x_wconf 76' lang='grc' dir='ltr'>αὐτῶν.</span> 
     </span>
    </p>
   </div>
   <div class='ocr_carea' id='block_1_5' title="bbox 519 2438 1402 2750">
    <p class='ocr_par' dir='ltr' id='par_1_7' title="bbox 519 2438 1402 2750">
     <span class='ocr_line' id='line_1_23' title="bbox 789 2438 1120 2465; baseline -0.003 -3"><span class='ocrx_word' id='word_1_170' title='bbox 789 2438 1120 2465; x_wconf 43' lang='lat' dir='ltr'><strong>*ou-</strong></span> 
     </span>
     <span class='ocr_line' id='line_1_24' title="bbox 935 2557 990 2614; baseline 0.011 -24.629"><span class='ocrx_word' id='word_1_171' title='bbox 935 2557 990 2614; x_wconf 88' lang='grc' dir='ltr'>γ.</span> 
     </span>
     <span class='ocr_line' id='line_1_25' title="bbox 519 2699 1402 2750; baseline -0.001 0"><span class='ocrx_word' id='word_1_172' title='bbox 519 2702 610 2750; x_wconf 72' lang='grc' dir='ltr'><strong>ΕΚ</strong></span> <span class='ocrx_word' id='word_1_173' title='bbox 625 2699 1024 2750; x_wconf 75' lang='grc' dir='ltr'><strong>ΚΑΤΗΓΟΡΙΑΣ</strong></span> <span class='ocrx_word' id='word_1_174' title='bbox 1045 2701 1088 2749; x_wconf 93' lang='grc' dir='ltr'><strong>Ο</strong></span> <span class='ocrx_word' id='word_1_175' title='bbox 1108 2700 1402 2750; x_wconf 75' lang='grc' dir='ltr'><strong>ΥΣῙῈΡΟΣ.</strong></span> 
     </span>
    </p>
   </div>
   <div class='ocr_carea' id='block_1_6' title="bbox 67 2843 1128 2906">
    <p class='ocr_par' dir='ltr' id='par_1_8' title="bbox 67 2843 1128 2906">
     <span class='ocr_line' id='line_1_26' title="bbox 67 2843 1128 2906; baseline -0.011 0"><span class='ocrx_word' id='word_1_176' title='bbox 67 2852 170 2906; x_wconf 80' lang='lat' dir='ltr'><strong>ns</strong></span> <span class='ocrx_word' id='word_1_177' title='bbox 800 2843 1128 2896; x_wconf 71' lang='lat' dir='ltr'><strong>moenam.</strong></span> 
     </span>
    </p>
   </div>
   <div class='ocr_carea' id='block_1_7' title="bbox 169 2933 1742 3102">
    <p class='ocr_par' dir='ltr' id='par_1_9' title="bbox 169 2933 1742 3102">
     <span class='ocr_line' id='line_1_27' title="bbox 169 2933 1742 3032; baseline -0.001 -13"><span class='ocrx_word' id='word_1_178' title='bbox 169 2970 246 3020; x_wconf 75' lang='grc' dir='ltr'><strong>Τά</strong></span> <span class='ocrx_word' id='word_1_179' title='bbox 263 2967 496 3032; x_wconf 70' lang='grc' dir='ltr'>εῑρημὲνα</span> <span class='ocrx_word' id='word_1_180' title='bbox 513 2933 608 3017; x_wconf 78' lang='grc' dir='ltr'>ὑπὸ</span> <span class='ocrx_word' id='word_1_181' title='bbox 629 2972 716 3016; x_wconf 81' lang='grc' dir='ltr'><strong>τοῦ</strong></span> <span class='ocrx_word' id='word_1_182' title='bbox 753 2967 1160 3031; x_wconf 80' lang='grc' dir='ltr'>κατηγορουμένου</span> <span class='ocrx_word' id='word_1_183' title='bbox 1192 2968 1290 3016; x_wconf 78' lang='grc' dir='ltr'>λύει</span> <span class='ocrx_word' id='word_1_184' title='bbox 1308 2969 1523 3029; x_wconf 80' lang='grc' dir='ltr'>ἐνταῦθα,</span> <span class='ocrx_word' id='word_1_185' title='bbox 1548 2971 1612 3024; x_wconf 85' lang='grc' dir='ltr'><strong>ὠς</strong></span> <span class='ocrx_word' id='word_1_186' title='bbox 1635 2968 1742 3018; x_wconf 84' lang='grc' dir='ltr'>οὔτε</span> 
     </span>
     <span class='ocr_line' id='line_1_28' title="bbox 228 3037 1741 3102; baseline 0.001 -15"><span class='ocrx_word' id='word_1_187' title='bbox 228 3037 436 3092; x_wconf 73' lang='grc' dir='ltr'>ἄπιστος</span> <span class='ocrx_word' id='word_1_188' title='bbox 453 3040 486 3096; x_wconf 80' lang='grc' dir='ltr'>ἡ</span> <span class='ocrx_word' id='word_1_189' title='bbox 516 3037 748 3102; x_wconf 79' lang='grc' dir='ltr'>μαρτυρία</span> <span class='ocrx_word' id='word_1_190' title='bbox 773 3042 859 3086; x_wconf 80' lang='grc' dir='ltr'><strong>τοῦ</strong></span> <span class='ocrx_word' id='word_1_191' title='bbox 881 3037 1094 3098; x_wconf 74' lang='grc' dir='ltr'>οἰκέτου,</span> <span class='ocrx_word' id='word_1_192' title='bbox 1125 3037 1232 3086; x_wconf 78' lang='grc' dir='ltr'>οὔτε</span> <span class='ocrx_word' id='word_1_193' title='bbox 1268 3037 1493 3086; x_wconf 79' lang='grc' dir='ltr'>ἀπίθανον</span> <span class='ocrx_word' id='word_1_194' title='bbox 1518 3038 1741 3089; x_wconf 87' lang='grc' dir='ltr'>πλούσιον</span> 
     </span>
    </p>
   </div>
   <div class='ocr_carea' id='block_1_8' title="bbox 225 3107 1740 3385">
    <p class='ocr_par' dir='ltr' id='par_1_10' title="bbox 225 3107 1740 3385">
     <span class='ocr_line' id='line_1_29' title="bbox 228 3107 1740 3172; baseline -0.001 -14"><span class='ocrx_word' id='word_1_195' title='bbox 228 3108 354 3158; x_wconf 70' lang='grc' dir='ltr'>ὄντα.</span> <span class='ocrx_word' id='word_1_196' title='bbox 381 3109 468 3157; x_wconf 69' lang='grc' dir='ltr'>’καὶ</span> <span class='ocrx_word' id='word_1_197' title='bbox 493 3108 676 3165; x_wconf 74' lang='grc' dir='ltr'>ἔνδοξον</span> <span class='ocrx_word' id='word_1_198' title='bbox 705 3113 902 3166; x_wconf 80' lang='grc' dir='ltr'>ποιῆσαι</span> <span class='ocrx_word' id='word_1_199' title='bbox 941 3108 1022 3157; x_wconf 83' lang='grc' dir='ltr'><strong>τὸν</strong></span> <span class='ocrx_word' id='word_1_200' title='bbox 1049 3107 1187 3170; x_wconf 80' lang='grc' dir='ltr'>φόνον</span> <span class='ocrx_word' id='word_1_201' title='bbox 1200 3145 1216 3169; x_wconf 87' lang='grc'>,</span> <span class='ocrx_word' id='word_1_202' title='bbox 1241 3108 1594 3157; x_wconf 82' lang='grc' dir='ltr'>διακινδυνεύειν</span> <span class='ocrx_word' id='word_1_203' title='bbox 1637 3110 1740 3172; x_wconf 83' lang='grc' dir='ltr'>μέλ·</span> 
     </span>
     <span class='ocr_line' id='line_1_30' title="bbox 227 3177 1740 3242; baseline -0.001 -13"><span class='ocrx_word' id='word_1_204' title='bbox 227 3181 380 3229; x_wconf 64' lang='lat' dir='ltr'><strong>lum</strong></span> <span class='ocrx_word' id='word_1_205' title='bbox 399 3179 484 3228; x_wconf 75' lang='grc' dir='ltr'>ὑπ’</span> <span class='ocrx_word' id='word_1_206' title='bbox 508 3179 656 3228; x_wconf 81' lang='grc' dir='ltr'>αὐτοῦ</span> <span class='ocrx_word' id='word_1_207' title='bbox 687 3179 773 3237; x_wconf 83' lang='grc' dir='ltr'><strong>τὴν</strong></span> <span class='ocrx_word' id='word_1_208' title='bbox 805 3177 970 3226; x_wconf 79' lang='grc' dir='ltr'>οὐσίαν</span> <span class='ocrx_word' id='word_1_209' title='bbox 993 3178 1240 3228; x_wconf 76' lang='grc' dir='ltr'>ἀπολέσαι.</span> <span class='ocrx_word' id='word_1_210' title='bbox 1305 3179 1400 3234; x_wconf 83' lang='grc' dir='ltr'><strong>Τὰς</strong></span> <span class='ocrx_word' id='word_1_211' title='bbox 1427 3177 1671 3242; x_wconf 84' lang='grc' dir='ltr'>προτάσεις</span> <span class='ocrx_word' id='word_1_212' title='bbox 1690 3179 1740 3228; x_wconf 81' lang='grc' dir='ltr'>δὲ</span> 
     </span>
     <span class='ocr_line' id='line_1_31' title="bbox 225 3247 1739 3313; baseline -0.001 -14"><span class='ocrx_word' id='word_1_213' title='bbox 225 3250 334 3300; x_wconf 83' lang='grc' dir='ltr'>λύει</span> <span class='ocrx_word' id='word_1_214' title='bbox 352 3249 483 3299; x_wconf 78' lang='grc' dir='ltr'>κατὰ</span> <span class='ocrx_word' id='word_1_215' title='bbox 505 3249 805 3313; x_wconf 81' lang='grc' dir='ltr'>περιτροπήν·</span> <span class='ocrx_word' id='word_1_216' title='bbox 834 3247 1014 3297; x_wconf 83' lang='grc' dir='ltr'>ἐκείνου</span> <span class='ocrx_word' id='word_1_217' title='bbox 1050 3249 1140 3312; x_wconf 80' lang='grc' dir='ltr'>γὰρ</span> <span class='ocrx_word' id='word_1_218' title='bbox 1160 3247 1370 3303; x_wconf 74' lang='grc' dir='ltr'>εἰπόντος</span> <span class='ocrx_word' id='word_1_219' title='bbox 1389 3248 1460 3296; x_wconf 85' lang='grc' dir='ltr'><strong>ὅτι</strong></span> <span class='ocrx_word' id='word_1_220' title='bbox 1479 3249 1653 3312; x_wconf 81' lang='grc' dir='ltr'>ἀτυχής</span> <span class='ocrx_word' id='word_1_221' title='bbox 1672 3251 1739 3298; x_wconf 84' lang='grc' dir='ltr'><strong>εί·</strong></span> 
     </span>
     <span class='ocr_line' id='line_1_32' title="bbox 229 3317 1730 3385; baseline -0.001 -15"><span class='ocrx_word' id='word_1_222' title='bbox 229 3337 308 3384; x_wconf 80' lang='grc' dir='ltr'><strong>μι,</strong></span> <span class='ocrx_word' id='word_1_223' title='bbox 327 3319 592 3385; x_wconf 77' lang='grc' dir='ltr'>περιτρέπει</span> <span class='ocrx_word' id='word_1_224' title='bbox 613 3320 763 3382; x_wconf 81' lang='grc' dir='ltr'>λέγων</span> <span class='ocrx_word' id='word_1_225' title='bbox 787 3317 857 3366; x_wconf 80' lang='grc' dir='ltr'><strong>δτι</strong></span> <span class='ocrx_word' id='word_1_226' title='bbox 879 3321 912 3378; x_wconf 81' lang='grc' dir='ltr'><strong>ἠ</strong></span> <span class='ocrx_word' id='word_1_227' title='bbox 943 3318 1118 3383; x_wconf 80' lang='grc' dir='ltr'>ἀτυχία</span> <span class='ocrx_word' id='word_1_228' title='bbox 1149 3319 1262 3382; x_wconf 83' lang='grc' dir='ltr'>παρ’</span> <span class='ocrx_word' id='word_1_229' title='bbox 1297 3319 1444 3368; x_wconf 79' lang='grc' dir='ltr'>αὐτοῦ</span> <span class='ocrx_word' id='word_1_230' title='bbox 1485 3319 1730 3368; x_wconf 79' lang='grc' dir='ltr'>ἀδικεῖται.</span> 
     </span>
    </p>
   </div>
   <div class='ocr_carea' id='block_1_9' title="bbox 93 3437 1744 5360">
    <p class='ocr_par' dir='ltr' id='par_1_11' title="bbox 162 3437 1742 3784">
     <span class='ocr_line' id='line_1_33' title="bbox 243 3437 1740 3521; baseline 0 -22"><span class='ocrx_word' id='word_1_231' title='bbox 243 3439 332 3499; x_wconf 60' lang='grc' dir='ltr'><strong><em>Ἠ</em></strong></span> <span class='ocrx_word' id='word_1_232' title='bbox 357 3462 415 3498; x_wconf 84' lang='grc' dir='ltr'><strong>τε</strong></span> <span class='ocrx_word' id='word_1_233' title='bbox 441 3439 634 3519; x_wconf 86' lang='grc' dir='ltr'>ἀτυχία</span> <span class='ocrx_word' id='word_1_234' title='bbox 663 3440 918 3498; x_wconf 83' lang='grc' dir='ltr'>ἀδικεῖται</span> <span class='ocrx_word' id='word_1_235' title='bbox 940 3437 1026 3496; x_wconf 78' lang='grc' dir='ltr'><strong>ὑπ’</strong></span> <span class='ocrx_word' id='word_1_236' title='bbox 1053 3441 1235 3512; x_wconf 76' lang='grc' dir='ltr'>αὑτοῦ,</span> <span class='ocrx_word' id='word_1_237' title='bbox 1262 3438 1329 3512; x_wconf 83' lang='grc' dir='ltr'><strong>ἢν</strong></span> <span class='ocrx_word' id='word_1_238' title='bbox 1359 3439 1740 3521; x_wconf 74' lang='grc' dir='ltr'>προϊστάμενος</span> 
     </span>
     <span class='ocr_line' id='line_1_34' title="bbox 162 3525 1742 3609; baseline 0.001 -24"><span class='ocrx_word' id='word_1_239' title='bbox 162 3531 265 3600; x_wconf 74' lang='grc' dir='ltr'><strong>τῆς</strong></span> <span class='ocrx_word' id='word_1_240' title='bbox 287 3526 610 3609; x_wconf 76' lang='grc' dir='ltr'>κακουργίας</span> <span class='ocrx_word' id='word_1_241' title='bbox 637 3525 888 3605; x_wconf 77' lang='grc' dir='ltr'>ἀφανίσαι</span> <span class='ocrx_word' id='word_1_242' title='bbox 904 3525 1000 3596; x_wconf 86' lang='grc' dir='ltr'><strong>τὴν</strong></span> <span class='ocrx_word' id='word_1_243' title='bbox 1019 3529 1176 3584; x_wconf 77' lang='grc' dir='ltr'>αὑτοῦ</span> <span class='ocrx_word' id='word_1_244' title='bbox 1208 3526 1424 3607; x_wconf 87' lang='grc' dir='ltr'>μιαρίαν</span> <span class='ocrx_word' id='word_1_245' title='bbox 1457 3530 1618 3599; x_wconf 84' lang='grc' dir='ltr'>ζητεῖ·</span> <span class='ocrx_word' id='word_1_246' title='bbox 1639 3529 1742 3587; x_wconf 78' lang='grc' dir='ltr'><strong>ὑπό</strong></span> 
     </span>
     <span class='ocr_line' id='line_1_35' title="bbox 163 3613 1738 3697; baseline 0.001 -23"><span class='ocrx_word' id='word_1_247' title='bbox 163 3637 226 3674; x_wconf 82' lang='grc' dir='ltr'><strong>τε</strong></span> <span class='ocrx_word' id='word_1_248' title='bbox 249 3617 406 3692; x_wconf 75' lang='grc' dir='ltr'>ὑμῶν</span> <span class='ocrx_word' id='word_1_249' title='bbox 429 3616 525 3674; x_wconf 76' lang='grc' dir='ltr'>οὐκ</span> <span class='ocrx_word' id='word_1_250' title='bbox 543 3613 682 3682; x_wconf 79' lang='grc' dir='ltr'>ἄξιος</span> <span class='ocrx_word' id='word_1_251' title='bbox 698 3613 953 3673; x_wconf 79' lang='grc' dir='ltr'>ἐλεεῖσθαί</span> <span class='ocrx_word' id='word_1_252' title='bbox 976 3617 1134 3690; x_wconf 82' lang='grc' dir='ltr'>ἐστιν,</span> <span class='ocrx_word' id='word_1_253' title='bbox 1159 3614 1401 3674; x_wconf 85' lang='grc' dir='ltr'>ἀκούσιον</span> <span class='ocrx_word' id='word_1_254' title='bbox 1422 3614 1517 3692; x_wconf 76' lang='grc' dir='ltr'><strong>μὲν</strong></span> <span class='ocrx_word' id='word_1_255' title='bbox 1540 3619 1616 3697; x_wconf 83' lang='grc' dir='ltr'><strong>τῷ</strong></span> <span class='ocrx_word' id='word_1_256' title='bbox 1633 3639 1738 3675; x_wconf 84' lang='grc' dir='ltr'><strong>πα-</strong></span> 
     </span>
     <span class='ocr_line' id='line_1_36' title="bbox 163 3700 1740 3784; baseline -0.001 -21"><span class='ocrx_word' id='word_1_257' title='bbox 163 3701 316 3763; x_wconf 84' lang='grc' dir='ltr'>θόντι</span> <span class='ocrx_word' id='word_1_258' title='bbox 359 3701 585 3782; x_wconf 78' lang='grc' dir='ltr'>περιθεὶς</span> <span class='ocrx_word' id='word_1_259' title='bbox 626 3700 724 3775; x_wconf 72' lang='grc' dir='ltr'><strong>τὴν</strong></span> <span class='ocrx_word' id='word_1_260' title='bbox 770 3701 1070 3784; x_wconf 77' lang='grc' dir='ltr'>συμφοράν,</span> <span class='ocrx_word' id='word_1_261' title='bbox 1117 3701 1362 3770; x_wconf 74' lang='grc' dir='ltr'>ἑκουσίως</span> <span class='ocrx_word' id='word_1_262' title='bbox 1393 3702 1448 3762; x_wconf 82' lang='grc' dir='ltr'>δὲ</span> <span class='ocrx_word' id='word_1_263' title='bbox 1481 3703 1632 3770; x_wconf 75' lang='grc' dir='ltr'>αὐτὸς</span> <span class='ocrx_word' id='word_1_264' title='bbox 1669 3706 1740 3772; x_wconf 86' lang='grc' dir='ltr'><strong>εἰς</strong></span> 
     </span>
    </p>

    <p class='ocr_par' dir='ltr' id='par_1_12' title="bbox 109 3785 1741 4048">
     <span class='ocr_line' id='line_1_37' title="bbox 109 3785 1738 3869; baseline 0.002 -22"><span class='ocrx_word' id='word_1_265' title='bbox 109 3816 138 3854; x_wconf 72' lang='lat'><strong>5</strong></span> <span class='ocrx_word' id='word_1_266' title='bbox 162 3791 286 3858; x_wconf 66' lang='grc' dir='ltr'>τοὺς</span> <span class='ocrx_word' id='word_1_267' title='bbox 315 3789 585 3857; x_wconf 87' lang='grc' dir='ltr'>κινδύνους</span> <span class='ocrx_word' id='word_1_268' title='bbox 623 3790 906 3859; x_wconf 75' lang='grc' dir='ltr'>καταστάς.</span> <span class='ocrx_word' id='word_1_269' title='bbox 993 3791 1086 3858; x_wconf 87' lang='grc' dir='ltr'><strong>Ὡς</strong></span> <span class='ocrx_word' id='word_1_270' title='bbox 1110 3789 1204 3869; x_wconf 81' lang='grc' dir='ltr'><strong>μὲν</strong></span> <span class='ocrx_word' id='word_1_271' title='bbox 1228 3785 1316 3850; x_wconf 68' lang='grc' dir='ltr'><strong>οὖν</strong></span> <span class='ocrx_word' id='word_1_272' title='bbox 1354 3790 1627 3851; x_wconf 81' lang='grc' dir='ltr'>ἀπέκτεινε</span> <span class='ocrx_word' id='word_1_273' title='bbox 1651 3791 1738 3851; x_wconf 84' lang='grc' dir='ltr'><strong>τὸν</strong></span> 
     </span>
     <span class='ocr_line' id='line_1_38' title="bbox 165 3877 1741 3960; baseline 0 -22"><span class='ocrx_word' id='word_1_274' title='bbox 165 3879 373 3958; x_wconf 74' lang='grc' dir='ltr'>ἄνδρα,</span> <span class='ocrx_word' id='word_1_275' title='bbox 404 3880 460 3936; x_wconf 86' lang='grc' dir='ltr'><strong>ἐν</strong></span> <span class='ocrx_word' id='word_1_276' title='bbox 486 3882 564 3960; x_wconf 79' lang='grc' dir='ltr'><strong>τῷ</strong></span> <span class='ocrx_word' id='word_1_277' title='bbox 597 3877 834 3960; x_wconf 82' lang='grc' dir='ltr'>προτέρῳ</span> <span class='ocrx_word' id='word_1_278' title='bbox 873 3879 1014 3960; x_wconf 86' lang='grc' dir='ltr'>λόγῳ</span> <span class='ocrx_word' id='word_1_279' title='bbox 1059 3877 1420 3957; x_wconf 81' lang='grc' dir='ltr'>ἀπεδείξαμεν·</span> <span class='ocrx_word' id='word_1_280' title='bbox 1447 3881 1519 3946; x_wconf 77' lang='grc' dir='ltr'><strong>ὥς</strong></span> <span class='ocrx_word' id='word_1_281' title='bbox 1547 3878 1600 3938; x_wconf 77' lang='grc' dir='ltr'>δὲ</span> <span class='ocrx_word' id='word_1_282' title='bbox 1647 3881 1741 3939; x_wconf 77' lang='grc' dir='ltr'>οὐκ</span> 
     </span>
     <span class='ocr_line' id='line_1_39' title="bbox 163 3964 1579 4048; baseline 0.001 -24"><span class='ocrx_word' id='word_1_283' title='bbox 163 3968 339 4048; x_wconf 79' lang='grc' dir='ltr'>ὀρθῶς</span> <span class='ocrx_word' id='word_1_284' title='bbox 368 3965 670 4041; x_wconf 77' lang='grc' dir='ltr'>ἀπελογήθη</span> <span class='ocrx_word' id='word_1_285' title='bbox 690 4009 708 4038; x_wconf 91' lang='grc'>,</span> <span class='ocrx_word' id='word_1_286' title='bbox 738 3970 826 4024; x_wconf 90' lang='grc' dir='ltr'><strong>νῦν</strong></span> <span class='ocrx_word' id='word_1_287' title='bbox 864 3964 1221 4046; x_wconf 88' lang='grc' dir='ltr'>πειρασόμεθα</span> <span class='ocrx_word' id='word_1_288' title='bbox 1263 3965 1579 4046; x_wconf 78' lang='grc' dir='ltr'>ἐλέγχοντες.</span> 
     </span>
    </p>

    <p class='ocr_par' dir='ltr' id='par_1_13' title="bbox 163 4051 1744 4484">
     <span class='ocr_line' id='line_1_40' title="bbox 245 4051 1744 4132; baseline 0 -18"><span class='ocrx_word' id='word_1_289' title='bbox 245 4077 298 4116; x_wconf 76' lang='lat'><strong>2.</strong></span> <span class='ocrx_word' id='word_1_290' title='bbox 345 4052 474 4114; x_wconf 74' lang='grc' dir='ltr'>Εἴτε</span> <span class='ocrx_word' id='word_1_291' title='bbox 494 4051 596 4132; x_wconf 78' lang='grc' dir='ltr'>γὰρ</span> <span class='ocrx_word' id='word_1_292' title='bbox 628 4051 934 4132; x_wconf 85' lang='grc' dir='ltr'>προσιόντας</span> <span class='ocrx_word' id='word_1_293' title='bbox 961 4053 1103 4120; x_wconf 78' lang='grc' dir='ltr'>τινὰς</span> <span class='ocrx_word' id='word_1_294' title='bbox 1126 4053 1318 4120; x_wconf 81' lang='grc' dir='ltr'>ἰδόντες</span> <span class='ocrx_word' id='word_1_295' title='bbox 1337 4057 1385 4113; x_wconf 80' lang='grc' dir='ltr'>οἵ</span> <span class='ocrx_word' id='word_1_296' title='bbox 1405 4053 1744 4115; x_wconf 78' lang='grc' dir='ltr'>ἀποκτείναν-</span> 
     </span>
     <span class='ocr_line' id='line_1_41' title="bbox 166 4139 1738 4224; baseline 0.002 -25"><span class='ocrx_word' id='word_1_297' title='bbox 166 4164 250 4209; x_wconf 85' lang='grc' dir='ltr'><strong>τες</strong></span> <span class='ocrx_word' id='word_1_298' title='bbox 289 4139 481 4206; x_wconf 79' lang='grc' dir='ltr'>αὖτοὺς</span> <span class='ocrx_word' id='word_1_299' title='bbox 519 4139 860 4207; x_wconf 71' lang='grc' dir='ltr'>ἀπολιπόντες</span> <span class='ocrx_word' id='word_1_300' title='bbox 897 4139 1096 4220; x_wconf 84' lang='grc' dir='ltr'>ᾤχοντο</span> <span class='ocrx_word' id='word_1_301' title='bbox 1123 4139 1394 4222; x_wconf 83' lang='grc' dir='ltr'>φεύγοντες</span> <span class='ocrx_word' id='word_1_302' title='bbox 1421 4141 1674 4224; x_wconf 87' lang='grc' dir='ltr'>πρότερον</span> <span class='ocrx_word' id='word_1_303' title='bbox 1703 4142 1738 4215; x_wconf 84' lang='grc' dir='ltr'>ἢ</span> 
     </span>
     <span class='ocr_line' id='line_1_42' title="bbox 165 4225 1741 4307; baseline 0.003 -21"><span class='ocrx_word' id='word_1_304' title='bbox 165 4229 474 4301; x_wconf 79' lang='grc' dir='ltr'>ἀπέδυσαν,</span> <span class='ocrx_word' id='word_1_305' title='bbox 498 4229 546 4287; x_wconf 76' lang='grc' dir='ltr'>οἳ</span> <span class='ocrx_word' id='word_1_306' title='bbox 565 4225 859 4307; x_wconf 79' lang='grc' dir='ltr'>ἐντυχόντες</span> <span class='ocrx_word' id='word_1_307' title='bbox 886 4226 952 4287; x_wconf 72' lang='grc' dir='ltr'><strong>ἂν</strong></span> <span class='ocrx_word' id='word_1_308' title='bbox 981 4229 1172 4301; x_wconf 74' lang='grc' dir='ltr'>αὐτοῖς,</span> <span class='ocrx_word' id='word_1_309' title='bbox 1186 4229 1234 4286; x_wconf 73' lang='grc' dir='ltr'><strong>εἴ</strong></span> <span class='ocrx_word' id='word_1_310' title='bbox 1257 4226 1349 4286; x_wconf 81' lang='grc' dir='ltr'><strong>καὶ</strong></span> <span class='ocrx_word' id='word_1_311' title='bbox 1373 4227 1462 4288; x_wconf 78' lang='grc' dir='ltr'><strong>τὸν</strong></span> <span class='ocrx_word' id='word_1_312' title='bbox 1484 4229 1741 4303; x_wconf 85' lang='grc' dir='ltr'>δεσπότην</span> 
     </span>
     <span class='ocr_line' id='line_1_43' title="bbox 163 4305 1742 4398; baseline 0.002 -24"><span class='ocrx_word' id='word_1_313' title='bbox 163 4319 434 4375; x_wconf 82' lang='grc' dir='ltr'>τεθνεῶτα</span> <span class='ocrx_word' id='word_1_314' title='bbox 460 4305 628 4396; x_wconf 60' lang='grc' dir='ltr'>εὗρον,</span> <span class='ocrx_word' id='word_1_315' title='bbox 656 4313 742 4373; x_wconf 86' lang='grc' dir='ltr'><strong>τόν</strong></span> <span class='ocrx_word' id='word_1_316' title='bbox 769 4337 830 4394; x_wconf 87' lang='grc' dir='ltr'><strong>γε</strong></span> <span class='ocrx_word' id='word_1_317' title='bbox 869 4312 1158 4396; x_wconf 81' lang='grc' dir='ltr'>θεράποντα</span> <span class='ocrx_word' id='word_1_318' title='bbox 1176 4359 1195 4393; x_wconf 90' lang='grc'>,</span> <span class='ocrx_word' id='word_1_319' title='bbox 1231 4315 1286 4382; x_wconf 88' lang='grc' dir='ltr'><strong>δς</strong></span> <span class='ocrx_word' id='word_1_320' title='bbox 1322 4313 1546 4393; x_wconf 87' lang='grc' dir='ltr'>ἔμπνους</span> <span class='ocrx_word' id='word_1_321' title='bbox 1573 4318 1742 4398; x_wconf 78' lang='grc' dir='ltr'>ἀρθεὶς</span> 
     </span>
     <span class='ocr_line' id='line_1_44' title="bbox 165 4400 1744 4484; baseline 0.003 -24"><span class='ocrx_word' id='word_1_322' title='bbox 165 4403 480 4483; x_wconf 79' lang='grc' dir='ltr'>ἐμαρτύρει,</span> <span class='ocrx_word' id='word_1_323' title='bbox 509 4401 587 4460; x_wconf 78' lang='grc' dir='ltr'><strong>ἔτι</strong></span> <span class='ocrx_word' id='word_1_324' title='bbox 607 4400 840 4484; x_wconf 82' lang='grc' dir='ltr'>ἔμφρονα</span> <span class='ocrx_word' id='word_1_325' title='bbox 868 4401 1134 4482; x_wconf 75' lang='grc' dir='ltr'>εὑρόντες,</span> <span class='ocrx_word' id='word_1_326' title='bbox 1173 4406 1352 4484; x_wconf 80' lang='grc' dir='ltr'>σαφῶς</span> <span class='ocrx_word' id='word_1_327' title='bbox 1377 4403 1744 4484; x_wconf 79' lang='grc' dir='ltr'>ἀνακρίναντες</span> 
     </span>
    </p>

    <p class='ocr_par' dir='ltr' id='par_1_14' title="bbox 93 4485 1743 5360">
     <span class='ocr_line' id='line_1_45' title="bbox 93 4485 1743 4572; baseline 0.002 -22"><span class='ocrx_word' id='word_1_328' title='bbox 93 4515 144 4556; x_wconf 81' lang='grc' dir='ltr'><strong>ιο</strong></span> <span class='ocrx_word' id='word_1_329' title='bbox 163 4489 290 4558; x_wconf 70' lang='grc' dir='ltr'>τοὺς</span> <span class='ocrx_word' id='word_1_330' title='bbox 341 4488 728 4570; x_wconf 78' lang='grc' dir='ltr'>ἐργασαμένους</span> <span class='ocrx_word' id='word_1_331' title='bbox 770 4488 1022 4569; x_wconf 79' lang='grc' dir='ltr'>ἤγγειλαν</span> <span class='ocrx_word' id='word_1_332' title='bbox 1060 4489 1124 4548; x_wconf 80' lang='grc' dir='ltr'><strong>ἂν</strong></span> <span class='ocrx_word' id='word_1_333' title='bbox 1152 4493 1301 4568; x_wconf 83' lang='grc' dir='ltr'>ἡμῖν,</span> <span class='ocrx_word' id='word_1_334' title='bbox 1342 4490 1435 4550; x_wconf 74' lang='grc' dir='ltr'><strong>καὶ</strong></span> <span class='ocrx_word' id='word_1_335' title='bbox 1463 4494 1562 4572; x_wconf 79' lang='grc' dir='ltr'><strong>οὐχ</strong></span> <span class='ocrx_word' id='word_1_336' title='bbox 1597 4485 1743 4563; x_wconf 68' lang='grc' dir='ltr'>οὗτος</span> 
     </span>
     <span class='ocr_line' id='line_1_46' title="bbox 167 4566 1741 4660; baseline 0.004 -26"><span class='ocrx_word' id='word_1_337' title='bbox 167 4575 268 4648; x_wconf 79' lang='grc' dir='ltr'><strong>τὴν</strong></span> <span class='ocrx_word' id='word_1_338' title='bbox 317 4580 494 4635; x_wconf 82' lang='grc' dir='ltr'>αἰτίαν</span> <span class='ocrx_word' id='word_1_339' title='bbox 541 4566 698 4656; x_wconf 68' lang='grc' dir='ltr'>εἶχεν·</span> <span class='ocrx_word' id='word_1_340' title='bbox 739 4574 842 4634; x_wconf 84' lang='grc' dir='ltr'>εἴτε</span> <span class='ocrx_word' id='word_1_341' title='bbox 886 4576 1036 4635; x_wconf 79' lang='grc' dir='ltr'>ἄλλοι</span> <span class='ocrx_word' id='word_1_342' title='bbox 1061 4575 1194 4644; x_wconf 80' lang='grc' dir='ltr'>τινὲς</span> <span class='ocrx_word' id='word_1_343' title='bbox 1229 4577 1403 4660; x_wconf 80' lang='grc' dir='ltr'>ἕτερόν</span> <span class='ocrx_word' id='word_1_344' title='bbox 1442 4604 1492 4637; x_wconf 90' lang='grc' dir='ltr'><strong>τι</strong></span> <span class='ocrx_word' id='word_1_345' title='bbox 1514 4587 1741 4640; x_wconf 90' lang='grc' dir='ltr'>τοιοῦτον</span> 
     </span>
     <span class='ocr_line' id='line_1_47' title="bbox 167 4663 1740 4744; baseline 0.002 -21"><span class='ocrx_word' id='word_1_346' title='bbox 167 4670 587 4744; x_wconf 83' lang='grc' dir='ltr'>κακουργοῦντες</span> <span class='ocrx_word' id='word_1_347' title='bbox 620 4663 856 4744; x_wconf 85' lang='grc' dir='ltr'>ὀφθέντες</span> <span class='ocrx_word' id='word_1_348' title='bbox 895 4663 982 4722; x_wconf 80' lang='grc' dir='ltr'><strong>ὑπ’</strong></span> <span class='ocrx_word' id='word_1_349' title='bbox 1017 4665 1209 4738; x_wconf 81' lang='grc' dir='ltr'>αὐτῶν,</span> <span class='ocrx_word' id='word_1_350' title='bbox 1235 4663 1324 4723; x_wconf 80' lang='grc' dir='ltr'><strong>ἵνα</strong></span> <span class='ocrx_word' id='word_1_351' title='bbox 1366 4665 1441 4743; x_wconf 84' lang='grc' dir='ltr'><strong>μὴ</strong></span> <span class='ocrx_word' id='word_1_352' title='bbox 1469 4671 1740 4744; x_wconf 83' lang='grc' dir='ltr'>γνωσθῶσι</span> 
     </span>
     <span class='ocr_line' id='line_1_48' title="bbox 171 4749 1737 4835; baseline 0.001 -25"><span class='ocrx_word' id='word_1_353' title='bbox 171 4753 471 4834; x_wconf 71' lang='grc' dir='ltr'>διέφθειραν</span> <span class='ocrx_word' id='word_1_354' title='bbox 497 4750 684 4817; x_wconf 77' lang='grc' dir='ltr'>αὐτούς</span> <span class='ocrx_word' id='word_1_355' title='bbox 701 4796 718 4826; x_wconf 87' lang='grc'>,</span> <span class='ocrx_word' id='word_1_356' title='bbox 748 4749 862 4827; x_wconf 81' lang='grc' dir='ltr'><strong>ἅμα</strong></span> <span class='ocrx_word' id='word_1_357' title='bbox 887 4754 964 4832; x_wconf 79' lang='grc' dir='ltr'><strong>τῷ</strong></span> <span class='ocrx_word' id='word_1_358' title='bbox 1002 4752 1198 4812; x_wconf 89' lang='grc' dir='ltr'>τούτων</span> <span class='ocrx_word' id='word_1_359' title='bbox 1246 4753 1386 4834; x_wconf 81' lang='grc' dir='ltr'>φόνῳ</span> <span class='ocrx_word' id='word_1_360' title='bbox 1415 4752 1475 4811; x_wconf 86' lang='grc' dir='ltr'><strong>τὸ</strong></span> <span class='ocrx_word' id='word_1_361' title='bbox 1511 4755 1737 4835; x_wconf 87' lang='grc' dir='ltr'>κακούρ-</span> 
     </span>
     <span class='ocr_line' id='line_1_49' title="bbox 169 4834 1735 4922; baseline 0.004 -27"><span class='ocrx_word' id='word_1_362' title='bbox 169 4863 324 4917; x_wconf 86' lang='grc' dir='ltr'>γημα</span> <span class='ocrx_word' id='word_1_363' title='bbox 347 4838 412 4896; x_wconf 76' lang='grc' dir='ltr'><strong>ἂν</strong></span> <span class='ocrx_word' id='word_1_364' title='bbox 436 4835 759 4918; x_wconf 82' lang='grc' dir='ltr'>ἐκηρύσσετο</span> <span class='ocrx_word' id='word_1_365' title='bbox 773 4838 862 4896; x_wconf 76' lang='grc' dir='ltr'><strong>καὶ</strong></span> <span class='ocrx_word' id='word_1_366' title='bbox 885 4841 957 4906; x_wconf 81' lang='grc' dir='ltr'><strong>εἷς</strong></span> <span class='ocrx_word' id='word_1_367' title='bbox 977 4838 1190 4906; x_wconf 86' lang='grc' dir='ltr'>τούτους</span> <span class='ocrx_word' id='word_1_368' title='bbox 1219 4839 1282 4898; x_wconf 72' lang='grc' dir='ltr'><strong>ἂν</strong></span> <span class='ocrx_word' id='word_1_369' title='bbox 1309 4845 1344 4911; x_wconf 83' lang='grc' dir='ltr'>ἡ</span> <span class='ocrx_word' id='word_1_370' title='bbox 1368 4841 1567 4922; x_wconf 72' lang='grc' dir='ltr'>ὑποψία</span> <span class='ocrx_word' id='word_1_371' title='bbox 1587 4834 1735 4915; x_wconf 62' lang='grc' dir='ltr'>ἧκεν.</span> 
     </span>
     <span class='ocr_line' id='line_1_50' title="bbox 172 4917 1736 5010; baseline 0.001 -26"><span class='ocrx_word' id='word_1_372' title='bbox 172 4929 234 5005; x_wconf 78' lang='lat' dir='ltr'><strong>(a)</strong></span> <span class='ocrx_word' id='word_1_373' title='bbox 261 4924 340 4986; x_wconf 78' lang='grc' dir='ltr'><strong>Οἵ</strong></span> <span class='ocrx_word' id='word_1_374' title='bbox 356 4949 418 4984; x_wconf 89' lang='grc' dir='ltr'><strong>τε</strong></span> <span class='ocrx_word' id='word_1_375' title='bbox 444 4917 611 4997; x_wconf 70' lang='grc' dir='ltr'>ἧσσον</span> <span class='ocrx_word' id='word_1_376' title='bbox 635 4923 1011 4992; x_wconf 80' lang='grc' dir='ltr'>κινδυνεύοντες</span> <span class='ocrx_word' id='word_1_377' title='bbox 1032 4929 1136 4984; x_wconf 83' lang='grc' dir='ltr'><strong>τῶν</strong></span> <span class='ocrx_word' id='word_1_378' title='bbox 1167 4929 1367 5002; x_wconf 81' lang='grc' dir='ltr'>μᾶλλον</span> <span class='ocrx_word' id='word_1_379' title='bbox 1397 4929 1448 4985; x_wconf 80' lang='grc' dir='ltr'><strong>ἐν</strong></span> <span class='ocrx_word' id='word_1_380' title='bbox 1483 4928 1626 5010; x_wconf 75' lang='grc' dir='ltr'><strong>φόὸῳ</strong></span> <span class='ocrx_word' id='word_1_381' title='bbox 1653 4929 1736 4988; x_wconf 80' lang='grc' dir='ltr'><strong>ὄν·</strong></span> 
     </span>
     <span class='ocr_line' id='line_1_51' title="bbox 167 5005 1742 5095; baseline 0.001 -23"><span class='ocrx_word' id='word_1_382' title='bbox 167 5038 274 5072; x_wconf 89' lang='grc' dir='ltr'><strong>των</strong></span> <span class='ocrx_word' id='word_1_383' title='bbox 302 5015 398 5072; x_wconf 77' lang='grc' dir='ltr'>οὔκ</span> <span class='ocrx_word' id='word_1_384' title='bbox 423 5005 523 5072; x_wconf 78' lang='grc' dir='ltr'>οἶδ’</span> <span class='ocrx_word' id='word_1_385' title='bbox 542 5011 682 5079; x_wconf 77' lang='grc' dir='ltr'>ὅπως</span> <span class='ocrx_word' id='word_1_386' title='bbox 708 5010 771 5070; x_wconf 74' lang='grc' dir='ltr'><strong>ἂν</strong></span> <span class='ocrx_word' id='word_1_387' title='bbox 805 5014 1004 5090; x_wconf 80' lang='grc' dir='ltr'>μᾶλλον</span> <span class='ocrx_word' id='word_1_388' title='bbox 1035 5012 1415 5073; x_wconf 75' lang='grc' dir='ltr'>ἔπεὸούλευσαν</span> <span class='ocrx_word' id='word_1_389' title='bbox 1445 5017 1604 5095; x_wconf 75' lang='grc' dir='ltr'>αὐτῷ·</span> <span class='ocrx_word' id='word_1_390' title='bbox 1623 5014 1742 5083; x_wconf 75' lang='grc' dir='ltr'>τοὺς</span> 
     </span>
     <span class='ocr_line' id='line_1_52' title="bbox 95 5094 1741 5182; baseline 0.001 -21"><span class='ocrx_word' id='word_1_391' title='bbox 95 5133 140 5172; x_wconf 75' lang='lat'><strong>⁸5</strong></span> <span class='ocrx_word' id='word_1_392' title='bbox 169 5103 268 5182; x_wconf 79' lang='grc' dir='ltr'><strong>μὲν</strong></span> <span class='ocrx_word' id='word_1_393' title='bbox 293 5101 398 5182; x_wconf 77' lang='grc' dir='ltr'>γὰρ</span> <span class='ocrx_word' id='word_1_394' title='bbox 421 5100 456 5161; x_wconf 78' lang='grc' dir='ltr'>ὅ</span> <span class='ocrx_word' id='word_1_395' title='bbox 488 5124 544 5160; x_wconf 86' lang='grc' dir='ltr'><strong>τε</strong></span> <span class='ocrx_word' id='word_1_396' title='bbox 574 5099 730 5180; x_wconf 72' lang='grc' dir='ltr'>φόὸος</span> <span class='ocrx_word' id='word_1_397' title='bbox 759 5098 795 5172; x_wconf 81' lang='grc' dir='ltr'><strong>ἥ</strong></span> <span class='ocrx_word' id='word_1_398' title='bbox 829 5124 888 5159; x_wconf 91' lang='grc' dir='ltr'><strong>τε</strong></span> <span class='ocrx_word' id='word_1_399' title='bbox 919 5100 1096 5160; x_wconf 83' lang='grc' dir='ltr'>ἀδικία</span> <span class='ocrx_word' id='word_1_400' title='bbox 1131 5095 1284 5174; x_wconf 75' lang='grc' dir='ltr'>ἱκανὴ</span> <span class='ocrx_word' id='word_1_401' title='bbox 1327 5094 1390 5175; x_wconf 72' lang='grc' dir='ltr'><strong>ἦν</strong></span> <span class='ocrx_word' id='word_1_402' title='bbox 1422 5109 1623 5162; x_wconf 88' lang='grc' dir='ltr'>παῦσαι</span> <span class='ocrx_word' id='word_1_403' title='bbox 1649 5109 1741 5176; x_wconf 80' lang='grc' dir='ltr'><strong>τῆς</strong></span> 
     </span>
     <span class='ocr_line' id='line_1_53' title="bbox 168 5187 1740 5360; baseline 0 -22"><span class='ocrx_word' id='word_1_404' title='bbox 168 5188 514 5338; x_wconf 44' lang='lat' dir='ltr'><strong>W:</strong></span> <span class='ocrx_word' id='word_1_405' title='bbox 529 5187 715 5360; x_wconf 62' lang='grc' dir='ltr'><strong>’ςῐῑὲ</strong></span> <span class='ocrx_word' id='word_1_406' title='bbox 744 5187 776 5247; x_wconf 75' lang='lat'>⁸</span> <span class='ocrx_word' id='word_1_407' title='bbox 799 5187 1740 5358; x_wconf 54' lang='lat'><strong>{2:{231’322232‘</strong></span> 
     </span>
     <span class='ocr_line' id='line_1_54' title="bbox 178 5299 1739 5356; baseline 0.003 -22"><span class='ocrx_word' id='word_1_408' title='bbox 178 5299 302 5335; x_wconf 74' lang='grc' dir='ltr'>ουσα</span> <span class='ocrx_word' id='word_1_409' title='bbox 327 5301 426 5350; x_wconf 84' lang='grc' dir='ltr'><strong>της</strong></span> <span class='ocrx_word' id='word_1_410' title='bbox 515 5300 550 5336; x_wconf 85' lang='grc' dir='ltr'><strong>α</strong></span> <span class='ocrx_word' id='word_1_411' title='bbox 691 5301 747 5353; x_wconf 86' lang='grc' dir='ltr'><strong>ς,</strong></span> <span class='ocrx_word' id='word_1_412' title='bbox 773 5301 796 5337; x_wconf 78' lang='grc' dir='ltr'><strong>ι</strong></span> <span class='ocrx_word' id='word_1_413' title='bbox 1278 5303 1305 5340; x_wconf 89' lang='grc' dir='ltr'><strong>ν</strong></span> <span class='ocrx_word' id='word_1_414' title='bbox 1333 5303 1364 5339; x_wconf 88' lang='grc' dir='ltr'><strong>τ</strong></span> <span class='ocrx_word' id='word_1_415' title='bbox 1402 5303 1466 5338; x_wconf 82' lang='grc' dir='ltr'><strong>υτ</strong></span> <span class='ocrx_word' id='word_1_416' title='bbox 1719 5324 1739 5356; x_wconf 88' lang='grc'>,</span> 
     </span>
    </p>
   </div>
   <div class='ocr_carea' id='block_1_10' title="bbox 1830 687 3408 2278">
    <p class='ocr_par' dir='ltr' id='par_1_15' title="bbox 1830 687 3408 2278">
     <span class='ocr_line' id='line_1_55' title="bbox 1840 687 3404 754; baseline 0.004 -18"><span class='ocrx_word' id='word_1_417' title='bbox 1840 687 2081 750; x_wconf 82' lang='lat' dir='ltr'><strong>minibus,</strong></span> <span class='ocrx_word' id='word_1_418' title='bbox 2102 690 2203 738; x_wconf 88' lang='lat' dir='ltr'><strong>tam</strong></span> <span class='ocrx_word' id='word_1_419' title='bbox 2218 689 2443 752; x_wconf 88' lang='lat' dir='ltr'><strong>impuris,</strong></span> <span class='ocrx_word' id='word_1_420' title='bbox 2467 689 2724 753; x_wconf 87' lang='lat' dir='ltr'><strong>denegate,</strong></span> <span class='ocrx_word' id='word_1_421' title='bbox 2748 691 2969 754; x_wconf 70' lang='lat' dir='ltr'><strong>iudices,</strong></span> <span class='ocrx_word' id='word_1_422' title='bbox 2992 691 3139 742; x_wconf 88' lang='lat' dir='ltr'><strong>fidem</strong></span> <span class='ocrx_word' id='word_1_423' title='bbox 3155 695 3404 744; x_wconf 74' lang='lat' dir='ltr'><strong>vestram:</strong></span> 
     </span>
     <span class='ocr_line' id='line_1_56' title="bbox 1838 761 3407 815; baseline 0.004 -7"><span class='ocrx_word' id='word_1_424' title='bbox 1838 771 1921 808; x_wconf 90' lang='lat' dir='ltr'><strong>me</strong></span> <span class='ocrx_word' id='word_1_425' title='bbox 1952 773 2068 809; x_wconf 85' lang='lat' dir='ltr'><strong>vero</strong></span> <span class='ocrx_word' id='word_1_426' title='bbox 2105 775 2134 810; x_wconf 92' lang='lat' dir='ltr'><strong>e</strong></span> <span class='ocrx_word' id='word_1_427' title='bbox 2162 761 2376 811; x_wconf 89' lang='lat' dir='ltr'><strong>moribus</strong></span> <span class='ocrx_word' id='word_1_428' title='bbox 2400 765 2452 810; x_wconf 91' lang='lat' dir='ltr'><strong>et</strong></span> <span class='ocrx_word' id='word_1_429' title='bbox 2477 762 2613 812; x_wconf 86' lang='lat' dir='ltr'><strong>factis</strong></span> <span class='ocrx_word' id='word_1_430' title='bbox 2646 765 2759 812; x_wconf 90' lang='lat' dir='ltr'><strong>ante</strong></span> <span class='ocrx_word' id='word_1_431' title='bbox 2785 765 2907 812; x_wconf 81' lang='lat' dir='ltr'><strong>actae</strong></span> <span class='ocrx_word' id='word_1_432' title='bbox 2944 764 3101 812; x_wconf 86' lang='lat' dir='ltr'><strong>omnis</strong></span> <span class='ocrx_word' id='word_1_433' title='bbox 3134 777 3257 814; x_wconf 87' lang='lat' dir='ltr'><strong>meae</strong></span> <span class='ocrx_word' id='word_1_434' title='bbox 3291 765 3407 815; x_wconf 81' lang='lat' dir='ltr'><strong>vitae</strong></span> 
     </span>
     <span class='ocr_line' id='line_1_57' title="bbox 1838 831 3405 896; baseline 0.003 -17"><span class='ocrx_word' id='word_1_435' title='bbox 1838 832 2077 893; x_wconf 78' lang='lat' dir='ltr'><strong>spectate3</strong></span> <span class='ocrx_word' id='word_1_436' title='bbox 2105 831 2467 895; x_wconf 84' lang='lat' dir='ltr'><strong>deprehendetis</strong></span> <span class='ocrx_word' id='word_1_437' title='bbox 2506 845 2587 882; x_wconf 92' lang='lat' dir='ltr'><strong>me</strong></span> <span class='ocrx_word' id='word_1_438' title='bbox 2616 845 2774 895; x_wconf 86' lang='lat' dir='ltr'><strong>neque</strong></span> <span class='ocrx_word' id='word_1_439' title='bbox 2812 833 2926 882; x_wconf 80' lang='lat' dir='ltr'><strong>vitae</strong></span> <span class='ocrx_word' id='word_1_440' title='bbox 2961 833 3247 896; x_wconf 76' lang='lat' dir='ltr'><strong>cuiusquam</strong></span> <span class='ocrx_word' id='word_1_441' title='bbox 3286 835 3405 884; x_wconf 87' lang='lat' dir='ltr'><strong>insi-</strong></span> 
     </span>
     <span class='ocr_line' id='line_1_58' title="bbox 1839 899 3408 966; baseline 0.006 -18"><span class='ocrx_word' id='word_1_442' title='bbox 1839 899 1960 950; x_wconf 88' lang='lat' dir='ltr'><strong>diari</strong></span> <span class='ocrx_word' id='word_1_443' title='bbox 1995 915 2152 964; x_wconf 89' lang='lat' dir='ltr'><strong>neque</strong></span> <span class='ocrx_word' id='word_1_444' title='bbox 2186 903 2314 952; x_wconf 84' lang='lat' dir='ltr'><strong>bona</strong></span> <span class='ocrx_word' id='word_1_445' title='bbox 2336 903 2489 952; x_wconf 89' lang='lat' dir='ltr'><strong>aliena</strong></span> <span class='ocrx_word' id='word_1_446' title='bbox 2512 906 2763 966; x_wconf 84' lang='lat' dir='ltr'><strong>appetere,</strong></span> <span class='ocrx_word' id='word_1_447' title='bbox 2798 903 2883 954; x_wconf 87' lang='lat' dir='ltr'><strong>sed</strong></span> <span class='ocrx_word' id='word_1_448' title='bbox 2915 906 3083 953; x_wconf 84' lang='lat' dir='ltr'><strong>contra</strong></span> <span class='ocrx_word' id='word_1_449' title='bbox 3096 941 3110 966; x_wconf 92' lang='lat'><strong>,</strong></span> <span class='ocrx_word' id='word_1_450' title='bbox 3143 907 3323 956; x_wconf 87' lang='lat' dir='ltr'><strong>multas</strong></span> <span class='ocrx_word' id='word_1_451' title='bbox 3356 908 3408 957; x_wconf 85' lang='lat' dir='ltr'><strong>et</strong></span> 
     </span>
     <span class='ocr_line' id='line_1_59' title="bbox 1838 973 3405 1040; baseline 0.004 -21"><span class='ocrx_word' id='word_1_452' title='bbox 1838 983 2035 1033; x_wconf 82' lang='lat' dir='ltr'><strong>magnas</strong></span> <span class='ocrx_word' id='word_1_453' title='bbox 2052 973 2429 1023; x_wconf 66' lang='lat' dir='ltr'><strong>contributiones</strong></span> <span class='ocrx_word' id='word_1_454' title='bbox 2446 974 2750 1023; x_wconf 79' lang='lat' dir='ltr'>contribuere</span> <span class='ocrx_word' id='word_1_455' title='bbox 2761 1010 2776 1036; x_wconf 95' lang='lat'><strong>,</strong></span> <span class='ocrx_word' id='word_1_456' title='bbox 2796 975 2951 1024; x_wconf 83' lang='lat' dir='ltr'><strong>multa</strong></span> <span class='ocrx_word' id='word_1_457' title='bbox 2968 975 3019 1023; x_wconf 88' lang='lat' dir='ltr'><strong>in</strong></span> <span class='ocrx_word' id='word_1_458' title='bbox 3034 975 3377 1026; x_wconf 85' lang='lat' dir='ltr'><strong>trierarchatus</strong></span> <span class='ocrx_word' id='word_1_459' title='bbox 3388 1014 3405 1040; x_wconf 89' lang='lat'><strong>,</strong></span> 
     </span>
     <span class='ocr_line' id='line_1_60' title="bbox 1837 1043 3406 1108; baseline 0.004 -19"><span class='ocrx_word' id='word_1_460' title='bbox 1837 1053 2017 1104; x_wconf 89' lang='lat' dir='ltr'><strong>eosque</strong></span> <span class='ocrx_word' id='word_1_461' title='bbox 2060 1043 2279 1105; x_wconf 89' lang='lat' dir='ltr'><strong>crebros,</strong></span> <span class='ocrx_word' id='word_1_462' title='bbox 2312 1043 2553 1094; x_wconf 82' lang='lat' dir='ltr'><strong>insumere</strong></span> <span class='ocrx_word' id='word_1_463' title='bbox 2566 1081 2581 1104; x_wconf 92' lang='lat'><strong>,</strong></span> <span class='ocrx_word' id='word_1_464' title='bbox 2622 1044 2865 1107; x_wconf 87' lang='lat' dir='ltr'><strong>splendida</strong></span> <span class='ocrx_word' id='word_1_465' title='bbox 2900 1059 3105 1096; x_wconf 87' lang='lat' dir='ltr'><strong>munera</strong></span> <span class='ocrx_word' id='word_1_466' title='bbox 3136 1046 3406 1108; x_wconf 76' lang='lat' dir='ltr'><strong>elioregalia</strong></span> 
     </span>
     <span class='ocr_line' id='line_1_61' title="bbox 1839 1111 3403 1180; baseline 0.004 -20"><span class='ocrx_word' id='word_1_467' title='bbox 1839 1111 2008 1174; x_wconf 87' lang='lat' dir='ltr'><strong>edere,</strong></span> <span class='ocrx_word' id='word_1_468' title='bbox 2042 1113 2207 1162; x_wconf 90' lang='lat' dir='ltr'><strong>multis</strong></span> <span class='ocrx_word' id='word_1_469' title='bbox 2245 1127 2526 1164; x_wconf 75' lang='lat' dir='ltr'><strong>succurrere</strong></span> <span class='ocrx_word' id='word_1_470' title='bbox 2554 1115 2771 1176; x_wconf 76' lang='lat' dir='ltr'><strong>gratuitis</strong></span> <span class='ocrx_word' id='word_1_471' title='bbox 2800 1115 2861 1165; x_wconf 89' lang='lat' dir='ltr'><strong>de</strong></span> <span class='ocrx_word' id='word_1_472' title='bbox 2895 1128 3007 1165; x_wconf 89' lang='lat' dir='ltr'><strong>meo</strong></span> <span class='ocrx_word' id='word_1_473' title='bbox 3042 1116 3373 1178; x_wconf 87' lang='lat' dir='ltr'><strong>largitionibus</strong></span> <span class='ocrx_word' id='word_1_474' title='bbox 3388 1153 3403 1180; x_wconf 94' lang='lat'><strong>,</strong></span> 
     </span>
     <span class='ocr_line' id='line_1_62' title="bbox 1837 1182 3401 1245; baseline 0.004 -15"><span class='ocrx_word' id='word_1_475' title='bbox 1837 1193 1927 1243; x_wconf 83' lang='lat' dir='ltr'><strong>pro</strong></span> <span class='ocrx_word' id='word_1_476' title='bbox 1950 1182 2115 1232; x_wconf 87' lang='lat' dir='ltr'><strong>multis</strong></span> <span class='ocrx_word' id='word_1_477' title='bbox 2132 1219 2146 1244; x_wconf 91' lang='lat'><strong>,</strong></span> <span class='ocrx_word' id='word_1_478' title='bbox 2175 1182 2351 1245; x_wconf 86' lang='lat' dir='ltr'><strong>quibus</strong></span> <span class='ocrx_word' id='word_1_479' title='bbox 2376 1196 2457 1232; x_wconf 91' lang='lat' dir='ltr'><strong>me</strong></span> <span class='ocrx_word' id='word_1_480' title='bbox 2477 1183 2540 1233; x_wconf 88' lang='lat' dir='ltr'><strong>de</strong></span> <span class='ocrx_word' id='word_1_481' title='bbox 2564 1185 2839 1236; x_wconf 88' lang='lat' dir='ltr'><strong>nominibus</strong></span> <span class='ocrx_word' id='word_1_482' title='bbox 2873 1185 3003 1234; x_wconf 89' lang='lat' dir='ltr'><strong>haud</strong></span> <span class='ocrx_word' id='word_1_483' title='bbox 3036 1185 3401 1237; x_wconf 82' lang='lat' dir='ltr'><strong>contemnendis</strong></span> 
     </span>
     <span class='ocr_line' id='line_1_63' title="bbox 1837 1251 3402 1317; baseline 0.003 -17"><span class='ocrx_word' id='word_1_484' title='bbox 1837 1251 2051 1311; x_wconf 76' lang='lat' dir='ltr'><strong>praedem</strong></span> <span class='ocrx_word' id='word_1_485' title='bbox 2076 1252 2429 1315; x_wconf 73' lang='lat' dir='ltr'><strong>praestitissem,</strong></span> <span class='ocrx_word' id='word_1_486' title='bbox 2455 1254 2588 1304; x_wconf 90' lang='lat' dir='ltr'><strong>luere</strong></span> <span class='ocrx_word' id='word_1_487' title='bbox 2612 1255 2837 1317; x_wconf 85' lang='lat' dir='ltr'><strong>solitum,</strong></span> <span class='ocrx_word' id='word_1_488' title='bbox 2864 1269 2967 1306; x_wconf 90' lang='lat' dir='ltr'><strong>rem</strong></span> <span class='ocrx_word' id='word_1_489' title='bbox 2991 1257 3183 1306; x_wconf 77' lang='lat' dir='ltr'><strong>auxisse</strong></span> <span class='ocrx_word' id='word_1_490' title='bbox 3213 1269 3313 1306; x_wconf 90' lang='lat' dir='ltr'><strong>non</strong></span> <span class='ocrx_word' id='word_1_491' title='bbox 3340 1256 3402 1305; x_wconf 90' lang='lat' dir='ltr'><strong>li·</strong></span> 
     </span>
     <span class='ocr_line' id='line_1_64' title="bbox 1836 1319 3403 1387; baseline 0.006 -20"><span class='ocrx_word' id='word_1_492' title='bbox 1836 1319 1963 1370; x_wconf 89' lang='lat' dir='ltr'><strong>tium</strong></span> <span class='ocrx_word' id='word_1_493' title='bbox 1998 1320 2258 1371; x_wconf 85' lang='lat' dir='ltr'><strong>forensium</strong></span> <span class='ocrx_word' id='word_1_494' title='bbox 2291 1321 2539 1384; x_wconf 80' lang='lat' dir='ltr'><strong>sordibus,</strong></span> <span class='ocrx_word' id='word_1_495' title='bbox 2572 1323 2657 1372; x_wconf 87' lang='lat' dir='ltr'><strong>sed</strong></span> <span class='ocrx_word' id='word_1_496' title='bbox 2691 1325 2877 1374; x_wconf 78' lang='lat' dir='ltr'><strong>honesti</strong></span> <span class='ocrx_word' id='word_1_497' title='bbox 2912 1329 3127 1387; x_wconf 78' lang='lat' dir='ltr'><strong>quaestus</strong></span> <span class='ocrx_word' id='word_1_498' title='bbox 3163 1328 3403 1376; x_wconf 84' lang='lat' dir='ltr'><strong>exercita-</strong></span> 
     </span>
     <span class='ocr_line' id='line_1_65' title="bbox 1837 1387 3403 1458; baseline 0.006 -20"><span class='ocrx_word' id='word_1_499' title='bbox 1837 1387 1995 1452; x_wconf 89' lang='lat' dir='ltr'><strong>tione,</strong></span> <span class='ocrx_word' id='word_1_500' title='bbox 2022 1392 2193 1441; x_wconf 87' lang='lat' dir='ltr'><strong>crebra</strong></span> <span class='ocrx_word' id='word_1_501' title='bbox 2217 1392 2309 1441; x_wconf 85' lang='lat' dir='ltr'><strong>diis</strong></span> <span class='ocrx_word' id='word_1_502' title='bbox 2332 1393 2507 1442; x_wconf 85' lang='lat' dir='ltr'><strong>offerre</strong></span> <span class='ocrx_word' id='word_1_503' title='bbox 2541 1393 2798 1457; x_wconf 81' lang='lat' dir='ltr'><strong>sacrificia,</strong></span> <span class='ocrx_word' id='word_1_504' title='bbox 2835 1394 3125 1458; x_wconf 86' lang='lat' dir='ltr'><strong>civilemque</strong></span> <span class='ocrx_word' id='word_1_505' title='bbox 3147 1411 3228 1446; x_wconf 91' lang='lat' dir='ltr'><strong>me</strong></span> <span class='ocrx_word' id='word_1_506' title='bbox 3253 1399 3304 1447; x_wconf 91' lang='lat' dir='ltr'><strong>et</strong></span> <span class='ocrx_word' id='word_1_507' title='bbox 3336 1399 3403 1446; x_wconf 91' lang='lat' dir='ltr'><strong>le·</strong></span> 
     </span>
     <span class='ocr_line' id='line_1_66' title="bbox 1835 1459 3403 1528; baseline 0.006 -20"><span class='ocrx_word' id='word_1_508' title='bbox 1835 1459 1975 1520; x_wconf 85' lang='lat' dir='ltr'><strong>gibus</strong></span> <span class='ocrx_word' id='word_1_509' title='bbox 1990 1462 2331 1525; x_wconf 84' lang='lat' dir='ltr'><strong>obsequentem</strong></span> <span class='ocrx_word' id='word_1_510' title='bbox 2345 1475 2525 1524; x_wconf 84' lang='lat' dir='ltr'><strong>gerere.</strong></span> <span class='ocrx_word' id='word_1_511' title='bbox 2590 1464 2717 1518; x_wconf 77' lang='lat' dir='ltr'><strong>&#39;salis</strong></span> <span class='ocrx_word' id='word_1_512' title='bbox 2738 1477 2891 1528; x_wconf 86' lang='lat' dir='ltr'><strong>quum</strong></span> <span class='ocrx_word' id='word_1_513' title='bbox 2908 1467 3017 1527; x_wconf 89' lang='lat' dir='ltr'><strong>sim,</strong></span> <span class='ocrx_word' id='word_1_514' title='bbox 3038 1467 3155 1516; x_wconf 85' lang='lat' dir='ltr'><strong>nihil</strong></span> <span class='ocrx_word' id='word_1_515' title='bbox 3178 1467 3296 1516; x_wconf 76' lang='lat' dir='ltr'><strong>miili</strong></span> <span class='ocrx_word' id='word_1_516' title='bbox 3314 1481 3403 1517; x_wconf 81' lang='lat' dir='ltr'><strong>ne-</strong></span> 
     </span>
     <span class='ocr_line' id='line_1_67' title="bbox 1836 1528 3405 1599; baseline 0.006 -22"><span class='ocrx_word' id='word_1_517' title='bbox 1836 1528 2011 1579; x_wconf 86' lang='lat' dir='ltr'><strong>fastum</strong></span> <span class='ocrx_word' id='word_1_518' title='bbox 2031 1536 2119 1582; x_wconf 87' lang='lat' dir='ltr'><strong>aut</strong></span> <span class='ocrx_word' id='word_1_519' title='bbox 2135 1537 2275 1595; x_wconf 82' lang='lat' dir='ltr'><strong>turpe</strong></span> <span class='ocrx_word' id='word_1_520' title='bbox 2294 1533 2502 1595; x_wconf 84' lang='lat' dir='ltr'><strong>infligite.</strong></span> <span class='ocrx_word' id='word_1_521' title='bbox 2532 1535 2630 1595; x_wconf 79' lang='lat'><strong>(13)</strong></span> <span class='ocrx_word' id='word_1_522' title='bbox 2653 1536 2832 1592; x_wconf 83' lang='lat' dir='ltr'><strong>Quodsi</strong></span> <span class='ocrx_word' id='word_1_523' title='bbox 2852 1541 3129 1599; x_wconf 88' lang='lat' dir='ltr'><strong>peremptus</strong></span> <span class='ocrx_word' id='word_1_524' title='bbox 3146 1538 3225 1586; x_wconf 84' lang='lat' dir='ltr'><strong>hic</strong></span> <span class='ocrx_word' id='word_1_525' title='bbox 3244 1538 3405 1588; x_wconf 85' lang='lat' dir='ltr'><strong>adhuc</strong></span> 
     </span>
     <span class='ocr_line' id='line_1_68' title="bbox 1835 1599 3404 1670; baseline 0.006 -21"><span class='ocrx_word' id='word_1_526' title='bbox 1835 1599 1885 1648; x_wconf 88' lang='lat' dir='ltr'><strong>in</strong></span> <span class='ocrx_word' id='word_1_527' title='bbox 1903 1600 2029 1651; x_wconf 86' lang='lat' dir='ltr'><strong>vivis</strong></span> <span class='ocrx_word' id='word_1_528' title='bbox 2056 1605 2323 1665; x_wconf 77' lang='lat' dir='ltr'><strong>supeer</strong></span> <span class='ocrx_word' id='word_1_529' title='bbox 2338 1640 2353 1665; x_wconf 93' lang='lat'><strong>,</strong></span> <span class='ocrx_word' id='word_1_530' title='bbox 2386 1617 2485 1652; x_wconf 91' lang='lat' dir='ltr'><strong>non</strong></span> <span class='ocrx_word' id='word_1_531' title='bbox 2527 1603 2643 1654; x_wconf 86' lang='lat' dir='ltr'><strong>satis</strong></span> <span class='ocrx_word' id='word_1_532' title='bbox 2676 1605 2905 1655; x_wconf 86' lang='lat' dir='ltr'><strong>haberem</strong></span> <span class='ocrx_word' id='word_1_533' title='bbox 2936 1619 3015 1656; x_wconf 90' lang='lat' dir='ltr'><strong>me</strong></span> <span class='ocrx_word' id='word_1_534' title='bbox 3043 1621 3245 1670; x_wconf 87' lang='lat' dir='ltr'><strong>purgare</strong></span> <span class='ocrx_word' id='word_1_535' title='bbox 3260 1646 3275 1670; x_wconf 91' lang='lat'><strong>,</strong></span> <span class='ocrx_word' id='word_1_536' title='bbox 3318 1608 3404 1658; x_wconf 88' lang='lat' dir='ltr'><strong>sed</strong></span> 
     </span>
     <span class='ocr_line' id='line_1_69' title="bbox 1836 1672 3407 1738; baseline 0.006 -19"><span class='ocrx_word' id='word_1_537' title='bbox 1836 1672 1983 1720; x_wconf 89' lang='lat' dir='ltr'><strong>etiam</strong></span> <span class='ocrx_word' id='word_1_538' title='bbox 2011 1685 2126 1723; x_wconf 89' lang='lat' dir='ltr'><strong>eum</strong></span> <span class='ocrx_word' id='word_1_539' title='bbox 2140 1711 2155 1736; x_wconf 91' lang='lat'><strong>,</strong></span> <span class='ocrx_word' id='word_1_540' title='bbox 2180 1687 2376 1736; x_wconf 87' lang='lat' dir='ltr'><strong>unaque</strong></span> <span class='ocrx_word' id='word_1_541' title='bbox 2394 1675 2508 1735; x_wconf 70' lang='lat' dir='ltr'><strong>hoe,</strong></span> <span class='ocrx_word' id='word_1_542' title='bbox 2533 1675 2617 1737; x_wconf 86' lang='lat' dir='ltr'><strong>qui</strong></span> <span class='ocrx_word' id='word_1_543' title='bbox 2640 1676 2732 1725; x_wconf 87' lang='lat' dir='ltr'><strong>snb</strong></span> <span class='ocrx_word' id='word_1_544' title='bbox 2758 1679 2999 1738; x_wconf 71' lang='lat' dir='ltr'><strong>praetextu</strong></span> <span class='ocrx_word' id='word_1_545' title='bbox 3025 1678 3312 1728; x_wconf 82' lang='lat' dir='ltr'><strong>ulciscendae</strong></span> <span class='ocrx_word' id='word_1_546' title='bbox 3329 1679 3407 1728; x_wconf 89' lang='lat' dir='ltr'><strong>in·</strong></span> 
     </span>
     <span class='ocr_line' id='line_1_70' title="bbox 1830 1741 3403 1804; baseline 0.006 -15"><span class='ocrx_word' id='word_1_547' title='bbox 1830 1741 1975 1804; x_wconf 82' lang='lat' dir='ltr'><strong>iuriae</strong></span> <span class='ocrx_word' id='word_1_548' title='bbox 2002 1743 2117 1792; x_wconf 86' lang='lat' dir='ltr'><strong>huic</strong></span> <span class='ocrx_word' id='word_1_549' title='bbox 2151 1757 2182 1793; x_wconf 94' lang='lat' dir='ltr'><strong>a</strong></span> <span class='ocrx_word' id='word_1_550' title='bbox 2218 1758 2298 1794; x_wconf 89' lang='lat' dir='ltr'><strong>me</strong></span> <span class='ocrx_word' id='word_1_551' title='bbox 2337 1744 2513 1794; x_wconf 79' lang='lat' dir='ltr'><strong>oblatae</strong></span> <span class='ocrx_word' id='word_1_552' title='bbox 2549 1745 2753 1798; x_wconf 86' lang='lat' dir='ltr'><strong>latentes</strong></span> <span class='ocrx_word' id='word_1_553' title='bbox 2795 1747 2987 1796; x_wconf 90' lang='lat' dir='ltr'><strong>lucrum</strong></span> <span class='ocrx_word' id='word_1_554' title='bbox 3026 1747 3087 1798; x_wconf 89' lang='lat' dir='ltr'><strong>de</strong></span> <span class='ocrx_word' id='word_1_555' title='bbox 3126 1761 3207 1798; x_wconf 89' lang='lat' dir='ltr'><strong>me</strong></span> <span class='ocrx_word' id='word_1_556' title='bbox 3246 1750 3403 1799; x_wconf 86' lang='lat' dir='ltr'><strong>facere</strong></span> 
     </span>
     <span class='ocr_line' id='line_1_71' title="bbox 1835 1810 3400 1893; baseline 0.006 -38"><span class='ocrx_word' id='word_1_557' title='bbox 1835 1811 2087 1886; x_wconf 75' lang='lat' dir='ltr'><strong>conantur,</strong></span> <span class='ocrx_word' id='word_1_558' title='bbox 2112 1810 2488 1888; x_wconf 69' lang='lat' dir='ltr'><strong>demonstrarem</strong></span> <span class='ocrx_word' id='word_1_559' title='bbox 2514 1823 2755 1862; x_wconf 73' lang='lat' dir='ltr'><strong>summam</strong></span> <span class='ocrx_word' id='word_1_560' title='bbox 2778 1812 3004 1874; x_wconf 86' lang='lat' dir='ltr'><strong>injuriam</strong></span> <span class='ocrx_word' id='word_1_561' title='bbox 3032 1827 3273 1893; x_wconf 67' lang='lat' dir='ltr'><strong>exercere.</strong></span> <span class='ocrx_word' id='word_1_562' title='bbox 3299 1818 3400 1866; x_wconf 81' lang='lat' dir='ltr'><strong>Ve-</strong></span> 
     </span>
     <span class='ocr_line' id='line_1_72' title="bbox 1833 1879 3402 2012; baseline 0.008 -23"><span class='ocrx_word' id='word_1_563' title='bbox 1833 1881 2329 1994; x_wconf 53' lang='lat' dir='ltr'><strong>{imssiigmeissi’</strong></span> <span class='ocrx_word' id='word_1_564' title='bbox 2343 1879 3402 2012; x_wconf 46' lang='lat' dir='ltr'><strong>fflffloffiemqffiffl</strong></span> 
     </span>
     <span class='ocr_line' id='line_1_73' title="bbox 1833 2011 3401 2077; baseline 0.008 -21"><span class='ocrx_word' id='word_1_565' title='bbox 1833 2021 1998 2057; x_wconf 88' lang='lat' dir='ltr'><strong>rerum</strong></span> <span class='ocrx_word' id='word_1_566' title='bbox 2016 2011 2130 2060; x_wconf 87' lang='lat' dir='ltr'><strong>estis</strong></span> <span class='ocrx_word' id='word_1_567' title='bbox 2142 2012 2309 2062; x_wconf 77' lang='lat' dir='ltr'><strong>arbitri</strong></span> <span class='ocrx_word' id='word_1_568' title='bbox 2322 2015 2469 2076; x_wconf 86' lang='lat' dir='ltr'><strong>atque</strong></span> <span class='ocrx_word' id='word_1_569' title='bbox 2478 2018 2743 2077; x_wconf 85' lang='lat' dir='ltr'><strong>compotes,</strong></span> <span class='ocrx_word' id='word_1_570' title='bbox 2762 2019 2817 2065; x_wconf 89' lang='lat' dir='ltr'><strong>ut</strong></span> <span class='ocrx_word' id='word_1_571' title='bbox 2834 2017 3001 2066; x_wconf 86' lang='lat' dir='ltr'><strong>sinatis</strong></span> <span class='ocrx_word' id='word_1_572' title='bbox 3017 2030 3107 2067; x_wconf 85' lang='lat' dir='ltr'><strong>vos</strong></span> <span class='ocrx_word' id='word_1_573' title='bbox 3125 2017 3401 2069; x_wconf 72' lang='lat' dir='ltr'><strong>infelicitate</strong></span> 
     </span>
     <span class='ocr_line' id='line_1_74' title="bbox 1831 2075 3401 2144; baseline 0.007 -21"><span class='ocrx_word' id='word_1_574' title='bbox 1831 2086 1941 2123; x_wconf 86' lang='lat' dir='ltr'><strong>mea</strong></span> <span class='ocrx_word' id='word_1_575' title='bbox 1968 2075 2029 2125; x_wconf 89' lang='lat' dir='ltr'><strong>ad</strong></span> <span class='ocrx_word' id='word_1_576' title='bbox 2061 2079 2435 2128; x_wconf 86' lang='lat' dir='ltr'><strong>misericordiam</strong></span> <span class='ocrx_word' id='word_1_577' title='bbox 2456 2079 2582 2129; x_wconf 85' lang='lat' dir='ltr'><strong>flecti</strong></span> <span class='ocrx_word' id='word_1_578' title='bbox 2610 2082 2988 2144; x_wconf 84' lang='lat' dir='ltr'><strong>vulneribusque</strong></span> <span class='ocrx_word' id='word_1_579' title='bbox 3003 2082 3124 2132; x_wconf 89' lang='lat' dir='ltr'><strong>meis</strong></span> <span class='ocrx_word' id='word_1_580' title='bbox 3141 2082 3401 2135; x_wconf 88' lang='lat' dir='ltr'><strong>salutarem</strong></span> 
     </span>
     <span class='ocr_line' id='line_1_75' title="bbox 1832 2144 3401 2210; baseline 0.008 -20"><span class='ocrx_word' id='word_1_581' title='bbox 1832 2145 2043 2191; x_wconf 88' lang='lat' dir='ltr'><strong>vestram</strong></span> <span class='ocrx_word' id='word_1_582' title='bbox 2064 2156 2263 2198; x_wconf 82' lang='lat' dir='ltr'><strong>manum</strong></span> <span class='ocrx_word' id='word_1_583' title='bbox 2282 2144 2602 2206; x_wconf 80' lang='lat' dir='ltr'><strong>admoveatis3</strong></span> <span class='ocrx_word' id='word_1_584' title='bbox 2617 2147 2795 2210; x_wconf 87' lang='lat' dir='ltr'><strong>nolite,</strong></span> <span class='ocrx_word' id='word_1_585' title='bbox 2810 2149 2979 2209; x_wconf 78' lang='lat' dir='ltr'><strong>iuncta</strong></span> <span class='ocrx_word' id='word_1_586' title='bbox 3006 2149 3211 2199; x_wconf 83' lang='lat' dir='ltr'><strong>cumbis</strong></span> <span class='ocrx_word' id='word_1_587' title='bbox 3230 2150 3401 2203; x_wconf 82' lang='lat' dir='ltr'><strong>infesta</strong></span> 
     </span>
     <span class='ocr_line' id='line_1_76' title="bbox 1831 2210 3399 2278; baseline 0.005 -21"><span class='ocrx_word' id='word_1_588' title='bbox 1831 2221 1977 2270; x_wconf 86' lang='lat' dir='ltr'><strong>opera</strong></span> <span class='ocrx_word' id='word_1_589' title='bbox 1993 2245 2009 2271; x_wconf 92' lang='lat'><strong>,</strong></span> <span class='ocrx_word' id='word_1_590' title='bbox 2036 2210 2338 2260; x_wconf 73' lang='lat' dir='ltr'><strong>committere</strong></span> <span class='ocrx_word' id='word_1_591' title='bbox 2362 2213 2419 2260; x_wconf 89' lang='lat' dir='ltr'><strong>ut</strong></span> <span class='ocrx_word' id='word_1_592' title='bbox 2442 2211 2493 2260; x_wconf 89' lang='lat' dir='ltr'><strong>hi</strong></span> <span class='ocrx_word' id='word_1_593' title='bbox 2525 2225 2604 2260; x_wconf 89' lang='lat' dir='ltr'><strong>me</strong></span> <span class='ocrx_word' id='word_1_594' title='bbox 2625 2213 2933 2274; x_wconf 87' lang='lat' dir='ltr'><strong>pessumdent</strong></span> <span class='ocrx_word' id='word_1_595' title='bbox 2954 2215 3100 2263; x_wconf 89' lang='lat' dir='ltr'><strong>modo</strong></span> <span class='ocrx_word' id='word_1_596' title='bbox 3126 2215 3399 2278; x_wconf 87' lang='lat' dir='ltr'><strong>turpissimo</strong></span> 
     </span>
    </p>
   </div>
   <div class='ocr_carea' id='block_1_11' title="bbox 1833 2275 3396 2345">
    <p class='ocr_par' dir='ltr' id='par_1_16' title="bbox 1833 2275 3396 2345">
     <span class='ocr_line' id='line_1_77' title="bbox 1833 2275 3396 2345; baseline 0.007 -20"><span class='ocrx_word' id='word_1_597' title='bbox 1833 2275 2112 2340; x_wconf 82' lang='lat' dir='ltr'><strong>legibusque</strong></span> <span class='ocrx_word' id='word_1_598' title='bbox 2141 2277 2316 2328; x_wconf 86' lang='lat' dir='ltr'><strong>divinis</strong></span> <span class='ocrx_word' id='word_1_599' title='bbox 2344 2279 2523 2342; x_wconf 86' lang='lat' dir='ltr'><strong>pariter</strong></span> <span class='ocrx_word' id='word_1_600' title='bbox 2538 2280 2687 2342; x_wconf 82' lang='lat' dir='ltr'><strong>atque</strong></span> <span class='ocrx_word' id='word_1_601' title='bbox 2706 2280 2930 2332; x_wconf 84' lang='lat' dir='ltr'><strong>humanis</strong></span> <span class='ocrx_word' id='word_1_602' title='bbox 2947 2283 3396 2345; x_wconf 84' lang='lat' dir='ltr'><strong>repugnantissimo.</strong></span> 
     </span>
    </p>
   </div>
   <div class='ocr_carea' id='block_1_12' title="bbox 2435 2429 2805 2456">
    <p class='ocr_par' dir='ltr' id='par_1_17' title="bbox 2435 2429 2805 2456">
     <span class='ocr_line' id='line_1_78' title="bbox 2435 2429 2805 2456; baseline 0 3386"><span class='ocrx_word' id='word_1_603' title='bbox 2435 2429 2805 2456; x_wconf 95' lang='lat' dir='ltr'><strong> </strong></span> 
     </span>
    </p>
   </div>
   <div class='ocr_carea' id='block_1_13' title="bbox 2126 2692 3102 2888">
    <p class='ocr_par' dir='ltr' id='par_1_18' title="bbox 2126 2692 3102 2888">
     <span class='ocr_line' id='line_1_79' title="bbox 2126 2692 3102 2749; baseline 0.003 -7"><span class='ocrx_word' id='word_1_604' title='bbox 2126 2692 2547 2744; x_wconf 69' lang='lat' dir='ltr'><strong>Accusa&#39;roms</strong></span> <span class='ocrx_word' id='word_1_605' title='bbox 2581 2695 2817 2746; x_wconf 83' lang='lat' dir='ltr'>ORATIO</span> <span class='ocrx_word' id='word_1_606' title='bbox 2847 2697 3102 2749; x_wconf 81' lang='lat' dir='ltr'>ALTERA.</span> 
     </span>
     <span class='ocr_line' id='line_1_80' title="bbox 2380 2835 2835 2888; baseline 0.009 -4"><span class='ocrx_word' id='word_1_607' title='bbox 2380 2835 2815 2888; x_wconf 77' lang='lat' dir='ltr'><strong>ARGUMENTUM</strong></span> <span class='ocrx_word' id='word_1_608' title='bbox 2822 2873 2835 2887; x_wconf 88' lang='lat'><strong>.</strong></span> 
     </span>
    </p>
   </div>
   <div class='ocr_carea' id='block_1_14' title="bbox 1829 2981 3393 3345">
    <p class='ocr_par' dir='ltr' id='par_1_19' title="bbox 1830 2981 3391 3158">
     <span class='ocr_line' id='line_1_81' title="bbox 1830 2981 3389 3046; baseline 0.008 -21"><span class='ocrx_word' id='word_1_609' title='bbox 1830 2981 1947 3038; x_wconf 76' lang='lat' dir='ltr'><strong>Quae</strong></span> <span class='ocrx_word' id='word_1_610' title='bbox 1973 2991 2002 3025; x_wconf 91' lang='lat' dir='ltr'><strong>a</strong></span> <span class='ocrx_word' id='word_1_611' title='bbox 2038 2993 2117 3027; x_wconf 91' lang='lat' dir='ltr'><strong>reo</strong></span> <span class='ocrx_word' id='word_1_612' title='bbox 2152 2982 2276 3028; x_wconf 89' lang='lat' dir='ltr'><strong>dieta</strong></span> <span class='ocrx_word' id='word_1_613' title='bbox 2306 2985 2439 3039; x_wconf 84' lang='lat' dir='ltr'><strong>sunt,</strong></span> <span class='ocrx_word' id='word_1_614' title='bbox 2475 2985 2545 3032; x_wconf 69' lang='lat' dir='ltr'><strong>in·</strong></span> <span class='ocrx_word' id='word_1_615' title='bbox 2564 2985 2653 3031; x_wconf 87' lang='lat' dir='ltr'><strong>hac</strong></span> <span class='ocrx_word' id='word_1_616' title='bbox 2685 2987 2913 3032; x_wconf 55' lang='lat' dir='ltr'><strong>oratione«</strong></span> <span class='ocrx_word' id='word_1_617' title='bbox 2932 2989 3167 3044; x_wconf 77' lang='lat' dir='ltr'><strong>Antiphon</strong></span> <span class='ocrx_word' id='word_1_618' title='bbox 3202 2989 3389 3046; x_wconf 82' lang='lat' dir='ltr'><strong>refellit,</strong></span> 
     </span>
     <span class='ocr_line' id='line_1_82' title="bbox 1882 3033 3386 3098; baseline 0.007 -20"><span class='ocrx_word' id='word_1_619' title='bbox 1882 3033 2070 3091; x_wconf 82' lang='lat' dir='ltr'><strong>quando</strong></span> <span class='ocrx_word' id='word_1_620' title='bbox 2088 3046 2235 3090; x_wconf 84' lang='lat' dir='ltr'><strong>neque</strong></span> <span class='ocrx_word' id='word_1_621' title='bbox 2264 3038 2385 3082; x_wconf 87' lang='lat' dir='ltr'><strong>servi</strong></span> <span class='ocrx_word' id='word_1_622' title='bbox 2406 3039 2718 3084; x_wconf 85' lang='lat' dir='ltr'><strong>testimonium</strong></span> <span class='ocrx_word' id='word_1_623' title='bbox 2734 3039 2920 3085; x_wconf 79' lang='lat' dir='ltr'><strong>infidele</strong></span> <span class='ocrx_word' id='word_1_624' title='bbox 2938 3045 2984 3086; x_wconf 91' lang='lat' dir='ltr'><strong>et</strong></span> <span class='ocrx_word' id='word_1_625' title='bbox 3002 3043 3272 3088; x_wconf 82' lang='lat' dir='ltr'><strong>incredibile</strong></span> <span class='ocrx_word' id='word_1_626' title='bbox 3298 3048 3386 3098; x_wconf 82' lang='lat' dir='ltr'><strong>est,</strong></span> 
     </span>
     <span class='ocr_line' id='line_1_83' title="bbox 1883 3089 3391 3158; baseline 0.009 -28"><span class='ocrx_word' id='word_1_627' title='bbox 1883 3097 2051 3152; x_wconf 63' lang='lat' dir='ltr'><strong>neque,</strong></span> <span class='ocrx_word' id='word_1_628' title='bbox 2100 3099 2335 3142; x_wconf 82' lang='lat' dir='ltr'><strong>uanquam</strong></span> <span class='ocrx_word' id='word_1_629' title='bbox 2372 3089 2501 3134; x_wconf 76' lang='lat' dir='ltr'><strong>dives</strong></span> <span class='ocrx_word' id='word_1_630' title='bbox 2524 3094 2641 3136; x_wconf 81' lang='lat' dir='ltr'><strong>esset</strong></span> <span class='ocrx_word' id='word_1_631' title='bbox 2666 3095 2711 3137; x_wconf 89' lang='lat' dir='ltr'><strong>et</strong></span> <span class='ocrx_word' id='word_1_632' title='bbox 2740 3093 2929 3146; x_wconf 84' lang='lat' dir='ltr'><strong>nobilis,</strong></span> <span class='ocrx_word' id='word_1_633' title='bbox 2950 3096 3255 3158; x_wconf 77' lang='lat' dir='ltr'><strong>improbabile</strong></span> <span class='ocrx_word' id='word_1_634' title='bbox 3285 3109 3391 3143; x_wconf 88' lang='lat' dir='ltr'><strong>eum</strong></span> 
     </span>
    </p>

    <p class='ocr_par' dir='ltr' id='par_1_20' title="bbox 1829 3139 3393 3260">
     <span class='ocr_line' id='line_1_84' title="bbox 1829 3139 3393 3260; baseline 0.009 -25"><span class='ocrx_word' id='word_1_635' title='bbox 1829 3248 1842 3260; x_wconf 53' lang='lat'>‚</span> <span class='ocrx_word' id='word_1_636' title='bbox 1881 3139 2417 3250; x_wconf 44' lang='lat' dir='ltr'><strong>iaiissigteffffi’</strong></span> <span class='ocrx_word' id='word_1_637' title='bbox 2430 3144 3215 3246; x_wconf 43' lang='lat' dir='ltr'><strong>,wissowatiii&#39;lffJiRQ</strong></span> <span class='ocrx_word' id='word_1_638' title='bbox 3268 3152 3393 3249; x_wconf 60' lang='lat' dir='ltr'><strong>iffi:</strong></span> 
     </span>
    </p>

    <p class='ocr_par' dir='ltr' id='par_1_21' title="bbox 1829 3245 3393 3345">
     <span class='ocr_line' id='line_1_85' title="bbox 1829 3245 3393 3345; baseline 0.01 -56"><span class='ocrx_word' id='word_1_639' title='bbox 1829 3275 1855 3296; x_wconf 83' lang='grc'><strong>,.</strong></span> <span class='ocrx_word' id='word_1_640' title='bbox 1883 3245 2217 3345; x_wconf 49' lang='lat' dir='ltr'><strong>ffirsstleioiffllx</strong></span> <span class='ocrx_word' id='word_1_641' title='bbox 2244 3258 2379 3304; x_wconf 85' lang='lat' dir='ltr'><strong>sum,</strong></span> <span class='ocrx_word' id='word_1_642' title='bbox 2410 3249 2617 3306; x_wconf 81' lang='lat' dir='ltr'><strong>invertit,</strong></span> <span class='ocrx_word' id='word_1_643' title='bbox 2648 3249 2805 3297; x_wconf 83' lang='lat' dir='ltr'><strong>dicens</strong></span> <span class='ocrx_word' id='word_1_644' title='bbox 2838 3253 3147 3300; x_wconf 82' lang='lat' dir='ltr'><strong>calamitatem</strong></span> <span class='ocrx_word' id='word_1_645' title='bbox 3178 3267 3201 3301; x_wconf 85' lang='grc' dir='ltr'><strong>ε</strong></span> <span class='ocrx_word' id='word_1_646' title='bbox 3253 3256 3271 3301; x_wconf 85' lang='lat' dir='ltr'><strong>l</strong></span> <span class='ocrx_word' id='word_1_647' title='bbox 3302 3258 3393 3315; x_wconf 83' lang='lat' dir='ltr'><strong>ipsi</strong></span> 
     </span>
    </p>
   </div>
   <div class='ocr_carea' id='block_1_15' title="bbox 1823 3453 3393 4040">
    <p class='ocr_par' dir='ltr' id='par_1_22' title="bbox 1823 3453 3393 4040">
     <span class='ocr_line' id='line_1_86' title="bbox 1889 3453 3393 3524; baseline 0.007 -20"><span class='ocrx_word' id='word_1_648' title='bbox 1889 3453 2122 3515; x_wconf 75' lang='lat' dir='ltr'><strong>Iniuriam</strong></span> <span class='ocrx_word' id='word_1_649' title='bbox 2157 3453 2327 3517; x_wconf 87' lang='lat' dir='ltr'><strong>utique</strong></span> <span class='ocrx_word' id='word_1_650' title='bbox 2348 3453 2430 3504; x_wconf 86' lang='lat' dir='ltr'><strong>hic</strong></span> <span class='ocrx_word' id='word_1_651' title='bbox 2450 3454 2564 3504; x_wconf 89' lang='lat' dir='ltr'><strong>facit</strong></span> <span class='ocrx_word' id='word_1_652' title='bbox 2596 3455 2885 3508; x_wconf 80' lang='lat' dir='ltr'><strong>infelicitatis</strong></span> <span class='ocrx_word' id='word_1_653' title='bbox 2914 3458 3125 3523; x_wconf 90' lang='lat' dir='ltr'><strong>nomini,</strong></span> <span class='ocrx_word' id='word_1_654' title='bbox 3152 3462 3285 3524; x_wconf 86' lang='lat' dir='ltr'><strong>quod</strong></span> <span class='ocrx_word' id='word_1_655' title='bbox 3312 3465 3393 3515; x_wconf 89' lang='lat' dir='ltr'><strong>ille</strong></span> 
     </span>
     <span class='ocr_line' id='line_1_87' title="bbox 1826 3531 3391 3606; baseline 0.008 -26"><span class='ocrx_word' id='word_1_656' title='bbox 1826 3531 2129 3594; x_wconf 82' lang='lat' dir='ltr'><strong>praetendens</strong></span> <span class='ocrx_word' id='word_1_657' title='bbox 2155 3532 2397 3594; x_wconf 88' lang='lat' dir='ltr'><strong>piaculare</strong></span> <span class='ocrx_word' id='word_1_658' title='bbox 2430 3545 2576 3581; x_wconf 86' lang='lat' dir='ltr'><strong>suum</strong></span> <span class='ocrx_word' id='word_1_659' title='bbox 2616 3534 2803 3584; x_wconf 84' lang='lat' dir='ltr'><strong>facinus</strong></span> <span class='ocrx_word' id='word_1_660' title='bbox 2828 3535 3119 3588; x_wconf 80' lang='lat' dir='ltr'><strong>obumbrare</strong></span> <span class='ocrx_word' id='word_1_661' title='bbox 3157 3542 3391 3606; x_wconf 86' lang='lat' dir='ltr'><strong>conatur,</strong></span> 
     </span>
     <span class='ocr_line' id='line_1_88' title="bbox 1826 3609 3392 3685; baseline 0.009 -26"><span class='ocrx_word' id='word_1_662' title='bbox 1826 3624 1985 3674; x_wconf 89' lang='lat' dir='ltr'><strong>neque</strong></span> <span class='ocrx_word' id='word_1_663' title='bbox 2004 3611 2167 3660; x_wconf 68' lang='lat' dir='ltr'><strong>vestra</strong></span> <span class='ocrx_word' id='word_1_664' title='bbox 2192 3609 2365 3674; x_wconf 86' lang='lat' dir='ltr'><strong>dignus</strong></span> <span class='ocrx_word' id='word_1_665' title='bbox 2382 3612 2455 3662; x_wconf 88' lang='lat' dir='ltr'><strong>est</strong></span> <span class='ocrx_word' id='word_1_666' title='bbox 2467 3648 2482 3676; x_wconf 90' lang='lat'><strong>,</strong></span> <span class='ocrx_word' id='word_1_667' title='bbox 2508 3612 2730 3677; x_wconf 68' lang='lat' dir='ltr'><strong>Iudices,</strong></span> <span class='ocrx_word' id='word_1_668' title='bbox 2750 3615 3073 3666; x_wconf 84' lang='lat' dir='ltr'><strong>misericordia</strong></span> <span class='ocrx_word' id='word_1_669' title='bbox 3090 3653 3105 3680; x_wconf 91' lang='lat'><strong>,</strong></span> <span class='ocrx_word' id='word_1_670' title='bbox 3130 3619 3214 3681; x_wconf 88' lang='lat' dir='ltr'><strong>qui</strong></span> <span class='ocrx_word' id='word_1_671' title='bbox 3239 3633 3392 3685; x_wconf 90' lang='lat' dir='ltr'><strong>quum</strong></span> 
     </span>
     <span class='ocr_line' id='line_1_89' title="bbox 1826 3688 3391 3762; baseline 0.007 -25"><span class='ocrx_word' id='word_1_672' title='bbox 1826 3691 2133 3754; x_wconf 88' lang='lat' dir='ltr'><strong>peremptum</strong></span> <span class='ocrx_word' id='word_1_673' title='bbox 2166 3688 2442 3740; x_wconf 81' lang='lat' dir='ltr'><strong>calamitate</strong></span> <span class='ocrx_word' id='word_1_674' title='bbox 2474 3692 2683 3754; x_wconf 87' lang='lat' dir='ltr'><strong>perculit</strong></span> <span class='ocrx_word' id='word_1_675' title='bbox 2711 3693 2945 3754; x_wconf 87' lang='lat' dir='ltr'><strong>invitum,</strong></span> <span class='ocrx_word' id='word_1_676' title='bbox 2970 3693 3077 3743; x_wconf 86' lang='lat' dir='ltr'><strong>tum</strong></span> <span class='ocrx_word' id='word_1_677' title='bbox 3108 3699 3261 3747; x_wconf 85' lang='lat' dir='ltr'><strong>semet</strong></span> <span class='ocrx_word' id='word_1_678' title='bbox 3290 3699 3391 3762; x_wconf 83' lang='lat' dir='ltr'><strong>ipse</strong></span> 
     </span>
     <span class='ocr_line' id='line_1_90' title="bbox 1827 3763 3391 3836; baseline 0.006 -24"><span class='ocrx_word' id='word_1_679' title='bbox 1827 3763 1877 3812; x_wconf 92' lang='lat' dir='ltr'><strong>in</strong></span> <span class='ocrx_word' id='word_1_680' title='bbox 1895 3763 2153 3814; x_wconf 85' lang='lat' dir='ltr'><strong>discrimen</strong></span> <span class='ocrx_word' id='word_1_681' title='bbox 2179 3763 2385 3826; x_wconf 83' lang='lat' dir='ltr'><strong>coniecit</strong></span> <span class='ocrx_word' id='word_1_682' title='bbox 2406 3765 2573 3814; x_wconf 84' lang='lat' dir='ltr'><strong>volens</strong></span> <span class='ocrx_word' id='word_1_683' title='bbox 2590 3767 2736 3816; x_wconf 87' lang='lat' dir='ltr'><strong>ultro.</strong></span> <span class='ocrx_word' id='word_1_684' title='bbox 2756 3768 3071 3818; x_wconf 88' lang='lat' dir='ltr'><strong>Interfectum</strong></span> <span class='ocrx_word' id='word_1_685' title='bbox 3091 3783 3193 3820; x_wconf 83' lang='lat' dir='ltr'><strong>esse</strong></span> <span class='ocrx_word' id='word_1_686' title='bbox 3210 3771 3272 3821; x_wconf 86' lang='lat' dir='ltr'><strong>ab</strong></span> <span class='ocrx_word' id='word_1_687' title='bbox 3288 3772 3391 3836; x_wconf 86' lang='lat' dir='ltr'><strong>ipso</strong></span> 
     </span>
     <span class='ocr_line' id='line_1_91' title="bbox 1825 3840 3392 3914; baseline 0.006 -24"><span class='ocrx_word' id='word_1_688' title='bbox 1825 3843 1985 3891; x_wconf 87' lang='lat' dir='ltr'><strong>virum</strong></span> <span class='ocrx_word' id='word_1_689' title='bbox 1999 3878 2014 3902; x_wconf 88' lang='lat'><strong>,</strong></span> <span class='ocrx_word' id='word_1_690' title='bbox 2031 3840 2277 3903; x_wconf 84' lang='lat' dir='ltr'><strong>superiore</strong></span> <span class='ocrx_word' id='word_1_691' title='bbox 2288 3840 2505 3891; x_wconf 89' lang='lat' dir='ltr'><strong>oratione</strong></span> <span class='ocrx_word' id='word_1_692' title='bbox 2516 3843 2718 3904; x_wconf 86' lang='lat' dir='ltr'><strong>planum</strong></span> <span class='ocrx_word' id='word_1_693' title='bbox 2738 3843 2828 3892; x_wconf 85' lang='lat' dir='ltr'><strong>feci</strong></span> <span class='ocrx_word' id='word_1_694' title='bbox 2841 3857 2854 3892; x_wconf 73' lang='grc' dir='ltr'>ε</span> <span class='ocrx_word' id='word_1_695' title='bbox 2868 3856 2999 3894; x_wconf 91' lang='lat' dir='ltr'><strong>nunc</strong></span> <span class='ocrx_word' id='word_1_696' title='bbox 3012 3849 3177 3914; x_wconf 84' lang='lat' dir='ltr'><strong>autem</strong></span> <span class='ocrx_word' id='word_1_697' title='bbox 3192 3861 3392 3911; x_wconf 86' lang='lat' dir='ltr'><strong>arguere</strong></span> 
     </span>
     <span class='ocr_line' id='line_1_92' title="bbox 1823 3915 3389 3988; baseline 0.004 -19"><span class='ocrx_word' id='word_1_698' title='bbox 1823 3917 2053 3979; x_wconf 87' lang='lat' dir='ltr'><strong>conabor,</strong></span> <span class='ocrx_word' id='word_1_699' title='bbox 2072 3915 2255 3967; x_wconf 84' lang='lat' dir='ltr'><strong>crimen</strong></span> <span class='ocrx_word' id='word_1_700' title='bbox 2273 3916 2367 3965; x_wconf 91' lang='lat' dir='ltr'><strong>hoc</strong></span> <span class='ocrx_word' id='word_1_701' title='bbox 2389 3916 2452 3967; x_wconf 90' lang='lat' dir='ltr'><strong>ab</strong></span> <span class='ocrx_word' id='word_1_702' title='bbox 2474 3929 2533 3966; x_wconf 90' lang='lat' dir='ltr'><strong>eo</strong></span> <span class='ocrx_word' id='word_1_703' title='bbox 2558 3931 2659 3968; x_wconf 90' lang='lat' dir='ltr'><strong>non</strong></span> <span class='ocrx_word' id='word_1_704' title='bbox 2684 3919 2770 3981; x_wconf 85' lang='lat' dir='ltr'><strong>ita,</strong></span> <span class='ocrx_word' id='word_1_705' title='bbox 2798 3920 2855 3968; x_wconf 88' lang='lat' dir='ltr'><strong>ut</strong></span> <span class='ocrx_word' id='word_1_706' title='bbox 2878 3931 2967 3982; x_wconf 87' lang='lat' dir='ltr'><strong>par</strong></span> <span class='ocrx_word' id='word_1_707' title='bbox 2983 3924 3112 3986; x_wconf 87' lang='lat' dir='ltr'><strong>erat,</strong></span> <span class='ocrx_word' id='word_1_708' title='bbox 3136 3923 3389 3988; x_wconf 88' lang='lat' dir='ltr'><strong>depulsum</strong></span> 
     </span>
     <span class='ocr_line' id='line_1_93' title="bbox 1823 4003 1939 4040; baseline 0 0"><span class='ocrx_word' id='word_1_709' title='bbox 1823 4003 1939 4040; x_wconf 69' lang='lat' dir='ltr'><strong>esse.</strong></span> 
     </span>
    </p>
   </div>
   <div class='ocr_carea' id='block_1_16' title="bbox 1819 4073 3391 5354">
    <p class='ocr_par' dir='ltr' id='par_1_23' title="bbox 1819 4073 3391 5354">
     <span class='ocr_line' id='line_1_94' title="bbox 1887 4073 3391 4142; baseline 0.009 -22"><span class='ocrx_word' id='word_1_710' title='bbox 1887 4077 1934 4120; x_wconf 87' lang='lat'><strong>2.</strong></span> <span class='ocrx_word' id='word_1_711' title='bbox 1968 4073 2063 4121; x_wconf 86' lang='lat' dir='ltr'><strong>Fac</strong></span> <span class='ocrx_word' id='word_1_712' title='bbox 2093 4084 2263 4122; x_wconf 86' lang='lat' dir='ltr'><strong>verum</strong></span> <span class='ocrx_word' id='word_1_713' title='bbox 2294 4086 2415 4135; x_wconf 88' lang='lat' dir='ltr'><strong>esse,</strong></span> <span class='ocrx_word' id='word_1_714' title='bbox 2448 4073 2579 4135; x_wconf 89' lang='lat' dir='ltr'><strong>quod</strong></span> <span class='ocrx_word' id='word_1_715' title='bbox 2611 4075 2691 4123; x_wconf 91' lang='lat' dir='ltr'><strong>ille</strong></span> <span class='ocrx_word' id='word_1_716' title='bbox 2720 4073 2819 4136; x_wconf 88' lang='lat' dir='ltr'><strong>ait,</strong></span> <span class='ocrx_word' id='word_1_717' title='bbox 2843 4075 3055 4128; x_wconf 68' lang='lat' dir='ltr'><strong>latrones</strong></span> <span class='ocrx_word' id='word_1_718' title='bbox 3076 4092 3104 4128; x_wconf 89' lang='lat' dir='ltr'><strong>a</strong></span> <span class='ocrx_word' id='word_1_719' title='bbox 3132 4080 3391 4142; x_wconf 78' lang='lat' dir='ltr'><strong>spoliandis</strong></span> 
     </span>
     <span class='ocr_line' id='line_1_95' title="bbox 1824 4136 3390 4205; baseline 0.008 -19"><span class='ocrx_word' id='word_1_720' title='bbox 1824 4136 2138 4187; x_wconf 84' lang='lat' dir='ltr'><strong>cadaveribus</strong></span> <span class='ocrx_word' id='word_1_721' title='bbox 2177 4139 2431 4204; x_wconf 88' lang='lat' dir='ltr'><strong>impeditos</strong></span> <span class='ocrx_word' id='word_1_722' title='bbox 2462 4141 2737 4188; x_wconf 87' lang='lat' dir='ltr'><strong>interventu</strong></span> <span class='ocrx_word' id='word_1_723' title='bbox 2764 4142 3070 4201; x_wconf 87' lang='lat' dir='ltr'><strong>quorundam</strong></span> <span class='ocrx_word' id='word_1_724' title='bbox 3100 4157 3223 4205; x_wconf 87' lang='lat' dir='ltr'><strong>quos</strong></span> <span class='ocrx_word' id='word_1_725' title='bbox 3250 4146 3313 4195; x_wconf 86' lang='lat' dir='ltr'><strong>ad</strong></span> <span class='ocrx_word' id='word_1_726' title='bbox 3336 4162 3390 4199; x_wconf 88' lang='lat' dir='ltr'><strong>se</strong></span> 
     </span>
     <span class='ocr_line' id='line_1_96' title="bbox 1823 4202 3389 4269; baseline 0.006 -17"><span class='ocrx_word' id='word_1_727' title='bbox 1823 4202 2051 4252; x_wconf 88' lang='lat' dir='ltr'><strong>advenire</strong></span> <span class='ocrx_word' id='word_1_728' title='bbox 2066 4204 2325 4268; x_wconf 85' lang='lat' dir='ltr'><strong>vidissent,</strong></span> <span class='ocrx_word' id='word_1_729' title='bbox 2350 4206 2461 4266; x_wconf 87' lang='lat' dir='ltr'><strong>fuga</strong></span> <span class='ocrx_word' id='word_1_730' title='bbox 2498 4205 2703 4253; x_wconf 87' lang='lat' dir='ltr'><strong>salutem</strong></span> <span class='ocrx_word' id='word_1_731' title='bbox 2733 4205 3039 4269; x_wconf 67' lang='lat' dir='ltr'><strong>quaesivisse,</strong></span> <span class='ocrx_word' id='word_1_732' title='bbox 3068 4210 3137 4259; x_wconf 90' lang='lat' dir='ltr'><strong>nii</strong></span> <span class='ocrx_word' id='word_1_733' title='bbox 3165 4216 3389 4267; x_wconf 70' lang='lat' dir='ltr'><strong>curantes</strong></span> 
     </span>
     <span class='ocr_line' id='line_1_97' title="bbox 1824 4271 3388 4339; baseline 0.008 -19"><span class='ocrx_word' id='word_1_734' title='bbox 1824 4271 2110 4320; x_wconf 70' lang='lat' dir='ltr'><strong>vestimenta</strong></span> <span class='ocrx_word' id='word_1_735' title='bbox 2126 4272 2219 4322; x_wconf 89' lang='lat' dir='ltr'><strong>illis</strong></span> <span class='ocrx_word' id='word_1_736' title='bbox 2240 4271 2509 4322; x_wconf 87' lang='lat' dir='ltr'><strong>detrahere.</strong></span> <span class='ocrx_word' id='word_1_737' title='bbox 2574 4272 2638 4320; x_wconf 72' lang='lat' dir='ltr'><strong>At</strong></span> <span class='ocrx_word' id='word_1_738' title='bbox 2658 4272 3033 4324; x_wconf 82' lang='lat' dir='ltr'><strong>intervenientes</strong></span> <span class='ocrx_word' id='word_1_739' title='bbox 3064 4275 3142 4339; x_wconf 89' lang='lat' dir='ltr'><strong>hi,</strong></span> <span class='ocrx_word' id='word_1_740' title='bbox 3180 4278 3270 4329; x_wconf 87' lang='lat' dir='ltr'><strong>etsi</strong></span> <span class='ocrx_word' id='word_1_741' title='bbox 3301 4279 3388 4332; x_wconf 87' lang='lat' dir='ltr'><strong>be-</strong></span> 
     </span>
     <span class='ocr_line' id='line_1_98' title="bbox 1823 4335 3389 4407; baseline 0.005 -19"><span class='ocrx_word' id='word_1_742' title='bbox 1823 4349 1937 4388; x_wconf 87' lang='lat' dir='ltr'><strong>rum</strong></span> <span class='ocrx_word' id='word_1_743' title='bbox 1964 4335 2065 4397; x_wconf 82' lang='lat' dir='ltr'><strong>iam</strong></span> <span class='ocrx_word' id='word_1_744' title='bbox 2092 4339 2423 4387; x_wconf 85' lang='lat' dir='ltr'><strong>exanimatum</strong></span> <span class='ocrx_word' id='word_1_745' title='bbox 2452 4337 2753 4398; x_wconf 85' lang='lat' dir='ltr'><strong>invenerint,</strong></span> <span class='ocrx_word' id='word_1_746' title='bbox 2782 4339 3017 4388; x_wconf 89' lang='lat' dir='ltr'><strong>famulum</strong></span> <span class='ocrx_word' id='word_1_747' title='bbox 3053 4343 3217 4391; x_wconf 86' lang='lat' dir='ltr'><strong>tamen</strong></span> <span class='ocrx_word' id='word_1_748' title='bbox 3247 4344 3266 4405; x_wconf 90' lang='lat'>(</span> <span class='ocrx_word' id='word_1_749' title='bbox 3302 4347 3389 4407; x_wconf 87' lang='lat' dir='ltr'><strong>qui</strong></span> 
     </span>
     <span class='ocr_line' id='line_1_99' title="bbox 1823 4402 3387 4468; baseline 0.006 -16"><span class='ocrx_word' id='word_1_750' title='bbox 1823 4405 2010 4467; x_wconf 82' lang='lat' dir='ltr'><strong>spirans</strong></span> <span class='ocrx_word' id='word_1_751' title='bbox 2034 4402 2193 4452; x_wconf 83' lang='lat' dir='ltr'><strong>adhuc</strong></span> <span class='ocrx_word' id='word_1_752' title='bbox 2216 4404 2436 4454; x_wconf 89' lang='lat' dir='ltr'><strong>sublatus</strong></span> <span class='ocrx_word' id='word_1_753' title='bbox 2460 4403 2791 4454; x_wconf 84' lang='lat' dir='ltr'><strong>testimonium</strong></span> <span class='ocrx_word' id='word_1_754' title='bbox 2809 4404 2968 4466; x_wconf 83' lang='lat' dir='ltr'><strong>dixit)</strong></span> <span class='ocrx_word' id='word_1_755' title='bbox 2990 4406 3161 4468; x_wconf 86' lang='lat' dir='ltr'><strong>utique</strong></span> <span class='ocrx_word' id='word_1_756' title='bbox 3189 4409 3387 4463; x_wconf 86' lang='lat' dir='ltr'><strong>invene-</strong></span> 
     </span>
     <span class='ocr_line' id='line_1_100' title="bbox 1824 4468 3390 4533; baseline 0.003 -15"><span class='ocrx_word' id='word_1_757' title='bbox 1824 4470 1924 4519; x_wconf 90' lang='lat' dir='ltr'><strong>rint</strong></span> <span class='ocrx_word' id='word_1_758' title='bbox 1946 4468 2023 4518; x_wconf 87' lang='lat' dir='ltr'><strong>sui</strong></span> <span class='ocrx_word' id='word_1_759' title='bbox 2038 4469 2312 4530; x_wconf 83' lang='lat' dir='ltr'><strong>conscium3</strong></span> <span class='ocrx_word' id='word_1_760' title='bbox 2342 4471 2473 4520; x_wconf 87' lang='lat' dir='ltr'><strong>hunc</strong></span> <span class='ocrx_word' id='word_1_761' title='bbox 2498 4471 2628 4520; x_wconf 85' lang='lat' dir='ltr'><strong>certe</strong></span> <span class='ocrx_word' id='word_1_762' title='bbox 2659 4470 2907 4533; x_wconf 87' lang='lat' dir='ltr'><strong>diligenter</strong></span> <span class='ocrx_word' id='word_1_763' title='bbox 2938 4472 3089 4521; x_wconf 87' lang='lat' dir='ltr'><strong>interr</strong></span> <span class='ocrx_word' id='word_1_764' title='bbox 3285 4477 3304 4525; x_wconf 91' lang='lat' dir='ltr'><strong>t</strong></span> <span class='ocrx_word' id='word_1_765' title='bbox 3326 4474 3390 4528; x_wconf 85' lang='lat' dir='ltr'><strong>de</strong></span> 
     </span>
     <span class='ocr_line' id='line_1_101' title="bbox 1822 4533 3389 4598; baseline 0.004 -14"><span class='ocrx_word' id='word_1_766' title='bbox 1822 4533 2081 4595; x_wconf 87' lang='lat' dir='ltr'><strong>homicida,</strong></span> <span class='ocrx_word' id='word_1_767' title='bbox 2096 4536 2164 4596; x_wconf 88' lang='lat' dir='ltr'><strong>et,</strong></span> <span class='ocrx_word' id='word_1_768' title='bbox 2176 4548 2228 4585; x_wconf 90' lang='lat' dir='ltr'><strong>re</strong></span> <span class='ocrx_word' id='word_1_769' title='bbox 2240 4538 2502 4598; x_wconf 86' lang='lat' dir='ltr'><strong>comperta,</strong></span> <span class='ocrx_word' id='word_1_770' title='bbox 2514 4536 2711 4586; x_wconf 84' lang='lat' dir='ltr'><strong>nomina</strong></span> <span class='ocrx_word' id='word_1_771' title='bbox 2728 4537 3069 4587; x_wconf 88' lang='lat' dir='ltr'><strong>sceleratorum</strong></span> <span class='ocrx_word' id='word_1_772' title='bbox 3080 4539 3143 4589; x_wconf 89' lang='lat' dir='ltr'><strong>ab</strong></span> <span class='ocrx_word' id='word_1_773' title='bbox 3161 4540 3245 4589; x_wconf 90' lang='lat' dir='ltr'><strong>illo</strong></span> <span class='ocrx_word' id='word_1_774' title='bbox 3258 4541 3389 4590; x_wconf 89' lang='lat' dir='ltr'><strong>edita</strong></span> 
     </span>
     <span class='ocr_line' id='line_1_102' title="bbox 1823 4599 3386 4667; baseline 0.005 -17"><span class='ocrx_word' id='word_1_775' title='bbox 1823 4599 1886 4650; x_wconf 91' lang='lat' dir='ltr'><strong>ad</strong></span> <span class='ocrx_word' id='word_1_776' title='bbox 1903 4613 1992 4649; x_wconf 85' lang='lat' dir='ltr'><strong>nos</strong></span> <span class='ocrx_word' id='word_1_777' title='bbox 2008 4600 2279 4652; x_wconf 85' lang='lat' dir='ltr'><strong>retulissent</strong></span> <span class='ocrx_word' id='word_1_778' title='bbox 2304 4621 2318 4652; x_wconf 72' lang='grc' dir='ltr'>ε</span> <span class='ocrx_word' id='word_1_779' title='bbox 2345 4603 2415 4652; x_wconf 86' lang='lat' dir='ltr'><strong>sic</strong></span> <span class='ocrx_word' id='word_1_780' title='bbox 2433 4603 2553 4652; x_wconf 89' lang='lat' dir='ltr'><strong>liber</strong></span> <span class='ocrx_word' id='word_1_781' title='bbox 2570 4615 2601 4652; x_wconf 89' lang='lat' dir='ltr'><strong>a</strong></span> <span class='ocrx_word' id='word_1_782' title='bbox 2622 4604 2764 4667; x_wconf 90' lang='lat' dir='ltr'><strong>eulpa</strong></span> <span class='ocrx_word' id='word_1_783' title='bbox 2780 4618 2892 4654; x_wconf 87' lang='lat' dir='ltr'><strong>reus</strong></span> <span class='ocrx_word' id='word_1_784' title='bbox 2908 4605 2989 4654; x_wconf 86' lang='lat' dir='ltr'><strong>hic</strong></span> <span class='ocrx_word' id='word_1_785' title='bbox 3004 4607 3271 4657; x_wconf 80' lang='lat' dir='ltr'><strong>mansisset.</strong></span> <span class='ocrx_word' id='word_1_786' title='bbox 3295 4609 3386 4658; x_wconf 81' lang='lat' dir='ltr'><strong>vel</strong></span> 
     </span>
     <span class='ocr_line' id='line_1_103' title="bbox 1821 4667 3384 4739; baseline 0.005 -23"><span class='ocrx_word' id='word_1_787' title='bbox 1821 4668 1862 4716; x_wconf 89' lang='lat' dir='ltr'><strong>si</strong></span> <span class='ocrx_word' id='word_1_788' title='bbox 1893 4670 2196 4729; x_wconf 88' lang='lat' dir='ltr'><strong>peremptum</strong></span> <span class='ocrx_word' id='word_1_789' title='bbox 2225 4669 2345 4718; x_wconf 87' lang='lat' dir='ltr'><strong>alios</strong></span> <span class='ocrx_word' id='word_1_790' title='bbox 2365 4667 2600 4731; x_wconf 85' lang='lat' dir='ltr'><strong>quosdam</strong></span> <span class='ocrx_word' id='word_1_791' title='bbox 2632 4669 2683 4718; x_wconf 89' lang='lat' dir='ltr'><strong>in</strong></span> <span class='ocrx_word' id='word_1_792' title='bbox 2715 4670 2929 4720; x_wconf 88' lang='lat' dir='ltr'><strong>facinore</strong></span> <span class='ocrx_word' id='word_1_793' title='bbox 2954 4671 3084 4720; x_wconf 88' lang='lat' dir='ltr'><strong>malo</strong></span> <span class='ocrx_word' id='word_1_794' title='bbox 3110 4672 3384 4739; x_wconf 76' lang='lat' dir='ltr'><strong>videntem,</strong></span> 
     </span>
     <span class='ocr_line' id='line_1_104' title="bbox 1819 4733 3382 4801; baseline 0.005 -19"><span class='ocrx_word' id='word_1_795' title='bbox 1819 4734 1933 4783; x_wconf 83' lang='lat' dir='ltr'><strong>ideo</strong></span> <span class='ocrx_word' id='word_1_796' title='bbox 1946 4733 2091 4783; x_wconf 88' lang='lat' dir='ltr'><strong>fuisse</strong></span> <span class='ocrx_word' id='word_1_797' title='bbox 2106 4734 2169 4783; x_wconf 89' lang='lat' dir='ltr'><strong>ab</strong></span> <span class='ocrx_word' id='word_1_798' title='bbox 2187 4735 2263 4784; x_wconf 86' lang='lat' dir='ltr'><strong>bis</strong></span> <span class='ocrx_word' id='word_1_799' title='bbox 2279 4735 2492 4784; x_wconf 76' lang='lat' dir='ltr'><strong>occisum</strong></span> <span class='ocrx_word' id='word_1_800' title='bbox 2511 4734 2756 4796; x_wconf 88' lang='lat' dir='ltr'><strong>faciamus,</strong></span> <span class='ocrx_word' id='word_1_801' title='bbox 2772 4749 2833 4786; x_wconf 92' lang='lat' dir='ltr'><strong>ne</strong></span> <span class='ocrx_word' id='word_1_802' title='bbox 2847 4738 3069 4788; x_wconf 88' lang='lat' dir='ltr'><strong>facinoris</strong></span> <span class='ocrx_word' id='word_1_803' title='bbox 3082 4738 3226 4801; x_wconf 87' lang='lat' dir='ltr'><strong>hujus</strong></span> <span class='ocrx_word' id='word_1_804' title='bbox 3240 4740 3382 4793; x_wconf 85' lang='lat' dir='ltr'><strong>index</strong></span> 
     </span>
     <span class='ocr_line' id='line_1_105' title="bbox 1823 4795 3382 4863; baseline 0.004 -19"><span class='ocrx_word' id='word_1_805' title='bbox 1823 4795 1961 4845; x_wconf 76' lang='lat' dir='ltr'><strong>tieret</strong></span> <span class='ocrx_word' id='word_1_806' title='bbox 1986 4814 1999 4846; x_wconf 73' lang='grc' dir='ltr'>ι</span> <span class='ocrx_word' id='word_1_807' title='bbox 2019 4808 2115 4844; x_wconf 91' lang='lat' dir='ltr'><strong>una</strong></span> <span class='ocrx_word' id='word_1_808' title='bbox 2134 4809 2245 4846; x_wconf 90' lang='lat' dir='ltr'><strong>cum</strong></span> <span class='ocrx_word' id='word_1_809' title='bbox 2264 4797 2367 4846; x_wconf 85' lang='lat' dir='ltr'><strong>heri</strong></span> <span class='ocrx_word' id='word_1_810' title='bbox 2394 4797 2659 4857; x_wconf 82' lang='lat' dir='ltr'><strong>famulique</strong></span> <span class='ocrx_word' id='word_1_811' title='bbox 2676 4797 2808 4848; x_wconf 79' lang='lat' dir='ltr'><strong>caede</strong></span> <span class='ocrx_word' id='word_1_812' title='bbox 2824 4799 3033 4848; x_wconf 83' lang='lat' dir='ltr'><strong>alterum</strong></span> <span class='ocrx_word' id='word_1_813' title='bbox 3053 4813 3249 4863; x_wconf 85' lang='lat' dir='ltr'><strong>quoque</strong></span> <span class='ocrx_word' id='word_1_814' title='bbox 3266 4802 3382 4851; x_wconf 88' lang='lat' dir='ltr'><strong>isto-</strong></span> 
     </span>
     <span class='ocr_line' id='line_1_106' title="bbox 1821 4857 3381 4925; baseline 0.004 -19"><span class='ocrx_word' id='word_1_815' title='bbox 1821 4871 1935 4906; x_wconf 89' lang='lat' dir='ltr'><strong>rum</strong></span> <span class='ocrx_word' id='word_1_816' title='bbox 1952 4857 2137 4907; x_wconf 85' lang='lat' dir='ltr'><strong>i&#39;aeinus</strong></span> <span class='ocrx_word' id='word_1_817' title='bbox 2159 4859 2443 4908; x_wconf 87' lang='lat' dir='ltr'><strong>innotuisset</strong></span> <span class='ocrx_word' id='word_1_818' title='bbox 2470 4858 2519 4906; x_wconf 90' lang='lat' dir='ltr'><strong>in</strong></span> <span class='ocrx_word' id='word_1_819' title='bbox 2540 4857 2763 4920; x_wconf 84' lang='lat' dir='ltr'><strong>ipsosque</strong></span> <span class='ocrx_word' id='word_1_820' title='bbox 2775 4862 3084 4910; x_wconf 82' lang='lat' dir='ltr'><strong>convertisset</strong></span> <span class='ocrx_word' id='word_1_821' title='bbox 3103 4863 3213 4912; x_wconf 84' lang='lat' dir='ltr'><strong>facti</strong></span> <span class='ocrx_word' id='word_1_822' title='bbox 3234 4865 3381 4925; x_wconf 83' lang='lat' dir='ltr'><strong>suspi-</strong></span> 
     </span>
     <span class='ocr_line' id='line_1_107' title="bbox 1823 4919 3382 4985; baseline 0.004 -17"><span class='ocrx_word' id='word_1_823' title='bbox 1823 4920 2029 4969; x_wconf 86' lang='lat' dir='ltr'><strong>cionem.</strong></span> <span class='ocrx_word' id='word_1_824' title='bbox 2094 4919 2163 4980; x_wconf 84' lang='grc'><strong>(3)</strong></span> <span class='ocrx_word' id='word_1_825' title='bbox 2198 4923 2309 4968; x_wconf 72' lang='lat' dir='ltr'><strong>,lam</strong></span> <span class='ocrx_word' id='word_1_826' title='bbox 2336 4933 2453 4968; x_wconf 82' lang='lat' dir='ltr'><strong>vero</strong></span> <span class='ocrx_word' id='word_1_827' title='bbox 2486 4933 2583 4968; x_wconf 89' lang='lat' dir='ltr'><strong>non</strong></span> <span class='ocrx_word' id='word_1_828' title='bbox 2606 4923 2790 4982; x_wconf 86' lang='lat' dir='ltr'><strong>exputo</strong></span> <span class='ocrx_word' id='word_1_829' title='bbox 2812 4925 2897 4983; x_wconf 83' lang='lat' dir='ltr'><strong>qui</strong></span> <span class='ocrx_word' id='word_1_830' title='bbox 2928 4923 3174 4985; x_wconf 89' lang='lat' dir='ltr'><strong>potuerint</strong></span> <span class='ocrx_word' id='word_1_831' title='bbox 3196 4923 3382 4974; x_wconf 90' lang='lat' dir='ltr'><strong>minore</strong></span> 
     </span>
     <span class='ocr_line' id='line_1_108' title="bbox 1823 4980 3381 5046; baseline 0.003 -16"><span class='ocrx_word' id='word_1_832' title='bbox 1823 4981 1872 5030; x_wconf 92' lang='lat' dir='ltr'><strong>in</strong></span> <span class='ocrx_word' id='word_1_833' title='bbox 1891 4980 2164 5030; x_wconf 86' lang='lat' dir='ltr'><strong>discrimine</strong></span> <span class='ocrx_word' id='word_1_834' title='bbox 2193 4983 2437 5031; x_wconf 73' lang='lat' dir='ltr'><strong>versantoe</strong></span> <span class='ocrx_word' id='word_1_835' title='bbox 2472 4982 2687 5031; x_wconf 91' lang='lat' dir='ltr'><strong>animum</strong></span> <span class='ocrx_word' id='word_1_836' title='bbox 2719 4983 2943 5034; x_wconf 87' lang='lat' dir='ltr'><strong>inducere</strong></span> <span class='ocrx_word' id='word_1_837' title='bbox 2971 4986 3027 5034; x_wconf 92' lang='lat' dir='ltr'><strong>ut</strong></span> <span class='ocrx_word' id='word_1_838' title='bbox 3051 4985 3201 5046; x_wconf 85' lang='lat' dir='ltr'><strong>magis</strong></span> <span class='ocrx_word' id='word_1_839' title='bbox 3238 4984 3381 5046; x_wconf 85' lang='lat' dir='ltr'><strong>hujus</strong></span> 
     </span>
     <span class='ocr_line' id='line_1_109' title="bbox 1823 5042 3381 5118; baseline 0.003 -27"><span class='ocrx_word' id='word_1_840' title='bbox 1823 5042 2059 5106; x_wconf 88' lang='lat' dir='ltr'><strong>perempti</strong></span> <span class='ocrx_word' id='word_1_841' title='bbox 2076 5043 2191 5092; x_wconf 82' lang='lat' dir='ltr'><strong>vitae</strong></span> <span class='ocrx_word' id='word_1_842' title='bbox 2204 5042 2560 5106; x_wconf 84' lang='lat' dir='ltr'><strong>insidiarentur,</strong></span> <span class='ocrx_word' id='word_1_843' title='bbox 2576 5057 2725 5116; x_wconf 79' lang='lat' dir='ltr'><strong>qnam</strong></span> <span class='ocrx_word' id='word_1_844' title='bbox 2743 5045 2891 5118; x_wconf 85' lang='lat' dir='ltr'><strong>quiin</strong></span> <span class='ocrx_word' id='word_1_845' title='bbox 2909 5047 3089 5106; x_wconf 86' lang='lat' dir='ltr'><strong>majore</strong></span> <span class='ocrx_word' id='word_1_846' title='bbox 3104 5049 3241 5095; x_wconf 88' lang='lat' dir='ltr'><strong>erant</strong></span> <span class='ocrx_word' id='word_1_847' title='bbox 3256 5047 3381 5108; x_wconf 89' lang='lat' dir='ltr'><strong>peri·</strong></span> 
     </span>
     <span class='ocr_line' id='line_1_110' title="bbox 1825 5105 3381 5168; baseline 0.003 -14"><span class='ocrx_word' id='word_1_848' title='bbox 1825 5105 1952 5154; x_wconf 86' lang='lat' dir='ltr'><strong>culo.</strong></span> <span class='ocrx_word' id='word_1_849' title='bbox 2020 5105 2105 5154; x_wconf 85' lang='lat' dir='ltr'><strong>His</strong></span> <span class='ocrx_word' id='word_1_850' title='bbox 2120 5109 2281 5154; x_wconf 88' lang='lat' dir='ltr'><strong>metus</strong></span> <span class='ocrx_word' id='word_1_851' title='bbox 2294 5107 2444 5167; x_wconf 86' lang='lat' dir='ltr'><strong>atque</strong></span> <span class='ocrx_word' id='word_1_852' title='bbox 2462 5107 2739 5166; x_wconf 74' lang='lat' dir='ltr'><strong>recogitatio</strong></span> <span class='ocrx_word' id='word_1_853' title='bbox 2755 5107 2942 5168; x_wconf 74' lang='lat' dir='ltr'><strong>iniuriae</strong></span> <span class='ocrx_word' id='word_1_854' title='bbox 2958 5107 3175 5158; x_wconf 82' lang='lat' dir='ltr'><strong>sufficere</strong></span> <span class='ocrx_word' id='word_1_855' title='bbox 3256 5110 3381 5158; x_wconf 86' lang='lat' dir='ltr'><strong>terat</strong></span> 
     </span>
     <span class='ocr_line' id='line_1_111' title="bbox 1823 5165 3378 5228; baseline 0.003 -14"><span class='ocrx_word' id='word_1_856' title='bbox 1823 5166 1884 5215; x_wconf 92' lang='lat' dir='ltr'><strong>ad</strong></span> <span class='ocrx_word' id='word_1_857' title='bbox 1910 5165 2235 5226; x_wconf 85' lang='lat' dir='ltr'><strong>abjiciendum</strong></span> <span class='ocrx_word' id='word_1_858' title='bbox 2266 5166 2317 5215; x_wconf 86' lang='lat' dir='ltr'><strong>et</strong></span> <span class='ocrx_word' id='word_1_859' title='bbox 2346 5167 2671 5228; x_wconf 84' lang='lat' dir='ltr'><strong>repellendum</strong></span> <span class='ocrx_word' id='word_1_860' title='bbox 2703 5167 2954 5217; x_wconf 88' lang='lat' dir='ltr'><strong>consilium</strong></span> <span class='ocrx_word' id='word_1_861' title='bbox 2980 5171 3119 5217; x_wconf 83' lang='lat' dir='ltr'><strong>atrox</strong></span> <span class='ocrx_word' id='word_1_862' title='bbox 3146 5187 3159 5218; x_wconf 75' lang='lat' dir='ltr'><em>z</em></span> <span class='ocrx_word' id='word_1_863' title='bbox 3203 5169 3378 5219; x_wconf 90' lang='lat' dir='ltr'><strong>llorum</strong></span> 
     </span>
     <span class='ocr_line' id='line_1_112' title="bbox 1822 5227 3377 5293; baseline 0.003 -17"><span class='ocrx_word' id='word_1_864' title='bbox 1822 5230 1987 5276; x_wconf 83' lang='lat' dir='ltr'><strong>autem</strong></span> <span class='ocrx_word' id='word_1_865' title='bbox 2027 5227 2321 5276; x_wconf 82' lang='lat' dir='ltr'><strong>simultatem</strong></span> <span class='ocrx_word' id='word_1_866' title='bbox 2352 5231 2499 5290; x_wconf 84' lang='lat' dir='ltr'><strong>atque</strong></span> <span class='ocrx_word' id='word_1_867' title='bbox 2532 5228 2760 5278; x_wconf 81' lang='lat' dir='ltr'><strong>vindictoe</strong></span> <span class='ocrx_word' id='word_1_868' title='bbox 2792 5229 2921 5279; x_wconf 88' lang='lat' dir='ltr'><strong>sitim</strong></span> <span class='ocrx_word' id='word_1_869' title='bbox 2948 5229 3061 5278; x_wconf 88' lang='lat' dir='ltr'><strong>satis</strong></span> <span class='ocrx_word' id='word_1_870' title='bbox 3088 5231 3377 5293; x_wconf 85' lang='lat' dir='ltr'><strong>restinguere</strong></span> 
     </span>
     <span class='ocr_line' id='line_1_113' title="bbox 1821 5287 3357 5354; baseline 0.003 -15"><span class='ocrx_word' id='word_1_871' title='bbox 1821 5290 2011 5352; x_wconf 74' lang='lat' dir='ltr'><strong>poterat</strong></span> <span class='ocrx_word' id='word_1_872' title='bbox 2028 5292 2077 5340; x_wconf 88' lang='lat' dir='ltr'><strong>et</strong></span> <span class='ocrx_word' id='word_1_873' title='bbox 2094 5289 2316 5353; x_wconf 79' lang='lat' dir='ltr'><strong>cogitatio</strong></span> <span class='ocrx_word' id='word_1_874' title='bbox 2342 5287 2544 5354; x_wconf 84' lang='lat' dir='ltr'><strong>periculi</strong></span> <span class='ocrx_word' id='word_1_875' title='bbox 2560 5288 2795 5340; x_wconf 84' lang='lat' dir='ltr'><strong>subeundi</strong></span> <span class='ocrx_word' id='word_1_876' title='bbox 2818 5293 2869 5341; x_wconf 89' lang='lat' dir='ltr'><strong>et</strong></span> <span class='ocrx_word' id='word_1_877' title='bbox 2888 5290 3158 5354; x_wconf 67' lang='lat' dir='ltr'><strong>ignominiae</strong></span> <span class='ocrx_word' id='word_1_878' title='bbox 3184 5297 3357 5344; x_wconf 67' lang='lat' dir='ltr'><strong>eontra</strong></span> 
     </span>
    </p>
   </div>
  </div>
 </body>
</html>
