3825 5842
513 456 628 505 290

515 576 646 653 μήτε
672 578 908 657 προσερῶ
937 572 1062 651 μήτ’
1093 574 1428 651 ἀποίσομαι,
1453 574 1585 652 μήτε
1608 575 1793 654 γράψω
1817 598 1866 632 τι
1887 578 2051 632 τοιοῦ·

511 686 598 721 τον
623 663 654 722 δ
678 662 882 733 ποιήσει
905 662 1022 729 τοὺς
1046 662 1355 739 ἀναγνόντας
1383 662 1456 739 μὴ
1479 664 1701 737 νομίζειν
1726 662 1826 733 ἤδη
1857 684 1923 737 με
1951 684 2054 717 πα-

517 754 786 830 ραφρονεῖν
813 748 898 808 διὰ
925 750 984 807 τὸ
1017 754 1180 829 γῆρας
1207 748 1339 826 μηδὲ
1369 748 1668 807 παντάπασι
1713 750 1908 828 ληρεῖν,
1938 748 2057 804 ἀλλ’

512 836 588 895 ἔτι
611 838 671 895 τὸ
696 836 1165 913 καταλελειμμένον
1213 860 1310 911 μου
1353 838 1504 915 μέρος
1535 836 1623 894 καὶ
1651 835 1828 893 λοιπὸν
1862 834 1916 893 ὃν
1960 838 2053 893 οὐκ

457 934 484 971 ⁶
511 922 712 990 ἀνάξιον
741 914 870 981 εἶναι
897 928 988 993 τῆς
1016 922 1280 997 δυνάμεως
1306 922 1369 995 ἣν
1399 924 1552 1003 ἔσχον
1582 922 1820 1000 νεώτερος
1844 920 1934 979 ὤν.

585 1028 629 1068 2.
671 1008 867 1069 Ἀκούει)
895 1009 950 1067 δέ
981 1032 1039 1067 σε
1061 1010 1269 1067 πάντων
1297 1009 1569 1087 λεγόντων,
1603 1014 1670 1075 ὡς
1702 1008 2055 1089 φιλάνθρωπος

509 1087 558 1154 εἶ
593 1095 683 1154 καὶ
709 1094 1037 1175 φιλαθήναιος
1066 1096 1156 1155 καὶ
1178 1096 1479 1177 φιλόσοφος,
1511 1100 1603 1153 οὐκ
1633 1096 1888 1175 ἀφρόνως,
1923 1094 2059 1151 ἀλλὰ

509 1188 626 1243 νοῦν
657 1184 893 1263 ἐχόντως.
995 1186 1116 1243 Τῶν
1145 1206 1200 1241 τε
1227 1182 1328 1263 γὰρ
1353 1186 1578 1242 πολιτῶν
1609 1181 1959 1260 ἀποδέχεσθαί
2000 1204 2057 1239 σε

507 1276 610 1329 τῶν
641 1270 907 1351 ἡμετέρων
941 1272 1000 1327 οὗ
1043 1269 1158 1336 τοὺς
1185 1270 1515 1345 ἠμεληκότας
1553 1270 1848 1328 αὖτῶνῑ-καὶ
1897 1292 2059 1337 πονη-

438 1384 489 1421 ιο
513 1362 614 1439 ρῶν
641 1358 968 1439 πραγμάτων
993 1358 1396 1435 ἐπιθυμοῦντας,
1435 1359 1548 1416 ἀλλ’
1578 1348 1653 1424 οἷς
1686 1356 2059 1435 συνδιατρίὸων

403 1452 558 1510 4ιῚτ’
605 1446 700 1503 οὐκ
747 1444 810 1503 ἂν
855 1444 1164 1520 λυπηθείης,
1210 1445 1526 1521 συμὸάλλων
1563 1468 1618 1502 τε
1665 1444 1754 1502 καὶ
1801 1446 2057 1502 κοινωνῶν

507 1531 834 1611 πραγμάτων
869 1530 1013 1589 οὐδὲν
1053 1530 1116 1589 ἂν
1165 1532 1411 1609 βλαὸείης
1441 1534 1548 1589 οὔδ’
1591 1531 1902 1603 ἀδικηθείης,
1938 1528 2059 1594 οἵοις

507 1641 606 1699 περ
631 1618 736 1698 χρὴ
763 1620 1066 1689 πλησιάζειν
1091 1618 1210 1683 τοὺς
1243 1611 1300 1677 εὖ
1327 1626 1651 1699 φρονοῦντας·
1753 1622 1820 1695 (τι)
1855 1620 1960 1675 τῶν
2000 1638 2057 1673 τε

509 1710 820 1785 φιλοσοφιῶν
857 1708 951 1763 οὐκ
975 1707 1372 1781 ἀποδοκιμάζειν
1403 1706 1497 1783 μὲν
1535 1706 1651 1765 οὐδὲ
1677 1705 1772 1775 τὴν
1813 1705 1933 1783 περὶ
1966 1702 2058 1769 τὰς

435 1804 486 1843 1⁵
511 1794 703 1873 ἔριδας,
727 1792 863 1851 ἀλλὰ
887 1793 1112 1871 νομίζειν
1141 1785 1274 1851 εἶναι
1293 1792 1662 1864 πλεονεκτικὴν
1693 1794 1744 1849 ἓν
1769 1800 1880 1857 ταῖς
1909 1790 2059 1855 ἰδίαις

509 1880 824 1961 διατριὸαῖς,
867 1882 927 1937 οὗ
971 1881 1074 1956 μὴν
1114 1881 1389 1961 ἁρμόττειν
1429 1880 1546 1939 οὔτε
1574 1882 1678 1947 τοῖς
1705 1886 1793 1937 τοῦ
1829 1879 2059 1948 πλήθους

507 1970 828 2047 προεστῶσιν
851 1966 969 2025 οὔτε
993 1976 1098 2033 τοῖς
1123 1968 1218 2033 τὰς
1249 1968 1534 2046 μοναρχίας
1557 1967 1780 2045 ἔχουσιν·
1805 1965 1923 2023 οὐδὲ
1958 1964 2057 2043 γὰρ

509 2053 785 2133 συμφέρειν
807 2052 921 2111 οὐδὲ
935 2053 1149 2132 πρέπειν
1168 2062 1273 2119 τοῖς
1289 2056 1460 2130 μεῖζον
1477 2058 1576 2112 τῶν
1601 2054 1773 2111 ἄλλων
1789 2058 2057 2131 φρονοῦσιν

1527 442 2008 503 ΙΣΟΚΡΑΤΟΥΣ
2048 440 2487 499 ΕΠΙΣΤΟΛΑΙ.
2532 440 2618 515 C.

2144 593 2301 642 neque
2318 580 2649 642 compellarem
2668 594 2823 643 neque
2840 580 3091 629 salutarem
3110 614 3124 638 ,
3146 594 3303 643 neque
3328 580 3416 630 tale
3433 582 3592 645 aliquid
3614 584 3666 631 ad

2144 672 2193 716 te
2216 668 2498 727 scriberem,
2527 668 2655 729 quod
2691 669 2898 717 etiiceret
2928 682 2987 716 ne
3020 668 3053 717 ii
3089 670 3171 729 qui
3207 670 3440 730 legerent,
3472 677 3671 731 putarent

2146 768 2222 803 me
2240 757 2337 817 jam
2358 756 2488 803 senio
2508 754 2719 817 desipere
2732 762 2816 804 ant
2836 770 3025 817 prorsus
3048 756 3272 813 delirare,
3289 757 3373 805 sed
3392 756 3516 819 quod
3536 758 3671 806 adbuc

2144 843 2377 904 reliquum
2401 846 2475 891 est
2494 844 2584 891 mei
2601 848 2649 891 et
2671 845 2853 905 exstat,
2872 856 2967 891 non
2986 844 3229 905 indignum
3248 857 3355 893 esse
3373 858 3429 893 ea
3446 844 3668 903 facultate,

2144 944 2237 991 qua
2258 929 2419 990 junior
2442 930 2685 979 florebam.

2212 1024 2255 1065 2.
2290 1016 2542 1065 Pra‘dicari
2566 1019 2725 1065 autem
2746 1019 2793 1065 te
2812 1016 2871 1065 ab
2890 1016 3112 1065 omnibus
3130 1017 3272 1066 audio
3295 1022 3415 1068 utet
3432 1018 3670 1067 humanum

2146 1108 2193 1151 et
2216 1102 2578 1152 Atheniensibus
2614 1104 2817 1153 amicum
2842 1108 2889 1152 et
2918 1105 3165 1167 sapientire
3188 1107 3456 1155 studiosum
3474 1141 3488 1165 ‚
3520 1108 3565 1154 in
3590 1120 3671 1167 quo

2148 1192 2353 1253 profecto
2382 1204 2475 1239 non
2496 1192 2787 1253 insipienter,
2808 1172 2891 1240 sed
2918 1192 3284 1253 prudentissime
3312 1194 3443 1241 sacis.
3476 1194 3560 1242 Illo
3574 1208 3671 1255 quo-

2146 1292 2239 1339 que
2261 1277 2449 1327 landem
2473 1280 2693 1335 mereris,
2713 1278 2841 1340 qnod
2861 1292 2919 1327 ex
2942 1279 3115 1327 nostris
3136 1280 3327 1327 civibus
3346 1280 3569 1342 suscipias
3586 1296 3665 1329 non

2146 1378 2229 1411 eos
2245 1366 2327 1427 qui
2348 1365 2531 1413 nullum
2552 1366 2739 1413 virtutis
2758 1370 2807 1413 et
2824 1364 3054 1414 doetrinae
3074 1365 3291 1414 studium
3316 1366 3573 1416 habuerunt
3592 1380 3668 1415 ma-

2092 1452 2395 1513 alarumque
2432 1466 2588 1501 rerum
2622 1450 2881 1513 cupiditate
2918 1454 3159 1501 constricti
3195 1458 3438 1511 tenentur.
3466 1456 3542 1503 sed
3576 1468 3667 1515 eos,

2147 1551 2351 1599 quornm
2380 1538 2781 1601 disputationibus
2800 1538 3048 1587 audiendis
3075 1539 3229 1588 nullas
3249 1540 3492 1589 molestias
3510 1542 3665 1602 capias,

2146 1639 2445 1687 quorumque
2474 1628 2774 1675 commerciis
2798 1630 2849 1675 et
2878 1627 3089 1675 consiliis
3120 1628 3302 1676 utendo
3328 1642 3479 1690 neque
3512 1630 3663 1677 damnis

2145 1726 2298 1774 neque
2334 1714 2516 1774 injuriis
2548 1712 2795 1761 afficiaris:
2818 1713 2962 1761 alium
3001 1714 3129 1762 enim
3162 1716 3463 1763 consuetudo
3496 1714 3660 1777 prudeu-

2148 1800 2275 1849 tibus
2302 1799 2563 1863 expetenda
2582 1804 2668 1849 est.
2704 1802 2771 1861 (3)
2794 1802 2919 1848 luter
2940 1800 3265 1849 doctrinarum
3294 1816 3435 1865 porro
3454 1816 3599 1863 genera
3613 1814 3659 1850 ne

2148 1886 2415 1936 dialecticas
2430 1887 2621 1949 quidem
2641 1886 2985 1949 disputationes
3008 1888 3279 1950 improbare
3306 1888 3497 1947 diceris,
3512 1890 3579 1937 sed
3600 1888 3656 1937 sic

2148 1975 2208 2023 de
2230 1974 2324 2023 illis
2356 1974 2557 2035 sentire,
2592 1980 2645 2022 ut
2674 1986 2755 2023 eas
2791 1974 3034 2022 existimes
3058 1974 3105 2022 in
3140 1976 3345 2037 privatis
3376 1976 3655 2037 congressibus

2148 2062 2436 2123 permultum
2464 2062 2647 2121 valere,
2680 2075 2775 2109 non
2808 2066 2965 2111 tamen
2990 2061 3064 2117 vel
3100 2064 3267 2124 populi
3308 2062 3649 2125 gubernatoribus

509 2138 614 2197 οὔτ’
634 2142 804 2205 αὐτοῖς
815 2139 995 2220 ἐρίζειν
1007 2140 1136 2219 πρὸς
1149 2139 1266 2207 τοὺς
1279 2139 1812 2217 συμπολιτευομένους
1821 2138 1937 2197 οὔτε
1952 2140 2056 2205 τοῖς
2078 2136 2123 2198 b
2148 2148 2219 2197 vel
2246 2148 2536 2211 principibus
2554 2161 2655 2197 esse
2676 2153 2977 2210 opportunas.
3000 2151 3097 2197 Nec
3114 2150 3243 2198 enirn
3272 2150 3493 2213 expedire
3510 2164 3573 2198 nec
3586 2148 3643 2196 de-

428 2240 484 2280 20
513 2228 687 2293 ἄλλοις
724 2226 1017 2306 ἐπιτρέπειν
1056 2228 1184 2307 πρὸς
1207 2228 1390 2294 αὑτοὺς
1413 2228 1713 2305 ἀντιλέγειν.
1751 2230 1812 2303 (4)
1842 2224 2055 2295 Ταύτην

515 2312 608 2392 μὲν
637 2306 726 2373 οῦν
743 2316 838 2373 οὐκ
865 2316 1076 2391 ἀγαπᾶν
1105 2338 1164 2373 σε
1183 2314 1280 2385 τὴν
1307 2314 1594 2394 διατριὸήν,
1619 2320 1977 2393 προαιρεῖσθαι
2004 2312 2059 2370 δὲ

511 2401 606 2473 τὴν
629 2398 866 2459 παιδείαν
881 2402 974 2472 τὴν
994 2400 1114 2477 περὶ
1129 2400 1246 2467 τοὺς
1262 2401 1444 2480 λόγους
1465 2392 1538 2467 οἶς
1561 2398 1808 2480 χρώμεθα
1825 2399 1945 2477 περὶ
1968 2397 2059 2465 τὰς

512 2488 720 2569 πράξεις
754 2488 847 2555 τὰς
870 2489 1297 2569 προσπιπτούσας
1319 2490 1434 2549 καθ’
1463 2488 1688 2559 ἑκάστην
1715 2484 1807 2556 τὴν
1836 2485 2057 2565 ἡμέραν,

511 2575 602 2635 καὶ
631 2574 741 2650 μεθ’
778 2564 849 2632 ὧν
876 2575 1224 2654 βουλευόμεθα
1249 2576 1370 2657 περὶ
1405 2580 1506 2633 τῶν
1537 2579 1738 2634 κοινῶν·
1782 2573 1844 2630 δι’
1873 2573 1937 2642 ἢν
1970 2578 2059 2629 νῦν

424 2683 477 2735 ⁶45
505 2686 560 2721 τε
589 2662 812 2730 δοξάζεις
829 2664 946 2741 περὶ
967 2666 1068 2721 τῶν
1093 2662 1384 2741 μελλόντων
1404 2666 1640 2728 ἐπιεικῶς
1658 2706 1675 2737 ,
1698 2670 1804 2726 τοῖς
1829 2660 1874 2718 τ’
1899 2661 2056 2737 ἀρχο-

2144 2248 2275 2295 cere,
2294 2236 2447 2297 utqui
2470 2235 2697 2305 dignitate
2712 2236 2877 2283 ceteris
2896 2238 3121 2297 praestant
3136 2274 3150 2297 ,
3169 2238 3245 2285 vel
3272 2238 3371 2301 ipsi
3391 2252 3491 2287 cum
3506 2238 3641 2285 civibus

2148 2324 2381 2383 rixentur,
2404 2324 2475 2371 vel
2502 2323 2671 2371 ceteris
2692 2326 2805 2371 dent
2827 2322 3175 2373 contradicendi
3198 2324 3461 2373 licentiam.
3498 2325 3547 2385 (t)
3571 2325 3647 2372 ltoc

2148 2411 2287 2471 igitur
2305 2410 2518 2459 studium
2547 2414 2593 2459 te
2624 2424 2719 2459 non
2750 2422 2907 2459 amare
2930 2410 3115 2471 serunt,
3140 2410 3225 2460 sed
3248 2412 3526 2474 eloquentia!
3542 2410 3653 2458 disci·

2147 2498 2321 2559 plinam
2344 2496 2583 2559 permagni
2616 2496 2769 2547 farere
2788 2531 2803 2551 ,
2828 2510 2923 2559 qua
2946 2498 3127 2547 utimur
3144 2500 3193 2547 et
3214 2498 3265 2546 in
3288 2498 3557 2559 quotidianae
3568 2496 3655 2544 rita!

2146 2586 2345 2643 negotiis
2358 2591 2405 2634 et
2418 2600 2569 2648 quum
2584 2586 2643 2635 de
2662 2586 2915 2649 republicae
2934 2585 3272 2637 deliberamus.
3312 2592 3403 2637 Per
3418 2600 3545 2650 quam
3558 2598 3655 2634 nunc

2147 2673 2207 2721 de
2236 2674 2408 2721 tuturis
2432 2674 2574 2723 rebus
2598 2674 2855 2736 prudenter
2872 2675 3157 2723 constituere
3174 2674 3384 2737 videris;
3404 2678 3449 2725 et
3474 2688 3553 2722 non
3572 2672 3655 2721 insi-

507 2748 678 2826 μὲνθῑς
708 2751 1047 2829 προστάττειν
1074 2752 1168 2808 Οὖκ
1197 2750 1450 2821 ditonum,
1481 2748 1516 2806 ἃ
1553 2750 1628 2806 δεῖ
1661 2747 1905 2827 πράττειν
1937 2746 2057 2803 ἑκά·
2088 2764 2124 2805 C
2152 2761 2353 2821 pienter.
2374 2760 2489 2822 quid
2512 2760 2723 2823 singulos
2740 2762 2823 2823 qni
2844 2766 3009 2823 parent
3028 2761 3180 2811 facere
3201 2762 3399 2821 deceat,
3421 2762 3654 2824 praecipere,

507 2860 674 2911 στους,
692 2836 975 2910 ἐπιστήσει,
993 2836 1112 2915 περὶ
1127 2836 1182 2895 δὲ
1201 2842 1301 2897 τῶν
1318 2840 1490 2895 καλῶν
1509 2836 1598 2895 καὶ
1614 2832 1823 2893 δικαίων
1844 2832 1935 2891 καὶ
1954 2836 2055 2891 τῶν

503 2924 699 2991 τούτοις
719 2923 958 2983 ἐναντίων
977 2927 1136 3005 ὀρθῶς
1163 2925 1367 3004 κρίνειν,
1387 2924 1516 3004 πρὸς
1531 2924 1584 2982 δὲ
1599 2923 1794 2987 τούτοις
1819 2930 1979 2995 τιμᾶν
1996 2944 2054 2977 τε

505 3012 593 3071 καὶ
611 3013 862 3083 κολάζειν,
883 3014 953 3078 ὡς
969 3013 1232 3093 προσῆκόν
1255 3014 1390 3071 ἐστιν
1407 3010 1696 3090 ἑκατέρους.
1739 3010 1802 3089 (5)
1833 3010 2049 3087 Σωφρο-

425 3118 481 3157 ³0
503 3106 603 3163 νεῑς
631 3088 719 3156 οῦν
745 3104 836 3157 νῦν
863 3104 1028 3156 ταῦτα
1059 3101 1304 3173 μελετῶν·
1334 3098 1545 3164 ἐλπίδας
1572 3098 1672 3177 γὰρ
1697 3100 1771 3178 τῷ
1803 3120 1859 3154 τε
1887 3094 2047 3174 πατρὶ

503 3184 594 3242 καὶ
617 3188 720 3250 τοῖς
741 3184 912 3250 ἄλλοις
931 3184 1204 3266 παρέχεις,
1223 3190 1292 3252 ὡς
1310 3184 1399 3243 ἐὰν
1423 3184 1767 3265 πρεσὸύτερος
1783 3184 2049 3260 γενόμενος

504 3273 750 3352 ἔμμείνῃς
782 3272 1007 3349 τούτοις,
1035 3280 1275 3332 τοσοῦτον
1303 3274 1530 3353 προέξεις
1564 3278 1630 3351 τῇ
1666 3272 1910 3352 φρονήσει
1944 3274 2047 3329 τῶν

505 3359 697 3434 ἄλλων,
725 3359 844 3420 ὅσον
871 3382 969 3441 περ
987 3364 1016 3418 δ
1033 3360 1210 3441 πατήρ
1234 3384 1324 3420 σου
1349 3361 1638 3439 διενήνοχεν
1665 3359 1929 3419 ἁπάντων.

1239 3508 1320 3582 (ζ.

817 3647 1002 3706 'rom
1041 3648 1380 3706 ιΑΣοΝοΣ
1422 3650 1706 3708 naizin.

581 3787 885 3867 Ἀπήγγειλέ
933 3787 1008 3856 τίς
1059 3811 1146 3865 μοι
1181 3792 1283 3847 τῶν
1311 3788 1742 3868 πρεσὸευσάντων
1782 3793 1849 3855 ὡς
1878 3794 2049 3867 ὑμᾶς,

387 3878 471 3935 ’.τε
499 3874 578 3933 ὅτι
625 3875 938 3943 καλέσαντες
977 3875 1130 3935 αὐτὸν
1161 3876 1281 3943 ἄνευ
1317 3880 1419 3935 τῶν
1457 3876 1630 3935 ἄλλων
1664 3878 1973 3957 ἐρωτήσαιτ’
2010 3883 2053 3937 εἰ

2144 2852 2193 2896 et
2214 2847 2273 2897 de
2293 2848 2435 2897 rebus
2449 2848 2665 2898 honestis
2692 2852 2741 2898 et
2758 2850 2901 2910 justis
2920 2850 3183 2911 liammque
3214 2850 3462 2899 contrariis
3482 2854 3589 2897 recte
3600 2847 3657 2906 jn·

2141 2936 2297 2985 dit-are
2331 2935 2479 2995 scies;
2516 2938 2743 2997 praeterea
2778 2937 2847 2984 sic
2870 2936 2944 2985 vel
2982 2938 3133 2999 paenis
3172 2938 3247 2986 vel
3286 2938 3489 3001 praemiis
3508 2934 3656 2983 afficere

2141 3025 2395 3083 utrosque,
2418 3027 2473 3071 ut
2496 3029 2779 3072 mereantur.
2826 3023 2893 3085 (ὁ)
2915 3024 3160 3085 Sapienter
3181 3024 3328 3085 igitur
3350 3037 3471 3073 nnnc
3488 3022 3573 3083 agis
3590 3020 3653 3081 qui

2136 3109 2309 3157 talibus
2342 3110 2510 3158 studiis
2535 3111 2795 3171 occuperis.
2860 3114 3001 3173 Spem
3035 3111 3163 3160 enim
3194 3117 3239 3160 et
3276 3112 3397 3174 patri
3426 3116 3471 3159 et
3496 3106 3656 3170 reliquis

2136 3196 2300 3243 amicis
2318 3194 2461 3243 affers
2473 3232 2486 3255 ,
2502 3194 2587 3245 nbi
2605 3199 2745 3245 aetate
2764 3197 3048 3259 processeris
3069 3201 3119 3247 et
3142 3198 3189 3246 in
3210 3198 3289 3247 his
3308 3196 3556 3247 actionibus
3572 3206 3650 3255 per·

2136 3285 2393 3341 sever-aris,
2415 3284 2515 3332 fore
2534 3286 2591 3332 ut
2612 3284 2819 3346 reliquos
2837 3286 3023 3333 tantum
3060 3286 3293 3348 sapientia
3312 3288 3521 3344 ammas,
3538 3294 3653 3344 quan·

2137 3372 2241 3419 tum
2264 3374 2396 3433 pater
2414 3374 2529 3419 tuus
2547 3369 2768 3420 omnibus
2785 3372 3039 3422 antecellit.

2886 3522 2944 3571 8.

2574 3639 2870 3698 [AsoNts
2910 3640 3229 3699 LIBERIS.

2201 3798 2517 3848 Renunciavit
2542 3798 2659 3847 mihi
2680 3798 2873 3861 quidam
2905 3798 3167 3859 legatorum
3204 3798 3286 3859 qui
3325 3797 3385 3845 ad
3425 3808 3505 3843 vos
3536 3790 3645 3841 missi

2144 3898 2285 3953 snnt,
2309 3906 2361 3942 se
2386 3908 2414 3941 a
2437 3894 2575 3943 vobis
2598 3897 2873 3943 sevocatum
2897 3906 2953 3941 ac
2975 3906 3188 3942 seorsum
3207 3906 3235 3940 a
3256 3892 3424 3941 ceteris
3438 3892 3647 3947 interroga·

395 3964 762 4035 418πεισθείην
802 3962 865 4021 ἂν
907 3964 1244 4039 ἀποδημῆσαι
1292 3964 1383 4022 καὶ
1429 3964 1693 4045 διατρῖψαι
1737 3964 1860 4045 παρ’
1907 3970 2047 4041 ὑμῖν.
2079 3983 2113 4022 a
2146 3991 2251 4037 tum
2276 4002 2409 4047 4550,
2434 4002 2495 4037 a„
2520 3988 2791 4051 persuaderi
2818 3989 2937 4037 mihi
2960 3987 3135 4050 possit,
3160 3990 3215 4037 ut
3244 4000 3434 4050 peregre
3455 3984 3647 4047 profectus

503 4049 648 4127 Ἐγὼ
669 4050 714 4107 δ’
741 4048 891 4108 ἕνεκα
912 4050 1005 4127 μὲν
1039 4056 1132 4121 τῆς
1156 4049 1381 4117 Ἰάσονος
1407 4052 1498 4108 καὶ
1523 4054 1858 4118 Πολυαλκοῦς
1885 4052 2050 4119 ξενίας

500 4137 661 4209 ἡδέως
692 4136 753 4195 ἂν
783 4136 1062 4217 ἀφικοίμην
1087 4142 1159 4205 ὡς
1180 4142 1340 4215 ὑμᾶς·
1361 4128 1506 4214 οἶμαι
1525 4136 1627 4218 γὰρ
1645 4138 1708 4197 ἂν
1727 4140 1820 4210 τὴν
1841 4140 2047 4215 ὁμιλίαν

499 4224 592 4295 τὴν
620 4224 898 4302 γενομένην
935 4225 1126 4282 ἅπασιν
1155 4226 1282 4301 ἡμῖν
1319 4228 1651 4303 συνενεγκεῖν·
1683 4226 1744 4305 (2)
1777 4228 1912 4284 ἀλλὰ
1948 4228 2048 4309 γὰρ

409 4338 476 4389 ,40
499 4311 762 4388 ἐμποδίζει
787 4336 852 4387 με
875 4311 1069 4387 πολλὰ,
1091 4312 1320 4388 μάλιστα
1343 4312 1437 4389 μὲν
1465 4312 1524 4371 τὸ
1547 4314 1620 4391 μὴ
1645 4314 1890 4373 δύνασθαι
1909 4318 2047 4373 πλα-

505 4404 692 4457 νᾶσθαι
720 4399 810 4457 καὶ
837 4398 895 4458 τὸ
930 4398 1005 4475 μὴ
1033 4399 1247 4479 πρέπειν
1276 4400 1628 4467 ἐπιξενοῦσθαι
1666 4410 1771 4467 τοῖς
1809 4402 2050 4473 τηλικού-

505 4510 634 4557 τοις,
687 4486 845 4544 ἔπειθ’
889 4486 966 4544 ὅτι
1004 4486 1190 4555 πάντες
1213 4490 1261 4545 οἳ
1287 4487 1562 4563 πυθόμενοι
1606 4488 1700 4559 τὴν
1744 4491 2044 4565 ἀποδημίαν

498 4574 706 4641 δικαίως
752 4574 813 4631 ἄν
861 4597 959 4651 μου
1007 4574 1472 4655 καταφρονήσειαν,
1502 4578 1547 4633 εἷ
1576 4576 1933 4655 προῃρημένος
1958 4580 2047 4635 τὸν
2069 4582 2111 4644 b

499 4662 656 4721 ἄλλον
683 4661 868 4741 χρόνον
895 4660 1115 4739 ἡσυχίαν
1140 4662 1282 4739 ἄγειν
1311 4662 1398 4721 ἐπὶ
1423 4664 1594 4743 γήρως
1616 4666 1905 4739 ἀποδημεῖν
1935 4667 2047 4721 ἐπι-

417 4793 468 4830 45
497 4749 746 4829 χειροίην,
785 4748 860 4807 ὅτ’
895 4748 1029 4815 εἰκὸς
1063 4740 1150 4825 ἧν,
1202 4750 1246 4807 εἷ
1294 4750 1386 4821 καὶι
1435 4750 1685 4831 πρότερον
1729 4750 1910 4810 ἄλλοθί
1950 4775 2049 4812 που

499 4838 770 4918 διέτριὸον,
802 4844 888 4896 νῦν
913 4837 1086 4896 οἶκαδε
1112 4836 1368 4905 σπεύδειν,
1393 4837 1554 4904 οὕτως
1583 4839 1824 4915 ὑπογυίου
1852 4862 1940 4916 μοι
1960 4846 2050 4908 τῆς

497 4928 740 4997 τελευτῆς
767 4918 940 4997 οὔσης.
1023 4927 1086 5003 (3)
1125 4924 1267 5004 Πρὸς
1313 4924 1368 4983 δὲ
1411 4926 1607 4992 τούτοις
1656 4927 1916 5006 φοὸοῦμαι
1960 4930 2048 4986 καὶ

495 5013 590 5083 τὴν
617 5012 785 5070 πόλιν·
811 5010 917 5091 χρὴ
961 5010 1062 5089 γὰρ
1101 5015 1304 5083 τάληθῆ
1353 5010 1539 5089 λέγειν.
1622 5012 1762 5093 ‘Opi-3
1807 5012 1908 5093 γὰρ
1957 5014 2049 5079 τὰς

498 5098 803 5177 συμμαχίας
829 5098 920 5165 τὰς
945 5098 1072 5178 πρὸς
1098 5098 1257 5169 αὐτὴν
1286 5099 1587 5177 γιγνομένας
1617 5100 1816 5179 ταχέως
1843 5102 2046 5159 διαλυο·

421 5221 472 5257 ω
498 5186 674 5264 μένας.
762 5188 827 5246 Εἰ
850 5186 912 5258 δή
947 5210 996 5244 τι
1029 5186 1264 5265 συμὸαίη
1294 5188 1382 5246 καὶ
1411 5187 1535 5268 πρὸς
1563 5192 1696 5267 ὑμᾶς
1731 5194 1973 5264 τοιοῦτον,
2002 5192 2045 5247 εἷ

2138 4087 2297 4129 vestra
2318 4081 2634 4130 familiaritate
2666 4086 2787 4129 utar.
2824 4084 2924 4142 Ego
2946 4094 3062 4129 vero
3090 4084 3281 4143 propter
3310 4078 3489 4130 Iasonis
3516 4082 3557 4125 et
3583 4076 3645 4121 Ρο-

2136 4174 2299 4235 lyalcis
2324 4174 2580 4237 hospitium
2613 4174 2813 4223 libenter
2830 4174 2887 4221 ad
2910 4186 2998 4223 vos
3018 4173 3225 4223 venirem
3252 4193 3265 4221 ι
3290 4186 3401 4221 eum
3422 4171 3537 4220 enim
3560 4176 3642 4213 eon·

2136 4280 2351 4328 gressum
2373 4280 2507 4328 posse
2526 4268 2662 4317 nobis
2680 4268 2902 4316 omnibus
2920 4266 3142 4329 prodesse
3160 4268 3257 4315 scio
3280 4286 3292 4314 ε
3348 4266 3415 4326 (2)
3436 4262 3511 4313 sed
3526 4258 3646 4308 multa

2138 4377 2217 4411 me
2236 4363 2528 4425 impediunt,
2546 4368 2688 4425 atque
2706 4363 2821 4411 illud
2838 4363 3068 4424 inprimis,
3086 4362 3215 4425 quod
3234 4368 3280 4411 et
3296 4361 3471 4410 itineris
3488 4356 3639 4405 labores

2138 4458 2257 4506 terre
2280 4470 2465 4519 nequeo
2488 4459 2537 4507 et
2560 4462 2657 4505 tam
2684 4456 2849 4520 grandi
2870 4459 3012 4506 oetate
3031 4470 3224 4519 peregre
3241 4457 3400 4505 vivere
3416 4453 3641 4503 indecorum

2132 4554 2232 4609 est3
2256 4548 2453 4609 deinde,
2472 4548 2601 4610 quod
2626 4562 2793 4597 omnes
2816 4548 2979 4597 audita
2996 4562 3052 4598 ea
3086 4547 3449 4609 peregrinatione
3468 4544 3561 4604 jure
3586 4548 3643 4585 me

2136 4646 2524 4701 contemnerent,
2549 4641 2630 4703 qui
2654 4642 2836 4702 reliquo
2867 4641 2981 4691 vitae.
3008 4654 3129 4691 meae
3164 4645 3373 4703 tempore
3412 4639 3548 4685 otium
3570 4642 3640 4679 am·

2136 4732 2326 4795 plexus,
2348 4734 2394 4783 in
2414 4738 2659 4783 senectute
2680 4732 2871 4782 demum
2896 4734 3177 4795 peregrinari
3200 4732 3507 4787 instituerem,
3524 4734 3638 4785 quum

2140 4824 2355 4884 deceret,
2374 4826 2558 4874 etiamsi
2594 4826 2723 4888 prius
2754 4825 2864 4874 alibi
2891 4824 3115 4875 vixissem
3134 4861 3148 4885 ,
3176 4838 3301 4873 nunc
3320 4822 3503 4872 domum
3534 4810 3633 4863 sesti-

2136 4932 2273 4977 nare,
2312 4922 2561 4979 postquam
2594 4918 2655 4965 ab
2687 4917 2817 4967 obitu
2857 4922 2951 4965 tam
2980 4930 3126 4979 prope
3152 4916 3335 4966 absum.
3402 4914 3463 4975 (3)
3482 4908 3542 4959 Ad
3562 4909 3635 4953 lm*-

2141 5014 2271 5075 (vera
2317 5013 2443 5060 enim
2466 5012 2665 5061 dicenda
2697 5012 2827 5073 sunt)
2851 5012 2990 5060 etiam
3015 5012 3254 5061 civitatem
3278 5022 3424 5059 meam
3454 5000 3633 5055 formido,

2136 5104 2220 5166 qui
2240 5104 2380 5153 initas
2402 5118 2514 5153 cum
2538 5118 2593 5153 ea
2620 5104 2867 5153 societates
2888 5104 3101 5153 celeriter
3124 5104 3275 5153 sotere
3294 5100 3445 5151 dirimi
3466 5096 3627 5144 videam.

2137 5196 2319 5256 Quodsi
2341 5202 2389 5247 et
2412 5196 2580 5247 vestris
2602 5198 2651 5246 in
2674 5196 2817 5246 rebus
2856 5196 2947 5247 tale
2966 5196 3140 5259 aliquid
3156 5190 3433 5247 'accidisssei
3446 5228 3459 5253 ,
3476 5188 3621 5237 etiams
