3825 5842
147 494 391 581 ουν-ιω)

144 634 183 695 δὲ
203 624 298 691 οὔτε
313 622 523 707 πρὸς-την
539 621 685 681 πόλιν
705 623 876 690 αὐτοῖς
892 626 1108 681 τοιαῦτα
1130 622 1354 705 ὑπάρχει
1367 622 1482 683 οὔτε
1501 623 1628 707 πρὸς

143 719 228 799 ἐμέ·
248 716 322 775 τὸν
347 709 552 792 ἀδελφὸν
574 708 674 791 γάρ
703 732 837 787 μου,
864 709 1044 789 ὥσπερ
1068 709 1156 769 καὶ
1186 710 1433 791 πρότερον
1459 702 1625 791 εἷπον,

91 836 122 875 1⁵
143 800 459 886 Ἐρατοσθένης
492 796 806 869 ἀπέκτεινεν,
830 795 948 856 οὔτε
979 796 1132 862 αὐτὸς
1167 798 1275 879 ἰδία
1301 799 1630 878 ἀδικούμενος

142 894 230 955 οὔτε
246 894 306 957 εἷς
320 888 404 960 τὴν
417 885 560 946 πόλιν
583 888 716 966 δρῶν
732 880 1181 966 ἐξαμαρτάνοντα,
1202 884 1340 945 ἀλλὰ
1361 891 1426 967 τῇ
1446 891 1628 963 ἑαυτοῦ

142 976 388 1063 παρανομίᾳ
411 972 680 1057 προθύμως
720 972 1062 1053 ἐξυπηρετῶν.
1144 974 1232 1052 (24)
1277 972 1630 1034 Ἀναὸιὸασά-

143 1091 258 1149 μενος
287 1065 324 1123 δ’
358 1063 501 1123 αὐτὸν
535 1062 796 1139 βούλομαι
831 1057 1063 1141 ἐρέσθαι,
1087 1048 1132 1119 ὦ
1155 1058 1338 1139 ἄνδρες
1366 1060 1628 1123 δικασταί.

141 1153 350 1227 Τοιαύτην
371 1150 464 1232 γὰρ
483 1148 696 1229 γνώμην
722 1146 848 1228 ἔχω·
875 1146 964 1206 ἐπὶ
983 1146 1078 1223 μὲν
1101 1150 1166 1226 τῇ
1201 1145 1384 1207 τούτου
1407 1148 1631 1230 ὠφελείᾳ

143 1242 338 1323 καὶπρὸς
372 1240 532 1318 ἕτερον
564 1236 686 1319 περὶ
725 1233 906 1296 τούτου
935 1232 1260 1312 διαλέγεσθαι
1296 1234 1479 1305 asset<
1499 1226 1632 1295 εἶναι

144 1330 320 1410 νομίζω,
347 1325 426 1387 ἐπὶ
445 1324 498 1385 δὲ
515 1329 580 1405 τῇ
603 1324 788 1385 τούτου
817 1322 992 1404 βλάὸῃ
1021 1323 1112 1382 καὶ
1133 1322 1260 1404 πρὸς
1279 1324 1431 1383 αὐτὸν
1451 1328 1630 1385 τοῦτον

91 1442 127 1480 ιο
144 1420 248 1479 ὅσιον
276 1416 354 1477 καὶ
381 1411 598 1481 εὖσεὸές.
685 1412 935 1485 Ἀνάὸηθι
961 1402 1050 1471 οὖν
1075 1434 1164 1489 μοι
1200 1412 1290 1471 καὶ
1331 1411 1633 1493 ἀπόκριναι,

143 1507 217 1565 ὅτι
237 1508 287 1565 ἀν
304 1528 356 1563 σε
374 1505 556 1583 ἐρωτῶ.

202 1614 263 1654 2⁵.
300 1590 570 1667 Ἆπῆγαγες
593 1586 950 1668 Πολέμαρχον
979 1586 1014 1657 ἢ
1044 1586 1138 1661 οὗ,
1171 1587 1260 1649 Τὰ
1278 1588 1380 1646 ὑπὸ
1405 1590 1508 1647 τῶν
1533 1591 1633 1668 ἀρ-

141 1682 296 1761 χόντων
325 1672 710 1757 προσταχθέντα
748 1675 926 1741 δεδιὼς
971 1674 1192 1734 ἐποίουν.
1271 1666 1452 1736 *Ησθα
1494 1675 1540 1735 δ’
1579 1678 1631 1735 ἐν

139 1773 196 1849 τῷ
214 1763 551 1846 βουλευτηρίῳ,
565 1761 656 1821 ὅτε
670 1764 718 1820 οἱ
739 1760 883 1841 λόγοι
907 1761 1133 1840 ἐγίνοντο
1151 1763 1271 1841 περὶ
1292 1767 1474 1839 ἡμῶν,
1500 1754 1633 1827 '‘flv.

141 1856 320 1934 Πότερον
345 1848 668 1929 συνηγόρευες
689 1857 795 1917 τοῖς
818 1850 1112 1910 κελεύουσιν
1140 1851 1442 1911 ἀποκτεῖναι
1472 1851 1507 1924 ἢ
1540 1854 1631 1909 ἀν·

137 1942 322 2019 τέλεγεςς
349 1936 653 2017 Ἀντέλεγον.
750 1936 870 1997 Ἵνα
896 1938 972 2015 μὴ
999 1938 1370 2017 ἀποθάνωμεν;
1405 1936 1526 1999 Ἵνα
1556 1938 1630 2017 μὴ

141 2028 392 2099 ἀποθάνητε.
414 2024 736 2104 Ἡγούμενος
760 2028 903 2102 ἡμᾶς
925 2024 1083 2085 ἄδικα
1108 2025 1333 2106 πάσχειν
1357 2024 1393 2099 ἢ
1421 2024 1631 2101 δίκαια,

137 2114 296 2176 Ἄδικα.

83 2224 120 2263 ιε
196 2222 253 2266 ar.
287 2192 410 2275 Εἶτ’,
433 2190 476 2260 ὦ
503 2198 863 2280 σχετλιώτατε
890 2197 1124 2279 πάντων,
1145 2200 1412 2279 ἀντέλεγες
1437 2200 1531 2279 μὲν
1545 2197 1632 2259 ἵνα

139 2291 310 2357 σώσειας
320 2299 347 2363 ,”
374 2288 758 2367 συνελάμὸανες
802 2289 858 2347 δὲ
893 2287 980 2348 ἵνα
1027 2288 1378 2362 ἀποκτείναις;
1417 2287 1508 2348 καὶ
1547 2286 1631 2347 ὅτε

139 2378 210 2455 μὲν
230 2378 280 2437 τὸ
297 2380 472 2449 πλῆθος
491 2368 556 2449 ἦν
579 2378 736 2454 ὑμῶν
764 2374 940 2457 κύριον
973 2380 1066 2448 τῆς
1093 2377 1352 2457 σωτηρίας
1381 2380 1474 2448 τῆς
1494 2380 1631 2453 ἡμε-

138 2466 280 2547 τέρας,
301 2462 565 2543 ἀντιλέγειν
594 2462 699 2544 φῂς
718 2472 824 2529 τοῖς
845 2462 1173 2544 βουλομένοις
1199 2469 1339 2542 ἡμᾶς
1358 2462 1632 2539 ἀπολέσαι,

138 2554 273 2624 ἐπειδὴ
297 2552 344 2610 δὲ
361 2552 442 2610 ἐπὶ
463 2551 544 2611 σοὶ
569 2551 722 2633 μόνῳ
743 2550 942 2631 ἐγένετο
963 2550 1058 2611 καὶ
1087 2554 1256 2611 σῶσαι
1281 2552 1633 2632 Πολέμαρχον

136 2639 202 2698 καὶ
223 2638 308 2715 μή,
328 2640 391 2705 εἰς
407 2636 466 2695 τὸ
482 2635 846 2717 δεσμωτήριον
867 2636 1168 2718 ἀπήγαγεςς
1193 2628 1282 2697 εἷθ’
1310 2636 1391 2697 ὅτι
1419 2639 1534 2715 μέν,
1564 2641 1633 2705 ὡς

136 2726 232 2806 φῄς,
251 2722 479 2785 ἀντειπὼν
502 2724 656 2784 οὐδὲν
687 2723 1004 2806 4ὠφέλησας,
1038 2724 1199 2794 ἀξιοῖς
1235 2720 1461 2806 χρηστὸς
1487 2725 1633 2804 νομί-

89 2812 282 2887 ιοζεσθαι,
305 2813 376 2871 ὅτι
403 2812 456 2872 δὲ
481 2812 768 2872 συλλαὸὼν
794 2811 1130 2892 ἀπέκτεινας,
1157 2816 1250 2874 οὐκ
1282 2812 1378 2873 οἴει
1402 2813 1518 2891 ἐμοὶ
1544 2814 1634 2874 καὶ

135 2900 306 2962 τουτοισὶ
332 2902 499 2959 δοῦναι
528 2898 718 2982 &iiam

192 3010 248 3050 π.
287 2989 382 3049 Καὶ
401 2989 502 3065 μὴν
522 2988 817 3049 οὐδὲτοῦτο
842 2990 977 3056 εἰκὸς
1001 2991 1141 3073 αὐτῷ
1169 2989 1429 3050 πιστεύειν
1443 3036 1461 3068 ,
1483 2988 1632 3071 εἴπερ

137 3080 262 3150 ἀληθῆ
282 3076 406 3155 λέγει
433 3077 656 3158 φάσκων
679 3080 959 3152 ἀντειπεῖν,
993 3080 1063 3146 ὡς
1101 3080 1245 3161 αὐτῷ
1273 3076 1630 3161 προσετάχθη.

134 3166 190 3227 Οὔ
223 3164 308 3245 γὰρ
344 3164 503 3237 δήπου
543 3168 603 3225 ἐν
651 3173 758 3233 τοῖς
799 3164 1054 3244 μετοίκοις
1096 3164 1272 3225 πίστιν
1309 3167 1434 3246 παρ’
1475 3168 1646 3225 αὐτοῦ·

131 3252 386 3331 ἔλάμὸανον.
463 3248 704 3314 Ἔπειτα
724 3256 801 3333 τῷ
827 3244 986 3325 ἦττον
1012 3252 1144 3322 εἰκὸς
1163 3246 1226 3327 ἦν
1241 3258 1635 3333 προσταχθῆναι

129 3342 286 3412 ἦὸστις
304 3339 550 3401 ἀντειπών
576 3364 644 3420 γε
671 3340 951 3421 ἐτύγχανεν
992 3340 1082 3401 καὶ
1121 3341 1338 3421 γνώμην
1365 3342 1630 3401 ἀποδεδει-

132 3428 298 3507 γμένος,
332 3428 444 3489 τίνα
465 3430 571 3511 γὰρ
603 3428 740 3497 εἰκὸς
766 3420 830 3502 ἦν
856 3422 1012 3501 Ιἧττον
1046 3433 1214 3489 ταῦτα
1249 3432 1572 3509 ὑπηρετῆσαι
1598 3427 1632 3500 ἢ

83 3519 192 3580 :niv
217 3517 498 3579 ἀντειπόντα
541 3508 629 3585 οἷς
661 3518 847 3577 ἐκεῖνοι
881 3515 1156 3577 ἐὸούλοντο
1187 3520 1516 3597 πραχθῆναι;
1541 3516 1630 3598 (28)

129 3605 221 3666 Ἐτι
252 3606 302 3665 δὲ
334 3609 436 3674 τοῖς
465 3604 568 3683 μὲν
627 3604 806 3673 ἄλλοις
845 3603 1132 3679 Ἀθηναίοις
1180 3604 1334 3676 ἱκανή
1376 3627 1464 3681 μοι
1497 3605 1635 3663 δοκεῖ

130 3694 330 3774 πρόφασις
362 3684 492 3755 εἶναι
525 3696 638 3755 τῶν
687 3690 1042 3772 γεγενημένων
1088 3692 1161 3760 εἷς
1188 3688 1306 3757 τοὺς
1350 3690 1631 3771 τριάκοντα

131 3779 347 3863 ἀναφέρειν
378 3779 472 3853 τὴν
517 3781 716 3841 αἰτίαν·
764 3778 949 3848 αὐτοὺς
992 3778 1048 3839 δὲ
1087 3776 1206 3847 τοὺς
1233 3775 1538 3857 τριάκοντα,
1567 3775 1632 3836 ἂν

129 3871 176 3935 εἷς
196 3879 307 3950 σφᾶς
329 3868 508 3937 αὐτοὺς
537 3867 873 3950 ἀναφέρωσι,
903 3870 1016 3935 πῶς
1055 3865 1191 3933 εἰκὸς
1219 3869 1353 3942 ὑμᾶς
1377 3862 1634 3945 ἀποδέχε-

131 3961 236 4030 σθαι,
259 3959 342 4036 (29)
367 3960 436 4017 Εἰ
460 3958 556 4034 μὲν
588 3956 692 4036 γάρ
716 3979 794 4024 τις
815 3947 879 4029 ἦν
904 3958 957 4014 ἐν
993 3958 1059 4034 τῇ
1087 3952 1238 4013 πόλει
1257 3950 1398 4033 ἀρχὴ
1422 3954 1632 4033 ἰσχυρο-

127 4044 216 4125 τέρα
239 4047 414 4121 αὐτῆς,
455 4045 542 4126 ὑφ’
569 4036 636 4116 ἧς
671 4044 817 4125 αὐτῷ
861 4040 1244 4123 προσετάττετο
1281 4039 1429 4120 παρὰ
1454 4039 1515 4097 τὸ
1556 4038 1630 4099 δίΦ

129 4151 234 4189 ιιιιιον
258 4130 546 4213 ἀνθρώπους
591 4130 912 4203 ἀπολλύναι,
956 4129 1085 4198 ἴσως
1132 4125 1194 4187 ἂν
1239 4126 1449 4194 εἰκότως
1490 4128 1633 4209 αὖτῷ

90 4218 384 4299 ωσι-(γνώμην
425 4217 620 4300 εἴχετε·
659 4223 750 4277 νῦν
780 4216 834 4277 δὲ
860 4215 1008 4299 παρὰ
1030 4222 1120 4277 τοῦ
1141 4238 1269 4275 ποτε
1293 4212 1384 4273 καὶ
1406 4212 1633 4294 λήψεσθε

131 4306 256 4384 δίκην,
277 4306 414 4387 εἴπερ
441 4306 650 4377 ἐξέσται
677 4314 783 4373 τοῖς
807 4305 1087 4387 τριάκοντα
1124 4303 1293 4383 λέγειν
1333 4300 1414 4361 ὅτι
1440 4299 1507 4359 τὰ
1533 4300 1633 4360 ὑπὸ

129 4397 198 4451 τῶν
211 4394 467 4477 τριάκοντα
489 4394 890 4477 προσταχθέντα
923 4392 1164 4471 ἐποίουν;
1195 4392 1285 4471 (3ο)
1315 4388 1424 4451 Καὶ
1451 4388 1544 4468 μὲν
1569 4388 1631 4461 δὴ

130 4482 194 4538 οὖιι
215 4484 258 4539 ἐν
279 4488 341 4563 τῇ
366 4482 537 4561 οἰκίᾳ,
569 4481 689 4541 ἀλλ’
711 4484 764 4541 ἐν
785 4484 851 4561 τῇ
875 4482 979 4562 ὁδῷ
1018 4480 1246 4551 σώζοντα
1271 4476 1422 4538 αὐτὸν
1445 4476 1535 4537 καὶ
1569 4476 1633 4535 τὰ

133 4568 276 4637 τούτοις
309 4568 642 4651 ἐψηφισμένα
660 4614 678 4643 ,
719 4568 774 4629 ὃν
818 4566 1098 4630 συλλαὸὼν
1129 4566 1420 4646 ἀπήγαγεν.
1451 4564 1634 4642 Ὑμεῖς

135 4654 168 4711 δὲ
191 4657 350 4725 πάντες
391 4658 695 4739 ὀργίζεσθε,
746 4655 857 4717 ὅσοι
906 4659 978 4725 εἰς
1022 4654 1115 4725 τὰς
1144 4654 1309 4722 οἰκίας
1343 4644 1498 4727 ἦλθον
1539 4651 1632 4720 τὰς

135 4742 334 4826 ὒμιιέρας
355 4746 576 4819 ζήτησιν
606 4744 904 4823 ποιούμενοι
929 4744 966 4818 ἢ
996 4747 1141 4821 ὑμῶν
1172 4741 1208 4816 ἢ
1243 4746 1347 4801 τῶν
1371 4740 1634 4822 ὑμετέρων

137 4830 244 4896 ³²25<-
319 4834 408 4913 (31)
443 4832 643 4894 Καίτοι
676 4835 722 4892 εἰ
739 4831 844 4913 χρὴ
873 4832 980 4900 τοῖς
1007 4831 1092 4891 διὰ
1112 4829 1209 4904 τὴν
1242 4832 1438 4889 ἑαυτῶν
1463 4851 1635 4900 σωτη-

83 4914 215 4992 ΙἉςίσν
239 4918 421 5001 ἐτέρους
441 4913 764 4981 ’ἀπολέσασι
800 4919 1114 5001 συγγνώμην
1139 4918 1297 4999 ἔχειν,
1331 4915 1541 4983 ἐκείνοις
1569 4912 1632 4975 ἂν

142 5004 388 5090 διιαιότερον
417 5008 608 5090 ἔχοιτε·
627 5007 870 5077 ’κίνδυνος
898 5007 1000 5091 γὰρ
1029 5000 1092 5081 ἦν
1127 5010 1408 5089 πεμφθεῖσι
1441 5002 1514 5082 μὴ
1548 5004 1632 5064 ἐλ-

143 5096 224 5149 θεῖν
239 5096 318 5154 καὶ
347 5096 744 5156 καταλαὸοῦσιν
781 5096 1007 5179 ἐξάρνοις
1052 5094 1310 5177 γενέσθαι.
1430 5094 1528 5173 Τῷ
1577 5090 1631 5150 δὲ

145 5174 436 5257 Ἐρατοσθένει
477 5183 600 5255 ἐξῆν
643 5186 806 5245 εἰπεῖν
845 5184 944 5243 ὅτι·
966 5186 1060 5243 οὐκ
1103 5181 1398 5255 ἀπήντησεν
1412 5224 1428 5254 ,
1453 5178 1634 5241 ἔπειτα

145 5262 198 5323 ὅτι
223 5271 299 5329 οὗιι
321 5264 464 5333 εἶδεν·
501 5277 670 5333 ταῦτα
709 5272 812 5354 γὰρ’
833 5272 943 5333 οὔτ’
985 5271 1198 5351 ἔλεγχον
1245 5267 1363 5330 οὔτε
1405 5266 1634 5343 βάσανον

938 489 1190 553 LYSIAE
1229 478 1351 554 ΟΒ.
1414 492 1722 557 CONTRA
1762 496 2398 563 ERATOSTHENEM.

3153 517 3256 569 1⁴1

1718 650 1795 687 res
1823 638 1885 689 ab
1920 640 2023 691 istis
2050 642 2196 705 gestae
2220 643 2335 694 sunt
2362 643 2471 693 tum
2497 656 2609 708 erga
2634 656 2718 695 me
2731 644 2839 695 tum
2867 648 2981 708 erg'a
3010 644 3271 697 civitatem.

1717 738 1933 787 Fratrem
1953 738 2081 789 enim
2098 752 2260 791 meum
2280 778 2295 805 ,
2318 741 2373 793 ut
2403 741 2540 805 prius
2556 741 2659 792 dlxi
2670 779 2688 807 ,
2713 744 3052 796 Eratosthenes
3078 746 3273 800 interfe-

1721 832 1812 896 cit,
1851 835 1986 886 nulla
2032 836 2259 901 privatim
2287 837 2461 903 injuria
2495 839 2666 903 laesus,
2702 840 2922 905 nihilque
2960 842 3097 893 illum
3130 843 3273 895 delin-

1719 930 1949 992 quentem
1966 933 2139 983 nactus
2153 930 2204 981 in
2218 932 2482 997 civitatem,
2497 947 2667 985 verum
2684 946 2786 985 suae
2802 934 3093 999 improbitati
3107 938 3276 1002 cupide

1721 1036 1906 1075 morem
1925 1038 2108 1088 gerens.
2175 1026 2275 1089 (24)
2315 1029 2458 1079 Hunc
2486 1029 2649 1079 autem
2674 1028 2968 1092 productum
2986 1030 3275 1097 interrofflre

1720 1116 1897 1180 velim,
1926 1116 2128 1181 judices.
2195 1119 2383 1190 Quippe
2412 1121 2462 1171 in
2493 1134 2550 1171 ea
2582 1122 2822 1173 sententia
2852 1136 2987 1187 sum,
3026 1128 3081 1176 ut
3110 1128 3276 1179 salutis

1719 1210 1866 1274 huius
1897 1211 2050 1275 gretia
2080 1220 2193 1262 cum
2232 1212 2327 1263 alio
2362 1214 2559 1264 homine
2592 1216 2903 1267 sermocinari
2922 1218 3137 1283 impium
3173 1234 3275 1272 esse

1721 1304 1990 1356 existimem
2002 1340 2019 1368 ,
2038 1304 2123 1357 aed
2138 1304 2355 1369 ejusdem
2375 1305 2508 1357 exitii
2534 1320 2679 1359 causa
2695 1310 2775 1359 vel
2794 1323 2909 1360 cum
2926 1325 2986 1363 eo
3002 1310 3104 1377 ipso
3122 1313 3273 1364 collo·

1721 1404 1804 1467 qui
1821 1406 2042 1455 sanetum
2059 1418 2161 1455 esse
2178 1407 2227 1455 et
2244 1394 2377 1469 pium
2390 1404 2616 1468 iudicem.
2638 1407 2852 1458 Ascende
2868 1408 3031 1472 igitur,
3046 1414 3096 1459 et
3109 1410 3272 1475 siquid

1721 1506 2168 1570 teinterrogavero,
2188 1506 2438 1570 responde.

1783 1608 1860 1653 25.
1895 1600 2211 1651 Abduxistine
2230 1601 2624 1664 Polemarcbum,
2642 1616 2707 1653 an
2740 1607 2873 1655 non?
2899 1608 3021 1664 Quae
3040 1620 3069 1657 a
3085 1610 3275 1672 collegis

1720 1702 1840 1753 meis
1854 1701 2087 1765 imperata
2102 1702 2241 1752 erant
2260 1703 2393 1753 metu
2408 1702 2604 1753 coactus
2616 1703 2927 1766 exsequebar.
2954 1706 3194 1758 Aderasne
3216 1708 3269 1759 in

1720 1805 1854 1857 curia
1871 1818 2025 1870 quum
2044 1818 2201 1856 sermo
2214 1804 2274 1855 de
2290 1804 2429 1857 nobis
2448 1804 2641 1857 habitus
2654 1807 2761 1856 est?
2782 1806 2939 1858 Adfui.
2986 1808 3276 1867 Assentieba-

1721 1908 1914 1959 risneiis
1927 1906 2011 1971 qui
2028 1908 2243 1959 nostram
2259 1909 2464 1961 mortem
2486 1907 2778 1971 suadebant,
2798 1923 2861 1959 an
2882 1906 3274 1962 contradicebasi'

1721 2010 2133 2064 contradicebam.
2201 2009 2361 2069 Quid?
2379 2019 2440 2058 ne
2461 2010 2870 2063 interficeremur?
2886 2016 2955 2065 Ne
2971 2013 3267 2065 interficere-

1721 2113 1852 2164 mini.
1915 2111 2249 2164 Arbitratusne
2268 2125 2359 2165 nos
2380 2112 2543 2177 iniqua
2556 2114 2657 2177 peti
2676 2113 2761 2165 -vel
2787 2118 2963 2179 aequa?
2980 2117 3179 2182 iniqua.

1784 2216 1862 2265 26:
1895 2216 2033 2266 itane
2054 2216 2216 2279 igitur,
2243 2217 2461 2273 omnium
2493 2218 2883 2283 sceleratissime,
2916 2220 3276 2272 contradicebas

1720 2304 1778 2353 ut
1811 2315 1900 2354 nos
1934 2316 2175 2368 servares,
2207 2305 2609 2369 comprehendisti
2644 2320 2761 2357 vero
2781 2309 2839 2359 ut
2858 2306 3184 2361 interficeres?
3212 2312 3277 2361 Et

1720 2404 1874 2455 quum
1898 2404 2045 2455 penes
2066 2405 2153 2443 vos
2170 2391 2417 2445 universos
2439 2396 2603 2445 nostra
2620 2396 2750 2446 salus
2766 2397 2897 2459 erat,
2924 2398 2973 2448 te
2994 2398 3065 2448 ais
3080 2400 3274 2448 contra·

1720 2479 1896 2531 dixisse
1918 2484 2133 2531 nostram
2159 2484 2365 2533 mortem
2386 2482 2689 2546 cupientibus
2712 2502 2726 2534 ε
2754 2498 2907 2548 quum
2932 2487 3096 2537 autem
3130 2500 3277 2551 penes

1718 2570 1770 2619 te
1786 2582 1939 2619 unum
1960 2571 2063 2621 erat
2098 2570 2460 2622 Polemarchum
2496 2573 2574 2623 vel
2595 2584 2787 2624 servare
2820 2574 2898 2624 vel
2938 2574 3181 2640 occidere,
3223 2576 3277 2628 in

1721 2669 1961 2707 carcerem
1978 2658 2249 2709 abduxisti?
2282 2658 2463 2710 DeInde
2478 2696 2494 2722 ,
2523 2659 2653 2723 quod
2669 2696 2685 2724 ‚
2707 2661 2765 2712 ut
2784 2662 2884 2725 ais,
2906 2662 3275 2716 contradicendo

1719 2746 1976 2808 profeceris
2000 2746 2115 2797 nihil
2129 2784 2144 2809 ,
2168 2747 2243 2798 vis
2268 2747 2435 2799 haberi
2467 2749 2541 2798 vir
2558 2749 2772 2813 probus;
2800 2749 2935 2814 quod
2956 2754 3119 2803 autem
3137 2766 3275 2804 com·

1719 2834 2010 2897 prehensum
2047 2835 2206 2885 virum
2232 2835 2552 2898 interfeceris,
2590 2850 2689 2888 non
2714 2838 2961 2891 arbitraris
2994 2842 3046 2891 te
3080 2840 3199 2892 mihi
3221 2844 3270 2892 et

1722 2917 1796 2967 his
1817 2931 1982 2980 poenas
2006 2917 2266 2969 daturum?

1783 3004 1862 3051 27.
1896 3000 2045 3063 Atqui
2074 3000 2115 3051 si
2143 3014 2314 3051 verum
2345 3004 2417 3053 est
2437 3002 2567 3066 quod
2594 3004 2690 3067 ait,
2708 3016 2760 3054 se
2778 3004 3150 3068 contradixisse,
3176 3019 3276 3057 non

1720 3078 1810 3143 ipsi
1829 3078 2123 3131 credendum
2145 3080 2218 3130 est
2232 3093 2384 3143 quum
2401 3080 2520 3131 dicit
2546 3082 2637 3132 sibi
2665 3082 2786 3133 illud
2806 3096 2985 3135 munus
3014 3085 3160 3136 fuisse
3180 3085 3268 3137 de-

1721 3166 2029 3228 mandatum3
2048 3165 2283 3230 siquidem
2300 3166 2351 3217 in
2372 3167 2569 3219 advenis
2585 3168 2731 3219 fidem
2748 3169 2859 3231 ejus
2871 3171 3077 3234 experiri
3097 3173 3273 3224 noluis-

1721 3248 1846 3297 sent.
1909 3249 2034 3298 Nam
2064 3246 2400 3298 cui'credibile
2415 3249 2490 3298 est
2512 3247 2559 3298 ei
2584 3247 2704 3299 illud
2730 3261 2909 3301 munus
2928 3249 3274 3302 demandatum

1721 3329 1866 3380 fuisse
1885 3330 1973 3393 qui
1994 3330 2376 3393 contradicebat,
2410 3342 2647 3395 suamque
2670 3332 2957 3384 sententiam
2979 3335 3142 3397 palam
3160 3348 3272 3399 pro-

1722 3413 1873 3465 fessus
1891 3416 1997 3465 est?
2059 3418 2215 3475 Quem
2240 3416 2367 3465 enim
2392 3414 2554 3466 minus
2574 3415 2769 3467 credere
2798 3416 2914 3467 licet
2948 3417 3184 3481 imperata
3212 3420 3275 3471 ab

1721 3492 1814 3542 illis
1831 3493 2135 3556 exsequenda
2152 3490 2412 3557 recepisse,
2439 3506 2585 3556 quam
2613 3494 2672 3543 iis
2693 3494 2838 3545 rebus
2855 3496 3272 3551 contradicentem

1722 3588 1843 3641 quas
1878 3576 1950 3626 illi
1972 3576 2133 3641 perlici
2164 3577 2454 3629 voluerunt?
2485 3576 2586 3640 (28)
2612 3576 2684 3627 Ad
2712 3576 2849 3641 liaec,
2878 3577 3048 3629 ceteris
3081 3580 3275 3643 quidem

1723 3662 1910 3713 civibus
1935 3674 2097 3713 rerum
2122 3662 2361 3725 gestarum
2391 3660 2512 3713 mibi
2529 3660 2721 3711 videtur
2737 3663 2906 3725 parata
2930 3670 3033 3713 esse
3050 3662 3165 3713 satis
3184 3664 3277 3714 bo·

1722 3748 1860 3800 nesta
1875 3744 2122 3799 excusatio
2135 3782 2151 3809 ,
2172 3745 2213 3797 si
2234 3745 2427 3808 culpam
2448 3744 2500 3794 in
2516 3744 2839 3807 trigintaviros
2860 3745 3139 3797 conferant:
3160 3748 3213 3797 at
3236 3748 3278 3797 sl

1723 3832 1812 3897 ipsi
1839 3830 2125 3895 trigintaviri
2153 3830 2344 3892 culpam
2366 3829 2538 3879 mutuo
2569 3828 2819 3878 conferant
2856 3828 2906 3878 in
2930 3841 2982 3879 se
3008 3828 3155 3893 ipsos,
3191 3832 3277 3893 qul

1722 3918 1912 3981 possitis
1933 3916 2052 3968 illud
2074 3916 2357 3967 admittere?
2384 3914 2482 3979 (29)
2502 3913 2693 3965 Etenim
2720 3913 2762 3963 si
2780 3913 2944 3963 fuisset
2965 3908 3015 3963 ln
3034 3914 3277 3976 republica

1723 4002 1875 4066 maior
1893 4002 2053 4065 alique
2081 4001 2289 4064 potestas
2310 4013 2341 4049 a
2363 4008 2459 4061 qua
2490 3997 2567 4048 isti
2599 3998 2888 4061 imperatum
2920 3986 3043 4047 esset
3061 3996 3277 4049 homines

1723 4090 1923 4133 enecare
1942 4082 2116 4145 praeter
2132 4079 2241 4142 ius,
2263 4090 2362 4128 non
2385 4076 2559 4140 iniuria
2582 4077 2741 4127 forsan
2771 4076 2963 4126 veniam
2990 4073 3069 4127 isti
3100 4089 3271 4127 eonce-

1723 4165 1899 4217 deretis
1928 4169 2060 4228 :jam
2081 4164 2245 4213 autem
2270 4160 2465 4225 quando
2490 4160 2686 4210 demum
2705 4158 2768 4209 ab
2798 4160 2892 4209 isto
2919 4159 3145 4223 repetetis
3167 4172 3269 4223 poe-

1667 4288 1670 4291 .
1721 4264 1826 4314 nas,
1841 4251 1883 4301 sl
1898 4249 2062 4301 licebit
2070 4246 2380 4313 trigintaviris
2392 4246 2550 4297 dicere
2567 4246 2697 4310 quod
2712 4245 3121 4309 trigintavirorum
3136 4247 3275 4309 impe·

1721 4331 1806 4380 riis
1821 4327 2083 4393 paruerint,
2102 4327 2409 4389 ipsorumque
2420 4324 2612 4375 decreta
2624 4324 3028 4386 exsequerentur?
3047 4323 3145 4386 (3ο)
3168 4326 3273 4374 Huc

1723 4413 1907 4465 accedit
1926 4412 2057 4477 quod
2090 4409 2457 4462 Polemarcbum
2489 4420 2587 4463 non
2612 4407 2665 4457 in
2692 4407 2837 4457 domo
2862 4419 2977 4471 sua,
3005 4406 3089 4458 sed
3113 4406 3164 4457 in
3198 4408 3278 4458 via

1722 4482 1914 4563 publica
1944 4495 2215 4559 offendens,
2244 4508 2397 4559 quum
2419 4493 2512 4544 hoc
2540 4492 2687 4543 modo
2721 4502 2913 4543 servare
2947 4490 3107 4555 ipsum
3132 4491 3278 4542 salvis

1721 4584 1924 4634 istorum
1946 4580 2149 4633 decretis
2165 4578 2421 4644 potuisset,
2440 4575 2749 4627 niliilominus
2766 4574 3163 4638 comprehensum
3188 4574 3276 4625 ab·

1695 4688 1700 4691 ·
1721 4668 1876 4720 duxit.
1898 4672 2000 4719 vos
2016 4665 2211 4731 quidem
2231 4676 2399 4714 omnes
2418 4660 2723 4724 succensetis,
2741 4661 2783 4711 si
2794 4660 2881 4724 qui
2893 4660 2945 4711 in
2958 4659 3084 4711 aedes
3097 4660 3278 4711 vestras

1723 4751 1992 4812 irruerunt,
2016 4749 2103 4799 aut
2122 4760 2211 4797 vos
2226 4746 2313 4796 aut
2328 4758 2357 4795 e
2384 4744 2557 4795 vestris
2587 4743 2797 4806 aliquun
2818 4742 3086 4806 quaesituri.
3174 4742 3273 4805 (31)

1723 4846 1949 4895 Attamen
1964 4841 2005 4893 si
2020 4840 2096 4891 bis
2117 4839 2201 4904 qui
2223 4841 2281 4889 ut
2312 4837 2599 4890 suae'salutis
2628 4836 2863 4887 rationem
2890 4833 3123 4885 haberent
3153 4833 3274 4883 alios

1722 4930 1773 4980 in
1789 4930 1991 4981 exitium
2014 4926 2305 4991 rapuerunt,
2334 4922 2675 4987 ignoscendum
2698 4922 2798 4984 est,
2820 4920 2916 4971 illis
2941 4908 3206 4983 profectui
3214 4932 3271 4967 u·

1721 5014 1843 5066 etius
1874 5011 2142 5076 ignoscetis.
2206 5007 2478 5060 Periculum
2514 5008 2649 5059 enim·
2669 5008 2799 5068 erat,
2822 5005 2861 5057 si
2898 5007 2986 5056 aut
3019 5004 3151 5055 missi
3173 5016 3273 5054 non

1722 5097 2044 5161 abirent,'aut
2063 5096 2103 5147 si
2129 5092 2539 5162 deprehendentes
2558 5091 2785 5155 negarent
2809 5102 2862 5141 se
2884 5086 3269 5153 deprehendisse.

1723 5182 2027 5237 Eratostheni
2042 5183 2207 5234 autem
2224 5168 2399 5232 licebat
2420 5178 2579 5229 dicere
2601 5190 2653 5228 se
2671 5176 2863 5227 vel-non
2880 5172 3144 5224 occurrisse
3162 5171 3273 5222 viris

1722 5274 1802 5327 vel
1814 5274 1945 5339 ipsos
1960 5284 2058 5323 non
2078 5271 2283 5325 novisse.
2302 5266 2651 5321 Excusationes
2670 5260 2943 5328 huiusmodi
2962 5271 3119 5325 neque
3145 5270 3275 5309 seru·
