3825 5842
508 472 635 539 τεο,

1352 456 1601 517 ῙΣΑῙΟΥ
1640 454 1691 513 Ο
1734 454 1915 513 ΠΕΡΙ
1957 452 2113 513 ΤΟΥ
2155 454 2461 516 ΠΥΡΡΟΥ
2505 456 2832 516 ΚΔΗΡΟΥ.

3420 458 3649 544 (ιι-ιο)

509 586 612 669 διον
638 584 723 645 τὸν
745 582 960 665 ἀδελφὸν
982 584 1068 643 τὸν
1092 582 1216 660 ἐμὸν
1236 584 1343 641 υἱὸν
1365 585 1549 662 ἑαυτῷ·
1573 580 1626 648 ὃς
1647 578 1968 663 κληρονόμος
1987 576 2058 638 ὧν
2151 594 2402 655 ptaverat3
2439 594 2520 657 qui
2548 593 2728 644 Endius
2747 592 2860 657 plus
2889 592 3056 657 viginti
3075 592 3215 644 annis
3249 594 3295 644 ei
3321 596 3589 661 supervixit,
3614 609 3654 653 et

508 678 609 733 τῶν
638 672 834 732 ἐκείνου
855 670 981 729 ἐὸίω
1008 670 1171 729 πλείω
1196 668 1285 741 ἔτη
1310 668 1344 740 ἢ
1373 668 1567 745 εἴκοσι,
1597 668 1687 727 καὶ
1716 670 1768 725 ἐν
1789 671 1962 748 χρόνῳ
1982 690 2063 727 το-

509 758 675 838 σούτῳ
697 758 901 839 ἔχοντος
928 756 1122 815 ἐκείνου
1140 754 1229 813 τὸν
1255 756 1447 835 κλῆρον
1476 754 1637 823 οὐδεὶς
1656 754 1867 814 πώποτε
1896 777 2064 835 προσ-

441 868 467 905 s
512 845 795 917 εποιήσατο
834 844 943 903 οὔδ’
970 840 1339 923 ἢμφισὸήτησε
1364 845 1457 913 τῆς
1486 841 1831 921 κληρονομίας
1858 839 2058 920 ἐκείνῳ.

512 934 577 1011 (2)
598 932 1017 1003 Τελευτήσαντος
1049 928 1103 987 δὲ
1134 934 1223 988 τοῦ
1254 930 1475 1009 ἀδελφοῦ
1509 928 1724 1007 πέρυσιν
1738 974 1755 1007 ,
1793 928 2064 1010 ὓπερὸᾶσα

511 1021 599 1079 τὸν
628 1020 919 1079 τελευταῖον
938 1016 1278 1096 κληρονόμον,
1297 1016 1485 1094 γνησία
1512 1018 1741 1097 θυγάτηρ
1768 1022 1856 1076 τοῦ
1877 1014 2063 1092 ἡμετέ-

516 1130 604 1185 ρου
634 1104 769 1165 θείου
788 1104 908 1177 ἥκει
928 1103 1199 1184 φάσκουσα
1228 1095 1357 1161 εἶναι
1384 1102 1561 1176 Φίλη,
1581 1102 1672 1162 καὶ
1702 1103 1875 1184 κύριος
1902 1104 2066 1160 Ξενο-

512 1196 639 1263 κλῆς
688 1192 914 1272 Κόπριος
941 1196 1029 1250 τοῦ
1075 1190 1283 1271 Πύρρου
1325 1189 1519 1269 κλήρου
1566 1192 1747 1270 λαχεῖν
1791 1188 1884 1261 τὴν
1924 1186 2066 1258 λῆξιν

513 1278 730 1350 ἠξίωσεν
751 1324 767 1351 ,
787 1278 841 1346 ὃς
864 1277 1218 1349 τετελευτήκει
1237 1277 1401 1336 πλείω
1419 1277 1453 1348 ἢ
1474 1276 1662 1336 εἴκοσιν
1686 1275 1775 1348 ἔτη
1792 1324 1808 1349 ,
1830 1274 1950 1353 τρία
1973 1274 2066 1333 τά-

512 1370 677 1425 λαντα
708 1363 915 1441 τίμημα
940 1368 1015 1443 τῷ
1033 1364 1212 1444 κλήρῳ
1240 1363 1675 1444 ἐπιγραψάμενος.
1762 1362 1822 1440 (a)
1844 1363 2066 1442 Ἄμφισ-

445 1472 489 1510 ιο
518 1451 777 1523 6ητούσης
802 1452 857 1511 δὲ
884 1456 975 1523 τῆς
998 1451 1191 1531 μητρὸς
1217 1456 1310 1523 τῆς
1327 1450 1489 1527 ἣμετί
1498 1474 1589 1529 ρας
1606 1494 1622 1523 ,
1644 1452 1867 1531 ἀδελφῆς
1888 1449 1944 1509 δὲ
1977 1454 2074 1511 τοῦ.

512 1538 727 1618 Πύρρου
748 1583 764 1616 ,
796 1541 824 1596 ὁ
852 1538 1021 1619 κύριος
1054 1543 1148 1609 τῆς
1183 1538 1449 1618 εἰληχυίας
1476 1543 1569 1597 τοῦ
1604 1538 1800 1617 κλήρου
1831 1537 2069 1615 γυναικὸς

514 1626 771 1703 ἐτόλμησε
794 1626 1216 1707 διαμαρτυρῆσαι
1242 1624 1316 1703 μὴ
1352 1625 1579 1684 ἐπίδικον
1612 1631 1678 1705 τῇ
1702 1625 1933 1706 ἡμετέρα
1965 1648 2067 1702 μη-

514 1714 596 1794 τρὶ
623 1711 712 1770 τὸν
752 1718 840 1771 τοῦ
880 1713 1107 1793 ἀδελφοῦ
1150 1714 1341 1792 κλῆρον
1382 1702 1544 1786 εἶναι,
1570 1716 1640 1779 ὡς
1666 1712 1820 1781 οὔσης
1857 1712 2071 1789 γνησίας

516 1798 763 1877 θυγατρὸς
787 1796 981 1880 Πύρρῳ
998 1846 1013 1871 ,
1038 1790 1098 1857 οὗ
1124 1790 1189 1871 ἦν
1211 1798 1262 1867 ἐξ
1283 1802 1450 1881 ἀρχῆς
1475 1802 1503 1857 ὁ
1528 1802 1737 1877 κλῆρος.
1826 1800 1889 1877 (⁴)
1915 1801 2071 1859 Ἐπι-

518 1886 848 1967 σκηψάμενοι
875 1885 929 1945 δὲ
960 1890 1110 1963 ἡμεῖς
1128 1930 1145 1960 ,
1186 1886 1277 1945 καὶ
1316 1890 1386 1953 εἷς
1427 1888 1562 1963 ὑμᾶς
1587 1885 1947 1964 εἰσαγαγόντες
1984 1885 2073 1945 τὸν

516 1977 935 2053 διαμαρτυρῆσαι
974 1974 1311 2051 τολμήσαντα
1357 1974 1495 2032 κατὰ
1539 1980 1733 2047 ταῦτα,
1778 1973 1971 2033 ἐκεῖνόν
2015 1998 2072 2033 τε

514 2058 861 2138 ἐξελέγξαντες
882 2065 1177 2141 περιφανῶς
1204 2061 1271 2121 τὰ
1290 2064 1455 2143 ψευδῆ
1484 2060 1952 2141 μεμαρτυρηκότα,
1976 2061 2072 2132 τὴν

440 2168 488 2206 ιο
515 2150 616 2206 τῶν
640 2148 1092 2228 ψευδομαρτυριῶν
1115 2148 1262 2221 δίκην
1287 2148 1493 2221 εἵλομεν
1514 2152 1643 2229 παρ’
1669 2151 1791 2225 ὑμῖν
1807 2195 1824 2222 ,
1851 2148 1941 2207 καὶ
1958 2170 2083 2206 του·

516 2232 625 2293 τονὶ
654 2234 954 2310 Νικόδημον
977 2240 1304 2317 παραχρῆμα
1330 2234 1672 2313 ἐξηλέγξαμεν
1702 2237 1755 2293 ἐν
1778 2236 1882 2302 τοῖς
1901 2236 2070 2301 αὐτοῖς

519 2322 790 2388 δικασταῖς
826 2322 1292 2401 ἀναισχυντότατον
1339 2326 1404 2400 τῇ
1436 2321 1695 2402 μαρτυρίᾳ
1726 2320 1848 2389 ὄντα
1876 2319 2072 2396 ταύτῃ,

518 2408 571 2475 ὅς
592 2432 649 2487 γε
678 2407 939 2487 ἐτόλμησε
960 2414 1287 2491 μαρτυρῆσαι
1317 2413 1569 2489 ἐγγυῆσαι
1588 2414 1663 2489 τῷ
1690 2408 1809 2490 θείῳ
1838 2412 1911 2489 τῷ
1939 2412 2070 2485 ἡμε·

508 2493 659 2575 ,τέριρ
685 2495 781 2566 τὴν
810 2496 1037 2575 ἀδελφὴν
1062 2497 1159 2567 τὴν
1186 2500 1370 2555 ἑαυτοῦ
1396 2505 1617 2573 γυναῖκα
1643 2487 1771 2555 εἶναι
1793 2495 1932 2554 κατὰ
1957 2495 2075 2563 τοὺς

440 2598 445 2607 “
521 2582 729 2660 νόμους.
818 2584 889 2664 (ο)
914 2580 1042 2644 Ὅτι
1070 2583 1165 2661 μὲν
1202 2576 1289 2643 οὖν
1318 2584 1407 2643 καὶ
1431 2588 1484 2644 ἐν
1522 2589 1589 2664 τῇ
1617 2583 1843 2663 προτέρᾳ
1880 2584 1997 2663 δίκῃ
2037 2589 2070 2655 ἡ

522 2668 707 2729 τούτου
736 2671 995 2753 μαρτυρία
1024 2670 1217 2753 ψευδὴς
1244 2669 1416 2739 ἔδοξεν
1440 2662 1572 2730 εἶναι
1592 2716 1607 2745 ,
1644 2676 1672 2731 ὁ
1703 2672 1807 2730 τόθ’
1832 2668 2076 2738 ἑαλωκὼς

441 2787 495 2825 20
524 2757 723 2839 μάρτυς
746 2758 1049 2839 σαφέστατα
1076 2764 1255 2819 τοῦτον
1276 2758 1555 2837 ἐξελέγχει.
1638 2754 1707 2819 Εἰ
1733 2756 1833 2838 γὰρ
1857 2759 1931 2835 μὴ
1957 2756 2074 2815 ἐδό-

520 2867 601 2903 κει
637 2836 785 2913 οῧτος
811 2846 879 2905 τὰ
914 2848 1077 2927 ψευδῆ
1116 2847 1231 2906 τότε
1259 2851 1622 2928 μαρτυρῆσαι,
1651 2848 1804 2917 δῆλον
1836 2843 1914 2903 ὅτι
1944 2846 2078 2903 ἐκεῖ-

520 2930 601 2999 νός
637 2934 685 2989 τ’
735 2932 798 2990 ἂν
835 2932 1117 3016 ἀποφυγὼν
1161 2935 1257 3006 τὴν
1300 2932 1677 3014 διαμαρτυρίαν
1720 2936 1956 3005 ἀπῆλθε,
1987 2932 2078 2991 καὶ

520 3021 839 3098 κληρονόμος
860 3020 923 3079 ἂν
942 3025 1045 3081 τῶν
1074 3026 1165 3083 τοῦ
1184 3022 1320 3081 θείου
1336 3026 1369 3093 ἡ
1390 3021 1866 3099 διαμαρτυρηθεῖσα
1888 3018 2076 3097 γνησία

520 3105 750 3186 θυγάτηρ
768 3098 900 3165 εἶναι
918 3152 934 3181 ,
967 3109 1085 3168 ἀλλ’
1111 3110 1209 3167 οὔκ
1229 3107 1290 3165 ἂν
1314 3112 1347 3179 ἡ
1366 3106 1599 3188 ἡμετέρα
1622 3106 1850 3177 κατέστη
1876 3106 2074 3187 μήτηρ.

526 3190 590 3272 (ο)
622 3191 857 3262 Ἂλόντος
879 3194 935 3253 δὲ
955 3198 1045 3255 τοῦ
1072 3194 1327 3275 μάρτυρος
1345 3194 1435 3252 καὶ
1454 3193 1753 3266 ἀποστάσης
1771 3198 1861 3252 τοῦ
1884 3192 2078 3274 κλήρου

522 3284 615 3353 τῆς
660 3280 1097 3362 ἀμφισὸητούσης
1144 3280 1355 3359 γνησίας
1394 3281 1639 3361 θυγατρὸς
1680 3280 1876 3362 Πύρρῳ
1915 3271 2078 3354 εἶναι,

524 3368 727 3445 μεγάλη
754 3368 954 3445 ἀνάγκη
985 3366 1098 3443 ἅμα
1126 3368 1216 3427 καὶ
1255 3367 1351 3440 τὴν
1372 3368 1557 3428 τούτου
1587 3368 1878 3448 μαρτυρίαν
1902 3370 2077 3427 ἑαλω-

442 3473 495 3511 25
527 3454 691 3514 κέναι·
720 3456 839 3535 περὶ
868 3454 968 3533 γὰρ
998 3458 1157 3516 αὐτοῦ
1184 3454 1365 3515 τούτου
1395 3456 1823 3536 διαμαρτυρήσας
1850 3454 1946 3529 τὴν
1975 3461 2078 3515 τῶν

522 3544 977 3623 ψευδομαρτυριῶν
1006 3542 1155 3615 δίκην
1177 3542 1486 3619 ἠγωνίζετο,
1509 3543 1725 3623 πότερον
1750 3542 1802 3612 ἐξ
1827 3546 2081 3621 ἐγγυητῆς

523 3628 557 3701 ἢ
584 3628 635 3698 ἐξ
666 3631 870 3709 ἑταίρας
896 3635 929 3701 ἡ
961 3629 1365 3706 ἀμφισὸητοῦσα
1403 3636 1494 3689 τοῦ
1524 3630 1716 3711 κλήρου
1744 3634 1820 3711 τῷ
1842 3630 1963 3712 θείῳ
1989 3656 2078 3707 γυ·

522 3716 699 3784 ναικὸς
726 3716 825 3789 εἴη.
911 3716 1181 3777 Γνώσεσθε
1211 3717 1257 3775 δ’
1286 3716 1597 3785 ἀκούσαντες
1626 3717 1715 3776 καὶ
1742 3722 1887 3795 ὑμεῖς
1909 3722 1999 3788 τῆς
2026 3742 2081 3776 τε

526 3802 855 3881 ἀντωμοσίας
896 3805 987 3874 τῆς
1031 3800 1290 3882 ἡμετέρας
1332 3803 1423 3862 καὶ
1462 3810 1555 3875 τῆς
1583 3804 1765 3862 τούτου
1796 3804 2083 3883 μαρτυρίας

524 3890 614 3950 καὶ
634 3894 725 3963 τῆς
742 3886 966 3961 ἁλούσης
984 3888 1373 3970 διαμαρτυρίας.
1461 3888 1527 3968 (7)
1546 3889 1888 3968 Ἀναγίνωσκε
1901 3888 2080 3949 λαὸὼν

524 3977 677 4037 τασδὶ
706 3980 895 4045 αὑτοῖς.

703 4115 1095 4164 ΑΚΤΩΜΟΣῙΑ.
1114 4117 1450 4166 ΗΔΡΤΥΡῙΑ.
1468 4116 1665 4164 Aulus
1676 4118 1903 4165 ΡΤΥΡῘΑ.

446 4269 499 4308 30
613 4240 705 4308 Ὡς
730 4238 824 4318 μὲν
856 4238 998 4309 ἔδοξε
1019 4246 1349 4319 παραχρῆμα
1375 4238 1518 4306 εὐθὺς
1540 4240 1658 4299 τότε
1675 4240 1741 4299 τὰ
1765 4242 1930 4322 ψευδῆ
1955 4263 2082 4323 μαρ·

530 4331 753 4407 τυρῆσαι
782 4326 1109 4402 Νικόδημος,
1138 4324 1482 4385 ἐπιδέδεικται
1507 4326 1625 4385 τότε
1649 4334 1797 4385 πᾶσι·
1826 4328 2081 4407 προσήκει

530 4412 585 4473 δὲ
616 4413 707 4473 καὶ
729 4413 852 4492 παρ’
885 4416 1007 4489 ὑμῖν
1028 4420 1133 4480 τοῖς
1155 4412 1273 4492 περὶ
1294 4415 1452 4471 αὐτοῦ
1473 4410 1654 4471 τούτου
1672 4411 1765 4483 τὴν
1786 4413 1933 4485 δίκην
1955 4414 2081 4491 με’λ-

528 4504 675 4561 λουσι
692 4502 999 4580 ψηφιεῖσθαι
1034 4496 1397 4578 ἐξελεγχθῆναι
1428 4496 1523 4568 τὴν
1550 4497 1733 4557 τούτου
1772 4499 2080 4579 μαρτυρίαν.

532 4589 593 4665 (a)
620 4586 896 4662 Ἐπιθυμῶ
923 4584 978 4644 δὲ
1004 4588 1208 4665 πρῶτον
1246 4583 1342 4661 μὲν
1372 4584 1491 4663 περὶ
1527 4588 1682 4643 αὐτοῦ
1712 4583 1895 4645 τούτου
1923 4586 2083 4645 πυθέ-

530 4682 681 4747 σθαι,
714 4672 895 4746 ἥντινά
925 4696 1050 4732 ποτε
1084 4673 1273 4753 προῖκά
1304 4694 1461 4754 φησιν
1485 4670 1690 4738 ἐπιδοὺς
1722 4673 1963 4731 ἐκδοῦναι
1986 4674 2080 4745 τὴν

536 4758 765 4841 ἀδελφὴν
803 4765 833 4820 ὁ
878 4759 1293 4840 μεμαρτυρηκὼς
1333 4763 1408 4840 τῷ
1448 4760 1535 4819 τὸν
1575 4759 1908 4839 τριτάλαντον
1947 4748 2082 4820 οἷκον

529 4846 833 4927 κεκτημένῳ
852 4892 870 4923 ,
897 4838 1008 4905 εἶτα
1038 4846 1253 4924 πότερον
1280 4852 1313 4919 ἡ
1344 4845 1570 4926 ἐγγυητὴ
1594 4846 1722 4925 γυνὴ
1754 4846 1978 4907 ἀπόλιπε
1997 4847 2084 4906 τὸν

453 4956 505 4995 aa
530 4935 690 5016 ἄνδρα
706 4938 873 5005 ζῶντα
894 4933 929 5007 ἢ
949 4933 1356 5006 τελευτήσαντος
1376 4934 1464 4993 τὸν
1482 4925 1617 4993 οἶκον
1638 4936 1800 4993 αὐτοῦ
1811 4982 1828 5008 ,
1847 4935 1938 4993 καὶ
1957 4938 2081 5015 παρ’

530 5022 649 5082 ὅτου
678 5021 959 5096 ἐκομίσατο
986 5021 1079 5093 τὴν
1110 5027 1202 5093 τῆς
1226 5024 1452 5103 ἀδελφῆς
1478 5026 1668 5101 προῖκα
1697 5009 1869 5094 οὗτος,
1904 5022 2081 5095 ἐπειδὴ

530 5109 905 5181 τετελευτηκὼς
928 5102 989 5179 ’ἦν
1028 5102 1072 5191 ᾧ
1097 5108 1500 5191 μεμαρτύρηκεν
1539 5098 1682 5175 οὗτος
1708 5108 1869 5181 αὐτὴν
1896 5114 2080 5189 ε’γγυῆ·

532 5218 651 5271 σαι,
732 5197 794 5274 (ο)
826 5196 923 5268 ἢεῖ
952 5194 1025 5270 μὴ
1056 5196 1357 5273 ἐκομίζετο,
1389 5195 1571 5266 ὁποίαν
1594 5196 1741 5268 δίκην
1771 5198 1914 5257 σίτου
1940 5198 2086 5271 ἢτῆς

2149 2699 2256 2748 .hoc
2275 2698 2517 2749 Nicodemi
2530 2699 2632 2761 jam
2651 2701 2700 2749 in
2717 2700 2875 2763 priore
2889 2702 3078 2751 actione
3090 2702 3340 2765 iudicibus
3355 2706 3438 2768 qui
3458 2709 3554 2759 tum
3569 2711 3681 2761 sede·

2143 671 2271 722 bons
2301 672 2404 735 ejus
2436 672 2671 737 possedit,
2708 674 2909 737 totoque
2943 673 3026 722 illo
3057 674 3274 736 tempore
3302 687 3439 724 nemo
3474 692 3656 742 uuquam
3766 674 3767 677 ’

2145 749 2388 799 simulavit
2411 763 2463 799 se
2489 750 2760 800 existimare
2779 750 2908 799 illam
2942 750 3256 799 hereditatem
3287 750 3348 799 ad
3373 766 3422 801 se
3437 757 3658 823 pertinere,

2146 839 2302 889 neque
2335 840 2480 890 super
2504 840 2561 876 ea
2595 840 2707 876 cum
2739 827 2894 876 Endio
2916 827 3178 877 contendit.
3246 829 3316 889 (2)
3339 832 3510 881 Verum
3535 837 3662 887 Endio

2148 905 2294 955 fratre
2329 918 2438 955 meo
2471 918 2598 955 anuo
2627 906 2858 968 superiori
2897 907 2999 956 vita
3041 904 3269 956 demncto
3283 944 3298 969 ,
3335 911 3664 969 pretermittens
3765 928 3767 967 ς

2149 982 2370 1033 heredem
2401 984 2532 1033 hunc
2565 984 2860 1045 postremum
2898 983 3031 1033 Phile
3061 984 3255 1046 mulier,
3292 987 3508 1038 avunculi
3539 996 3663 1043 nostri

2148 1061 2298 1111 filiam
2315 1075 2366 1112 se
2387 1062 2478 1112 sert
2497 1062 2786 1123 legitimam,
2805 1062 2854 1111 et
2871 1062 3073 1112 maritus
3093 1062 3198 1124 ejns
3218 1066 3449 1116 Xenocles
3463 1070 3666 1135 cuprius,

2150 1139 2316 1187 uxoris
2357 1139 2578 1202 nomine,
2623 1139 2756 1189 litem
2789 1152 2992 1190 exorsus
3021 1140 3096 1189 cst
3137 1154 3283 1203 super
3315 1144 3482 1204 Pyrrhi
3507 1146 3668 1198 heredi-
3765 1168 3767 1225 4

2151 1218 2249 1267 tate
2277 1216 2380 1279 ,iam
2410 1218 2666 1281 plusquam
2693 1217 2862 1281 viginti
2892 1217 3028 1268 annis
3061 1221 3172 1269 aute
3197 1220 3301 1271 vita
3323 1220 3668 1289 detunctiffleti-

2151 1296 2318 1357 vitque
2345 1297 2477 1346 illam
2509 1296 2820 1346 hereditatem
2853 1309 2884 1345 a
2914 1309 2966 1345 se
2997 1297 3046 1346 iu
3091 1297 3257 1349 libello
3294 1300 3507 1362 petitorio
3543 1306 3671 1355 tribus
3766 1360 3767 1365 η

2152 1376 2342 1425 talentis
2367 1376 2671 1425 aestimatam.
2739 1376 2806 1438 (³)
2836 1374 2908 1426 lbi
2937 1378 3088 1425 mater
3123 1380 3320 1439 nostra,
3355 1380 3513 1443 Pyrrhi
3542 1397 3669 1448 soror,
3765 1400 3767 1443 4

2153 1453 2317 1504 eadem
2357 1452 2418 1503 de
2448 1453 2708 1504 hereditate
2733 1454 3046 1515 contendere;
3077 1454 3160 1505 sed
3187 1456 3282 1518 vir,
3314 1457 3364 1506 in
3401 1459 3532 1521 cujus
3565 1468 3671 1525 pote·

2153 1534 2278 1582 state
2315 1532 2400 1582 illa
2445 1532 2617 1582 mulier
2648 1534 2748 1594 est,
2792 1532 3115 1583 intercedebat
3153 1534 3514 1587 obnuntiatione
3555 1554 3671 1603 quam

2154 1622 2298 1659 ausus
2338 1610 2411 1658 est
2459 1610 2784 1672 interponere,
2826 1621 2923 1672 qua
2979 1610 3149 1661 testem
3201 1624 3350 1673 agens
3389 1616 3520 1678 negat
3559 1622 3673 1669 matri
3765 1622 3767 1699 j

2155 1689 2330 1737 nostras
2344 1687 2424 1749 jus
2448 1683 2603 1738 ullum
2619 1701 2722 1738 esse
2735 1687 2896 1737 fratris
2912 1688 3226 1739 hereditatem
3245 1691 3462 1755 petendi,
3479 1698 3673 1757 quoniam

2158 1766 2364 1829 Pyrrho,
2383 1768 2538 1829 primo
2555 1767 2792 1817 bonorum
2811 1766 3008 1817 domiuo
3018 1802 3035 1829 ‚
3059 1766 3154 1817 filia
3181 1768 3394 1832 legit²me
3411 1776 3517 1823 nata
3540 1790 3676 1839 super.
3765 1700 3767 1845 l

2153 1845 2218 1894 sit
2234 1844 2392 1894 adhuc
2422 1844 2473 1893 iu
2507 1845 2649 1893 vivis.
2717 1848 2784 1907 (4)
2806 1845 3127 1907 opposuimus
3141 1861 3261 1897 vero
3282 1862 3372 1899 nos
3385 1852 3604 1903 actionem
3627 1857 3678 1905 de
3766 1860 3767 1865 ’

2157 1922 2276 1971 falso
2311 1922 2442 1971 dicto
2463 1922 2740 1971 testimonio
2758 1958 2770 1978 ,
2799 1926 3111 1985 vestiumque
3131 1925 3192 1974 ad
3218 1926 3378 1977 iorum
3395 1932 3678 1991 pertraximus
3766 1938 3767 1981 ζ

2156 2012 2270 2048 eum
2289 1998 2372 2061 qui
2399 1999 2742 2061 interponenda
2763 2000 3126 2052 obnuntiatione
3153 2015 3246 2051 sua
3265 2016 3414 2054 ausus
3443 2007 3586 2057 iuerat
3607 2010 3674 2061 he·
3765 1996 3767 2065 ἦ

2159 2076 2373 2127 reditatis
2386 2077 2520 2127 aditu
2540 2090 2630 2128 nos
2647 2078 2902 2130 excludere
2917 2115 2934 2142 ,
2956 2082 3104 2143 atque
3119 2093 3219 2130 non
3234 2082 3374 2131 illum
3387 2084 3526 2133 modo
3539 2086 3678 2148 [xeno-
3765 2076 3767 2147 ἐ

2158 2154 2320 2219 clem]
2343 2153 2458 2204 dicti
2487 2155 2589 2205 falsi
2623 2156 2882 2207 testimonii
2917 2159 3298 2209 luculentissime
3332 2163 3613 2224 coarguimus
3639 2171 3678 2218 et
3765 2160 3767 2261 1

2160 2234 2395 2283 actionem
2415 2234 2476 2284 de
2493 2235 2610 2285 falso
2631 2237 2906 2288 testimonio
2924 2238 2973 2287 in
2991 2239 3084 2288 hoc
3101 2238 3274 2289 eodem
3293 2242 3454 2291 vestro
3471 2244 3564 2293 foro
3581 2247 3677 2295 vici·
3766 2262 3767 2303 1

2161 2324 2295 2373 mus,
2315 2312 2396 2361 sed
2416 2311 2560 2361 etiam
2578 2312 2708 2363 huuc
2729 2314 3042 2365 Nicodemum
3055 2317 3161 2365 tum
3181 2330 3378 2381 quoque
3391 2318 3440 2367 iu
3454 2322 3676 2375 continenti

2161 2388 2486 2452 coarguimus,
2502 2390 2584 2454 qui
2603 2404 2764 2440 coram
2782 2392 2952 2442 iisdem
2970 2392 3214 2453 jndicibus
3227 2396 3404 2445 salsum
3419 2398 3533 2447 iilud
3551 2404 3678 2451 xeno·
3766 2420 3767 2433 ξ

2161 2465 2248 2514 ciis
2273 2466 2596 2516 testimouium
2613 2480 2702 2517 suo
2720 2470 2918 2531 perinde
2942 2470 3062 2520 salso
3081 2470 3262 2521 fultum
3289 2472 3436 2535 ierat,
3463 2476 3583 2527 aiens
3599 2492 3625 2527 a
3640 2492 3680 2529 se
3766 2512 3767 2515 η

2161 2556 2374 2593 sororem
2413 2556 2550 2594 suam
2583 2546 2821 2595 avunculo
2861 2548 3025 2597 nostro
3049 2548 3257 2610 Pyrrho
3303 2550 3392 2601 rite
3428 2551 3676 2615 desponsam
3765 2536 3767 2595 ἷ

2164 2621 2338 2683 luisse,
2357 2634 2456 2684 quo
2479 2634 2600 2671 uxor
2615 2622 2720 2685 ejus
2735 2622 2846 2685 jure
2869 2624 3054 2686 optimo
3075 2626 3217 2675 esset.
3285 2628 3352 2689 (5)
3373 2631 3682 2685 Toetimoninin

2169 2782 2283 2833 bant
2314 2781 2486 2831 falsum
2521 2782 2664 2832 tuisse
2700 2782 2856 2833 visum
2870 2820 2885 2846 ,
2911 2783 3053 2834 docet
3069 2786 3204 2835 testis
3235 2788 3344 2837 tum
3378 2790 3683 2845 condemnatus

2167 2862 2413 2911 Xenocles.
2477 2866 2598 2913 Nam
2621 2864 2661 2913 si
2689 2863 2979 2915 Nicodemus
2999 2866 3106 2915 tum
3134 2867 3270 2917 visus
3291 2880 3391 2918 non
3421 2870 3575 2922 ruisset
3589 2874 3684 2925 fain

2165 2946 2365 2993 testatus
2387 2958 2515 3003 esse.
2533 2947 2721 2997 constat
2742 2946 2837 2996 hoc
2863 2949 3148 2999 eventurum
3176 2948 3328 3003 ruisse
3351 2955 3470 3003 utet
3487 2956 3682 3005 Xenocles

2165 3031 2215 3081 in
2233 3045 2374 3082 causa
2392 3032 2720 3084 obtestationis
2737 3033 2983 3085 absolutus
2995 3036 3147 3087 abiret
3159 3075 3174 3100 ‚
3191 3041 3242 3089 et
3259 3040 3448 3100 mulier,
3465 3054 3596 3104 quam
3613 3048 3678 3094 xe
3766 3036 3767 3067 ³

2167 3110 2317 3159 noclis
2349 3110 2605 3159 obtestatio
2641 3112 2791 3161 tiliam
2831 3113 3002 3174 Pyrrhi
3032 3114 3296 3176 legitimam
3337 3118 3544 3179 perhibet
3577 3134 3680 3183 esse,
3765 3122 3767 3167 ζ

2168 3190 2394 3240 avunculi
2413 3190 2563 3240 nostri
2578 3190 2811 3240 bonorum
2831 3191 2970 3242 heres
2985 3192 3328 3256 declararetur-3
3346 3210 3440 3246 non
3457 3200 3599 3249 mater
3611 3215 3680 3251 no-

2166 3268 2280 3317 stra.
2345 3269 2410 3331 (6)
2429 3268 2524 3319 Sed
2543 3270 2700 3321 victus
2714 3272 2763 3320 et
2781 3271 3123 3322 condemnatus
3133 3273 3350 3325 discessit
3366 3278 3517 3337 testis,
3534 3282 3576 3328 et
3596 3294 3680 3329 mu·
3766 3286 3767 3331 ξ

2168 3351 2256 3401 lier
2278 3352 2360 3402 illa
2385 3366 2496 3415 qum
2521 3353 2692 3415 Pyrrhi
2721 3366 2772 3404 se
2790 3354 2972 3404 terebat
3001 3355 3174 3418 filiam,
3202 3360 3268 3407 ab
3295 3360 3544 3411 hereditate
3560 3378 3678 3423 quam

2167 3430 2393 3491 poscebat
2413 3430 2623 3493 destititg
2643 3432 2770 3482 unde
2791 3434 2968 3483 invicta
2989 3435 3172 3485 exsistit
3195 3440 3452 3489 nwessitas
3471 3438 3678 3493 Nicodemi

2168 3526 2360 3576 quoque
2389 3514 2714 3565 testimonium
2744 3516 3049 3579 reprobatum
3093 3518 3255 3569 fuisse.
3323 3524 3442 3571 Nam
3475 3524 3676 3574 Xenocles

2169 3591 2261 3640 hoe
2277 3591 2338 3640 de
2350 3591 2453 3654 ipso
2464 3592 2700 3642 actionem
2716 3593 2818 3641 falsi
2836 3594 3092 3644 testimonii
3105 3596 3323 3647 certabat
3334 3634 3350 3658 ,
3364 3600 3521 3649 utrum
3539 3602 3680 3651 mulier

2171 3669 2481 3720 hereditatem
2497 3674 2662 3733 petens
2677 3671 2858 3733 Pyrrho
2871 3686 2898 3721 e
2921 3672 3169 3723 meretrice
3185 3688 3249 3723 au
3263 3689 3328 3726 ex
3343 3690 3490 3728 uxore
3505 3679 3679 3740 legitima

2171 3758 2282 3805 nata
2299 3757 2439 3807 oeset.
2503 3757 2598 3807 Sed
2617 3770 2703 3806 vos
2725 3771 2917 3820 quoque
2934 3760 3112 3808 statum
3131 3772 3292 3810 causae
3311 3766 3596 3825 cognoscetisi,
3615 3766 3680 3814 ubi

2171 3838 2444 3889 audiveritis
2457 3841 2506 3889 et
2527 3839 2860 3901 jusjurandum
2879 3842 3095 3889 nostrum
3112 3840 3173 3891 ab
3193 3843 3287 3892 illis
3307 3842 3433 3894 dicto
3447 3849 3680 3910 oppositum

2173 3918 2222 3966 et
2247 3915 2491 3967 Nicodemi
2526 3916 2852 3967 testimonium
2887 3920 2938 3966 et
2968 3919 3190 3967 Xenoclis
3210 3920 3562 3974 obtestationem
3585 3939 3680 3974 con·

2172 4000 2352 4050 victam
2371 4000 2600 4084 falsitatis.
2627 4000 2696 4063 (7)
2715 4001 2878 4050 Recita
2890 4003 2946 4050 tu
2965 4000 3206 4062 judicibus
3219 4005 3322 4055 tres
3339 4005 3476 4057 hasce
3496 4010 3677 4060 schedas.

2173 4128 2433 4172 CONTRA:
2443 4128 2831 4171 URAMENTUM
2841 4157 2851 4169 .
2865 4130 3296 4173 TEsTinomun
3306 4160 3317 4173 .
3333 4134 3674 4179 OBTESTATIO.

2231 4248 2547 4301 Nicodemum
2580 4262 2690 4312 ergo
2715 4249 2818 4311 jam
2849 4244 2956 4299 tum
2988 4248 3150 4298 statim
3185 4250 3339 4300 visum
3375 4250 3509 4301 fuisse
3535 4251 3676 4301 salsum

2169 4333 2342 4383 testem
2353 4368 2370 4392 ,
2389 4331 2438 4379 id
2457 4329 2637 4393 liquido
2655 4332 2760 4380 tum
2779 4329 3158 4379 demonstratum
3173 4330 3264 4379 t'uit
3275 4332 3488 4381 omnibus
3507 4351 3518 4380 :
3537 4344 3674 4380 vemm

2171 4414 2318 4464 etiam
2359 4425 2521 4462 coram
2559 4411 2718 4472 vobis,
2751 4410 2964 4472 iudicas,
2999 4414 3222 4461 convenit
3257 4412 3563 4461 testimonium
3595 4412 3676 4472 ejus

2171 4491 2405 4543 mendacii
2433 4492 2649 4553 coargui,
2675 4488 2852 4553 quippe
2874 4491 2960 4552 qui
2989 4492 3084 4540 hoe
3110 4491 3172 4540 de
3195 4492 3298 4554 ipso
3318 4490 3508 4541 sedeatis
3518 4490 3672 4552 iudica-

2169 4576 2284 4627 turi.
2350 4576 2418 4637 (8)
2445 4578 2568 4625 Ante
2589 4574 2752 4623 omnia
2781 4574 2946 4636 itaque
2979 4575 3250 4637 percontari
3279 4574 3416 4635 volo,
3455 4584 3672 4637 quamnam
3766 4614 3767 4621 ,

2172 4654 2332 4702 dotem
2353 4666 2382 4701 a
2398 4664 2450 4701 se
2474 4652 2624 4700 sorori
2642 4652 2739 4700 aiat
2760 4650 2974 4699 additam
2996 4650 3138 4700 tuisse
3159 4650 3462 4709 Nicodemus,
3482 4648 3557 4712 qui
3571 4646 3672 4697 testi·

2172 4732 2335 4781 monio
2354 4730 2662 4790 asseveravit,
2677 4742 2890 4778 sororem
2907 4740 2940 4777 a
2955 4742 3008 4778 se
3027 4728 3206 4791 Pyrrho
3215 4729 3306 4778 rite
3317 4729 3534 4779 elocutam
3542 4726 3672 4787 nume,

2171 4809 2483 4859 substantiam
2537 4808 2794 4871 possidenti
2863 4810 3018 4859 tribus
3064 4809 3256 4858 talentis
3307 4806 3671 4871 aequipsmbilerm

2171 4886 2344 4937 deinde
2371 4886 2642 4949 percontari
2661 4887 2802 4963 volo,
2829 4889 2993 4937 utrum
3023 4886 3102 4935 illa
3133 4887 3365 4949 proetensa
3399 4884 3548 4947 Pyrrhi
3573 4895 3675 4931 uxor
3766 4882 3767 4885 ’

2171 4972 2330 5022 virum
2355 4972 2512 5022 adhuc
2539 4974 2840 5035 superstitem
2866 4986 2929 5021 an
2957 4986 3016 5021 eo
3041 4972 3278 5021 exstincto
3295 4970 3481 5021 domum
3497 4968 3586 5029 rjus
3603 4964 3674 5013 de·
3765 4970 3767 4981 ·

2172 5050 2400 5113 seruerit,
2419 5051 2495 5112 et,
2522 5051 2758 5113 posterius
2777 5051 2868 5099 hoc
2889 5050 2929 5099 si
2947 5051 3107 5099 evenit
3121 5084 3136 5110 ,
3169 5061 3200 5097 a
3223 5060 3425 5111 quonam
3445 5045 3589 5095 dotem
3613 5055 3675 5090 so·

2173 5129 2270 5179 rori
2289 5128 2612 5179 contributam
2631 5128 2918 5189 recuperarit
2933 5128 3039 5189 post
3055 5126 3158 5187 ejus
3169 5136 3410 5174 excessum
3427 5121 3497 5171 cui
3509 5118 3674 5170 seillam
3765 5138 3768 5199 f

2173 5204 2478 5267 despondisse
2491 5205 2575 5265 ait,
2595 5205 2662 5267 (9)
2688 5206 2771 5253 aut
2789 5205 2827 5252 si
2854 5204 3016 5253 dotem
3034 5200 3508 5263 miuus-recuperarit,
3533 5208 3672 5258 quam·
3765 5204 3767 5273 j
