3825 5842
97 531 252 611 (s—sj

95 664 330 719 διακεῖσθαι
353 657 478 739 πρὸς
505 658 774 731 ἀλλήλους.
855 659 1002 740 Ἐγὼ
1015 659 1110 738 μὲν
1132 662 1241 808 *stig
1252 666 1351 743 οὐχ
1364 662 1442 722 ὅτι
1466 664 1580 723 ἀδί-

93 774 167 815 κως
188 746 459 823 κινδυνεύω,
488 750 624 805 τοῦθ’
651 751 880 824 ἡγοῦμαι
908 748 1151 827 μέγιστον
1191 774 1213 809 ε
1239 774 1323 809 ναι
1345 754 1448 811 τῶν
1476 776 1577 812 πα·

97 838 244 915 ρόντιον
267 839 452 909 κακῶν,
473 835 588 896 ἀλλ’
621 833 704 895 ὅτι
737 836 1052 915 ἀγωνίζομαι
1076 837 1203 919 πρὸς
1235 839 1447 905 οἰκείους
1456 884 1473 913 ,
1497 838 1582 907 οὓς

71 926 170 987 ιαύδ’
188 924 442 1000 ἀμύνεσθαι
471 928 640 992 καλῶς
669 923 802 1004 ἔχει·
833 926 890 983 οὖ
918 923 1020 1005 γὰρ
1036 924 1100 984 ἂν
1127 926 1328 987 ἐλάττω
1375 951 1578 1008 συμφο·

97 1013 166 1090 ρᾶν
186 1014 457 1091 ἡγησαίμην
483 1016 657 1081 κακῶς
690 1017 856 1072 ποιεῖν
881 1012 1089 1078 τούτους
1127 1013 1446 1092 ἀμυνόμενος
1459 1059 1474 1087 ,
1499 1016 1580 1073 οἰ-

95 1101 224 1167 κείους
256 1100 416 1173 ὄντας,
457 1099 496 1171 ἢ
529 1105 704 1169 κακῶς
728 1100 914 1159 παθεῖν
943 1098 994 1168 ἐξ
1023 1102 1190 1180 ἀρχῆς
1217 1102 1316 1160 ὑπὸ
1358 1102 1578 1161 τούτων·

71 1190 144 1267 ψ)
165 1182 278 1247 οὗτοι
295 1192 337 1247 δ’
363 1191 420 1248 οὗ
443 1189 686 1261 τοιαύτην
710 1189 890 1269 ἔχουσι
910 1186 1005 1260 τὴν
1021 1188 1258 1267 γνώμην,
1288 1190 1404 1248 ἀλλ’
1429 1188 1581 1261 ἥκου-

99 1297 158 1332 σιν
176 1278 238 1357 ἐφ’
259 1281 383 1353 ἡμᾶς
407 1277 498 1336 καὶ
536 1276 654 1345 τοὺς
677 1277 854 1359 φίλους
876 1274 1337 1356 παρακαλέσαντες
1363 1277 1455 1336 καὶ
1487 1276 1582 1357 ρή-

98 1387 213 1441 rope<
246 1364 750 1444 παρασκευασάμενοι
790 1362 882 1424 καὶ
929 1362 1076 1423 οὗδὲν
1104 1364 1466 1431 ἀπολείποντες
1491 1369 1584 1435 τῆς

99 1454 227 1509 αὑτῶν
252 1454 502 1529 δυνάμεως
521 1500 538 1529 ,
561 1452 764 1533 ὥσπερ,
807 1442 852 1511 ὦ
879 1451 1087 1532 ἄνδρες,
1117 1451 1330 1532 ἐχθροὺς
1351 1460 1582 1532 τιμωρη-

99 1539 258 1612 σόμενοι
269 1584 283 1611 ,
299 1540 382 1597 καὶ
404 1543 496 1599 οὐκ
514 1538 824 1617 ἀναγκαίους
842 1537 935 1597 καὶ
954 1539 1213 1615 συγγενεῖς
1241 1542 1414 1604 κακῶς
1430 1538 1582 1610 ποιή·

99 1647 248 1691 σαντες».
321 1630 379 1705 (ε)
401 1632 450 1688 Τ
450 1627 512 1699 ὴν
534 1626 630 1705 μὲν
659 1618 747 1687 οῧν
773 1625 970 1685 τούτων
999 1625 1366 1705 ἀναισχυντίαν
1385 1625 1475 1685 καὶ
1487 1626 1582 1697 τὴν

99 1714 458 1795 αἰσχροκέρδειαν
492 1714 572 1774 ἔτι
598 1716 795 1791 μᾶλλον
822 1712 1078 1793 γνώσεσθε
1092 1757 1109 1786 ,
1139 1713 1350 1773 ἐπειδὰν
1373 1713 1584 1773 πάντων

97 1802 328 1875 ἀκούσητε·
355 1804 460 1862 ὅθεν
500 1804 546 1863 δ’
569 1794 717 1881 οἶμαι
743 1801 952 1883 τάχιστ’
991 1800 1055 1861 ἂν
1079 1805 1216 1879 ὑμᾶς
1257 1808 1438 1880 μαθεῖν
1466 1802 1583 1883 περὶ

97 1876 151 1944 ὧν
169 1890 585 1971 ἀμφισὸητοῦμεν,
621 1892 850 1949 ἐντεῦθεν
878 1888 1103 1968 ἄρξομαι
1125 1889 1406 1951 διδάσκειν.

157 1996 197 2036 s.
230 1980 406 2045 Δεινίας
425 1978 524 2058 γὰρ
555 1984 588 2037 ὁ
624 1983 716 2037 τοῦ
743 1977 938 2058 πατρὸς
960 1974 1180 2058 ἀδελφὸς
1215 1977 1586 2058 ἕπετρόπευσεν

100 2068 228 2139 ἡμᾶς,
251 2070 364 2133 θεῖος
387 2065 456 2124 ὢν
478 2064 730 2147 ὀρφανοὺς
752 2065 918 2132 ὄντας.
1005 2063 1324 2143 Κλεωνύμου
1348 2066 1394 2123 δ’
1417 2056 1584 2139 οὗτος,

101 2139 134 2206 ὦ
153 2151 320 2229 ἄνδρες,
335 2154 564 2235 διάφορος
583 2150 655 2211 ὢν
674 2151 874 2232 ἔτυχεν.
957 2150 1240 2232 Ὀπότερος
1264 2150 1357 2229 μὲν
1377 2142 1464 2211 οὖν
1492 2154 1586 2211 αὖ·

103 2238 178 2294 τῶν
195 2229 248 2309 ἦν
265 2243 346 2311 τῆς
375 2243 620 2322 διαφορᾶς
653 2237 841 2312 αἴτιος,
882 2237 1006 2305 ἴσως
1027 2242 1121 2299 οὒκ
1146 2239 1272 2317 ἐμὸν
1299 2237 1447 2320 ἔργον
1473 2234 1586 2298 ἐστὶ

103 2334 348 2405 κατηγορεῖν
362 2348 377 2363 ·
402 2326 540 2399 πλὴν
583 2326 826 2387 τοσοῦτόν
849 2349 909 2404 γε
939 2324 1002 2383 ἂν
1045 2326 1256 2393 δικαίως
1286 2328 1458 2393 αὐτοῖς
1479 2329 1588 2403 ἀμ-

71 2408 282 2491 ῡφοτέροις
304 2412 628 2495 μεμψαίμην,
653 2412 732 2472 ὅτι
751 2412 841 2472 καὶ
870 2413 1008 2495 φίλοι
1029 2412 1157 2480 τέως
1175 2413 1317 2481 ὄντες
1343 2413 1432 2472 καὶ
1454 2433 1586 2551 πριο-

103 2489 258 2567 «pateam
281 2494 502 2569 οὐδεμιᾶς
528 2492 811 2573 γενομένης
839 2494 898 2551 ἐκ
920 2491 1089 2571 λόγων
1111 2495 1264 2551 τινῶν
1290 2490 1448 2559 οὕτως
1472 2516 1496 2551 ε
1550 2497 1585 2572 a]

103 2576 198 2653 πρὸς
217 2579 439 2650 ἀλλήλους
477 2580 672 2661 ἔχθραν
702 2579 978 2639 ἀνείλοντο.
1062 2580 1150 2658 (ιο)
1174 2577 1304 2641 Ὅτι
1339 2580 1384 2639 δ’
1411 2570 1502 2639 οὗν
1527 2583 1587 2639 ἐκ

103 2664 249 2737 ταύτης
264 2672 344 2739 τῆς
363 2670 511 2749 ὀργῆς
540 2668 854 2745 Κλεώνυμος
880 2666 1074 2735 ταύτας
1095 2669 1320 2728 ποιεῖται
1348 2667 1441 2735 τὰς
1482 2669 1590 2727 δια-

105 2750 252 2825 θήκας,
270 2757 356 2834 οὔχ
379 2763 502 2834 ἡμῖν
532 2758 789 2835 ἐγκαλῶν,
814 2759 885 2822 ὡς
923 2754 1134 2836 ὕστερον
1160 2755 1327 2829 ἐσώθη
1344 2801 1360 2830 ,
1390 2754 1584 2835 ἔλεγεν,

103 2840 202 2915 δρῦν
222 2839 264 2899 δὲ
281 2846 403 2919 ἡμᾶς
428 2842 917 2925 ἕπιτροπευομένους
941 2842 1040 2901 ὑπὸ
1058 2844 1285 2918 Δεινίου,
1303 2844 1393 2903 καὶ
1413 2843 1590 2912 δεδιὼς

108 2927 162 2999 μὴ
181 2930 492 3002 τελευτήσειεν
521 2931 676 2998 αὐτὸς
695 2930 772 2990 ἔτι
789 2931 981 2997 παῖδας
1005 2935 1144 3009 ἡμᾶς
1166 2930 1468 2990 καταλιπὼν
1496 2931 1586 2990 καὶ

106 3016 172 3083 τῆς
201 3016 350 3085 οὐσίας
397 3018 656 3099 ἡμετέρας
696 3017 852 3091 οὔσης
899 3017 1100 3096 γένοιτο
1147 3018 1320 3099 κύριος
1355 3018 1586 3087 Δεινίας·

71 3104 240 3177 ιἧγεῖἰο
265 3104 354 3185 γὰρ
378 3108 536 3167 δεινὸν
560 3097 694 3166 εἶναι
721 3106 810 3165 τὸν
836 3104 1072 3185 ἔχθιστον
1103 3110 1207 3165 τῶν
1235 3105 1436 3165 οἰκείων
1472 3108 1590 3166 ἐπί-

106 3208 248 3265 τροπον
263 3194 343 3251 καὶ
381 3194 554 3277 κύριον
587 3198 692 3254 τῶν
737 3198 894 3254 αὑτοῦ
933 3196 1263 3273 καταλιπεῖν,
1299 3194 1390 3255 καὶ
1425 3204 1588 3255 ποιεῖν

109 3280 211 3356 αὐτῷ
245 3280 302 3338 τὰ
340 3284 648 3361 νομιζόμενα
685 3288 894 3356 τοῦτον,
935 3281 1030 3349 ἕως
1064 3287 1218 3360 ἡμεῖς
1261 3281 1587 3361 ἡὸήσαιμεν,

109 3352 232 3438 ᾧζιῗιν
243 3368 458 3449 διάφορος
475 3361 540 3443 ἦν
560 3394 574 3408 ·
593 3375 762 3429 ταῦτα
778 3368 1061 3441 διανοηθεὶς
1085 3372 1300 3443 ἐκεῖνος,
1317 3368 1408 3429 εἴτ’
1431 3372 1590 3453 ὀρθῶς

107 3450 178 3507 εἴτε
198 3453 283 3527 μή,
301 3455 386 3524 τὰς
405 3456 656 3529 διαθήκας
679 3456 872 3525 ταύτας
907 3457 1115 3517 διέθετο.
1199 3456 1288 3537 (ιι)
1313 3458 1422 3519 Καὶ
1447 3458 1592 3527 εὐθὺς

109 3538 337 3614 ἶςωτῦντος
373 3548 458 3603 τοῦ
488 3544 690 3604 Δεινίου
730 3548 1062 3625 παραχρῆμα
1106 3545 1154 3604 εἴ
1187 3568 1238 3603 τι
1271 3548 1396 3623 ἡμῖν
1432 3544 1468 3617 ἢ
1516 3550 1591 3626 τῷ

109 3626 226 3705 πατρὶ
263 3632 454 3709 ἐγκαλεῖ
481 3634 558 3714 τῷ
587 3631 828 3715 ἡμετέρῳ
842 3675 860 3705 ,
894 3632 1210 3714 ἀπεκρίνατο
1251 3634 1461 3693 πάντων
1486 3637 1590 3694 τῶν

71 3716 278 3773 ῠττλιτῶν
299 3719 511 3779 ἐναντίον
539 3718 622 3779 ὅτι
645 3720 791 3779 οὐδὲν
809 3715 1031 3803 πονηρὸν
1055 3722 1292 3800 ἐγκαλεῖ,
1315 3722 1404 3782 καὶ
1427 3723 1590 3804 ἐμαρ-

109 3798 276 3879 τύρησεν
295 3808 358 3873 ὥς
374 3806 698 3886 ὀργιζόμενος
723 3806 906 3889 ἐκείνῳ
920 3808 1012 3868 καὶ
1035 3811 1130 3868 οὐκ
1158 3811 1318 3889 ὀρθῶς
1348 3808 1590 3888 βουλευό-

109 3898 383 3957 μενοςταῦτα
421 3894 633 3955 διέθετο.
717 3898 843 3963 Πῶς
867 3894 968 3975 γὰρ
997 3892 1060 3955 ἂν
1083 3888 1140 3956 εὗ
1169 3901 1392 3977 φρονῶν,
1427 3888 1471 3956 ὦ
1506 3897 1594 3956 ἄν·

109 3973 212 4052 ἕρες,
233 3984 387 4049 κακῶς
412 3984 575 4041 ποιεῖν
609 3986 748 4061 ἡμᾶς
779 3983 1032 4057 ἕὸουλήθη
1051 4030 1067 4062 ,
1095 3983 1212 4053 τοὺς
1237 3983 1400 4062 μηδὲν
1439 3984 1592 4044 αὐτὸν

107 4064 385 4143 ἠδικηκότας
419 4070 506 4149 (τε)
534 4068 793 4152 ’Ὕστερον
821 4071 878 4130 δὲ
905 4070 1119 4147 τούτων,
1147 4072 1178 4133 ὃ
1199 4072 1442 4151 μέγιστον
1469 4078 1593 4150 ἡμῖν

107 4150 328 4234 τεκμήριον
353 4156 430 4217 ὅτι
455 4158 574 4217 οὐδὲ
595 4163 760 4217 ταῦτα
793 4157 1008 4239 ἔπραξεν
1033 4163 1172 4237 ἡμᾶς
1202 4158 1450 4239 βλάπτειν
1475 4164 1594 4239 βου-

109 4236 284 4314 λόμενος
302 4246 690 4318 τελευτήσαντος
711 4246 813 4327 γὰρ
832 4246 1030 4306 Δεινίου
1045 4246 1249 4306 καὶτῶν
1267 4247 1594 4329 πραγμάτων

111 4325 201 4396 ἡμῖν
221 4335 432 4412 πονηρῶς
456 4332 678 4413 ἐχόντων
701 4332 818 4392 οὐδὲ
839 4334 1092 4413 περιεῖδεν
1121 4337 1261 4412 ἡμᾶς
1287 4334 1487 4402 οὐδενὸς
1514 4337 1594 4393 ἐν·

71 4410 203 4479 ῧῖῑεῖς
224 4416 380 4493 ὄντας,
413 4422 531 4479 ἀλλ’
556 4419 741 4488 αὐτοὺς
769 4419 864 4499 μὲν
892 4424 964 4489 εἷς
988 4419 1086 4494 τὴν
1115 4421 1282 4481 οἰκίαν
1309 4421 1406 4495 τὴν
1436 4426 1595 4481 αὑτοῦ

111 4502 396 4583 κομισάμενος
421 4508 656 4569 ἐπαίδευε
673 4552 692 4587 ,
731 4507 828 4581 τὴν
871 4510 914 4567 δ’
956 4508 1138 4569 οὐσίαν
1175 4509 1456 4591 ἀφελέσθαι
1491 4513 1593 4570 τῶν

113 4588 299 4663 χρήστων
325 4596 794 4656 ἐπιδουλευσάντων
819 4596 1010 4657 ἔσωσεν
1036 4600 1163 4675 ἡμῖν
1177 4642 1194 4671 ,
1219 4596 1522 4676 ἐπεμελεῖτό
1542 4620 1596 4656 τε

117 4674 256 4747 δῖωἷως
295 4684 389 4742 τῶν
427 4684 694 4767 ἡμετέρων
733 4684 910 4767 ὥσπερ
937 4688 1041 4745 τῶν
1068 4688 1226 4743 αὑτοῦ
1253 4684 1595 4767 πραγμάτων.

123 4764 184 4839 ίῑῑὶ)
209 4768 370 4829 Καίτοι
397 4770 500 4853 χρὴ
529 4775 734 4854 θεωρεῖν
772 4776 926 4833 asto&
963 4772 1058 4844 τὴν
1091 4772 1288 4833 ἔννοιαν
1309 4776 1369 4832 ἐκ
1401 4772 1596 4833 τούτων

123 4851 194 4905 ῒῦν
210 4852 346 4933 ἔργων
367 4862 566 4937 μᾶλλον
593 4860 628 4934 ἢ
651 4864 710 4921 ἐκ
739 4865 842 4921 τῶν
872 4862 1152 4933 διαθηκῶν,
1185 4858 1274 4921 καὶ
1302 4860 1598 4943 τεκμηρίοις

126 4940 292 5013 χρῆσθαι
313 4945 380 5021 μὴ
401 4956 505 5016 τοῖς
525 4949 636 5027 μετ’
663 4950 816 5030 ὀργῆς
840 4952 1170 5029 πραχθεῖσιν,
1196 4950 1248 5007 ἐν
1276 4940 1350 5016 οἷς
1375 4948 1599 5015 ἅπαντες

76 5036 114 5071 ³⁰
129 5026 366 5127 ἲιῒξῖὧιειμεν
392 5035 728 5117 ἁμαρτάνειν,
773 5036 889 5096 ἀλλ’
917 5036 1006 5117 ἀφ’
1031 5027 1104 5095 ὧν
1140 5036 1349 5117 ὕστερον
1373 5035 1597 5117 φανερὰν

130 5130 196 5179 ΠΝ
213 5119 335 5179 αἰετοῦ
360 5122 582 5183 διάνοιαν
595 5127 852 5198 ἐποίησεν.
933 5124 1058 5186 Ἔτι
1082 5125 1184 5205 γὰρ
1204 5126 1402 5204 μᾶλλον
1422 5125 1475 5185 ἕν
1495 5132 1600 5191 τοῖς

130 5200 372 5276 τελευταίοις
391 5212 644 5285 ἐδήλωσεν
679 5218 748 5281 ὥς
772 5206 884 5293 εἶχε
907 5212 1036 5295 πρὸς
1070 5218 1228 5287 ἡμᾶς.
1310 5212 1405 5292 (u)
1455 5210 1598 5285 Ἤδη

133 5279 204 5365 14?
219 5290 406 5356 ἀσθενῶν
434 5299 622 5373 ταύτην
639 5301 736 5375 τὴν
758 5302 906 5363 νόσον
929 5299 982 5370 ἐξ
1004 5292 1067 5373 ἧς
1087 5300 1436 5377 ἐτελεύτησεν,
1450 5298 1600 5359 ἐδου-

893 532 1064 594 ISAEI
1105 535 1229 594 OB.
1274 534 1374 594 DE
1414 533 1804 596 CLEONYMI
1845 535 2348 597 HEREDITATE.

3107 551 3219 601 237

1669 671 1811 723 detur
1847 673 2267 737 nempedudices,
2286 656 2474 723 suimus
2490 686 2602 737 erga
2619 686 2711 724 nos
2746 676 2947 725 mutuus
2980 686 3075 725 nen
3096 674 3224 727 idem

1673 760 1811 810 nobis
1833 774 1953 812 esse.
1975 765 2095 812 Nam
2113 774 2201 825 ego
2218 761 2412 825 quidem
2446 774 2541 811 uon
2568 762 2662 811 boc
2686 749 2785 813 sei-o
2814 763 3060 825 oegerrime
3093 762 3226 826 quod

1671 848 1720 898 in
1741 848 1831 897 hoc
1848 852 2091 900 certamen
2122 862 2205 913 per
2228 850 2360 899 nefas
2394 849 2638 909 coniectus
2663 861 2798 911 sum,
2823 848 2907 899 sed
2942 849 3073 912 quod
3096 862 3225 898 com·

1671 935 1842 986 missus
1863 950 1970 986 sum
1989 950 2101 987 cum
2120 936 2409 997 necessariis,
2441 949 2651 999 quorum
2682 949 2743 986 ne
2762 936 2989 998 repellere
3028 936 3225 999 quidem

1670 1024 1878 1075 insultus
1893 1026 2009 1076 satis
2033 1026 2261 1076 decorum
2286 1027 2349 1075 sit
2358 1042 2375 1087 3
2396 1037 2493 1074 uon
2518 1026 2645 1075 enim
2664 1026 2821 1075 minor
2851 1025 3099 1075 calamitas
3123 1038 3225 1075 oese

1673 1112 1790 1161 mihi
1831 1111 2021 1163 videtur
2056 1112 2333 1164 defensione
2364 1126 2471 1163 mea
2504 1113 2677 1163 laedere
2722 1114 3011 1163 necessarios
3025 1150 3040 1175 ,
3077 1126 3225 1175 quam

1672 1200 1880 1263 priorem
1915 1200 1977 1249 ab
2021 1202 2078 1251 iis
2104 1201 2275 1263 injuria
2305 1200 2431 1251 affici
2472 1220 2483 1251 :
2522 1201 2592 1264 (7)
2630 1200 2681 1249 hi
2705 1202 2872 1251 contra
2893 1212 3092 1265 prorsus
3131 1202 3225 1251 alio

1673 1288 1833 1337 animo
1863 1290 2006 1351 sunt3
2026 1289 2077 1337 iu
2094 1302 2289 1339 arenam
2304 1288 2593 1352 prodeuntes
2614 1302 2726 1338 cum
2753 1291 2941 1351 agmine
2956 1288 3224 1338 amicorum

1673 1378 1937 1427 convocato
1972 1380 2023 1429 et
2060 1391 2205 1427 manu
2232 1379 2481 1427 oratorum
2506 1372 2804 1441 conscripta,
2828 1378 3075 1441 copiarum
3108 1390 3223 1427 sus-

1673 1476 1784 1513 rum
1816 1467 2003 1527 partem
2046 1466 2230 1515 nullam
2272 1465 2361 1515 sibi
2401 1464 2633 1527 reliquam
2682 1466 2927 1527 fecerunt,
2960 1465 3095 1527 qussi
3140 1465 3227 1513 ini-

1673 1550 1822 1601 micos
1861 1552 2021 1603 ultum
2064 1552 2215 1613 irent,
2242 1565 2341 1601 non
2372 1552 2663 1603 necessarios
2701 1554 2752 1603 et
2776 1555 3002 1615 cognatos
3032 1554 3221 1603 laesum.

1675 1640 1742 1701 (8)
1763 1642 1943 1689 Verum
1964 1641 2135 1690 melius
2156 1639 2315 1689 adhuc
2328 1652 2495 1689 eorum
2518 1638 2863 1702 impudentiam
2880 1641 2931 1689 et
2950 1640 3123 1689 toedam
3142 1653 3226 1690 cu·

1675 1726 1923 1789 piditatem
1944 1726 2241 1789 intelligetis,
2266 1727 2351 1776 ubi
2384 1728 2537 1777 totam
2562 1728 2631 1777 rei
2658 1729 2804 1791 geste
2822 1727 3057 1777 rationem
3086 1740 3225 1778 scee-

1673 1815 1836 1877 peritis
1853 1830 1866 1864 :
1883 1816 2013 1865 unde
2024 1818 2187 1865 eutem
2202 1814 2427 1865 citissime
2442 1828 2542 1864 rem
2556 1814 2673 1863 niihi
2687 1813 2943 1865 videamini
2956 1816 3227 1879 percepturi

1675 1901 1736 1952 de
1761 1914 1858 1965 qus
1885 1903 2219 1953 contendimus
2235 1940 2249 1964 ,
2274 1902 2385 1953 inde
2402 1902 2669 1966 exponendi
2688 1902 2861 1953 faciam
2883 1903 3153 1954 exordium.

1737 1996 1786 2041 9.
1821 1990 1987 2041 Dinias
2010 1991 2161 2054 patris
2180 1991 2330 2041 nostri
2361 1991 2509 2041 frater
2530 1991 2675 2041 orbos
2704 2004 2794 2041 nos
2834 1992 2983 2041 factos
2999 1992 3050 2041 in
3077 1992 3229 2042 tutela

1677 2078 1859 2131 habuit.
1879 2080 1973 2131 Sed
1987 2082 2306 2149 Cleonymus,
2326 2094 2356 2129 o
2380 2080 2500 2142 viri,
2522 2093 2633 2129 cum
2662 2094 2721 2131 eo
2734 2080 3005 2131 dissidebat.
3039 2080 3231 2132 Dissidii

1675 2168 1895 2233 princeps
1935 2169 2043 2219 uter
2076 2181 2245 2219 eorum
2281 2167 2428 2219 tuerit
2466 2168 2627 2218 nescio
2652 2182 2713 2218 an
2758 2182 2837 2218 me
2866 2168 3026 2218 minus
3059 2169 3228 2219 decent

1676 2271 1925 2322 quoerere3
1947 2258 2183 2309 hactenus
2201 2260 2363 2308 tamen
2394 2270 2476 2307 eos
2490 2258 2611 2307 mihi
2628 2259 2792 2309 videor
2810 2260 2982 2309 merito
3002 2272 3139 2323 posse
3156 2272 3230 2309 re·-

1677 2346 1986 2410 preheudere,
2001 2346 2130 2409 quod
2138 2346 2327 2409 cognati
2336 2359 2487 2409 quum
2503 2348 2659 2397 essent
2670 2347 2895 2411 nullaque
2906 2347 3076 2399 idonea
3085 2360 3231 2398 caiisa

1675 2434 1931 2485 simultatis
1956 2435 2318 2495 intercessisset,
2336 2448 2365 2484 e
2384 2435 2684 2485 sermonibus
2701 2436 2986 2498 quibusdam
3018 2438 3121 2486 tam
3149 2436 3225 2485 in·

1677 2523 1896 2573 consulto
1924 2523 2194 2573 simultates
2214 2522 2525 2585 susceperint.
2592 2523 2691 2585 (10)
2722 2526 2831 2585 lpse
2859 2523 3053 2586 quidem
3086 2526 3225 2575 eleo-

1676 2625 1848 2674 nymus
1869 2610 2008 2663 nobis
2032 2610 2337 2675 postmodum
2356 2613 2413 2660 ut
2444 2624 2472 2660 e
2494 2610 2665 2660 morbo
2683 2612 2927 2661 convaluit
2944 2612 3227 2675 affirmavit,

1677 2700 1768 2749 isto
1788 2700 1946 2762 iurgio
1968 2712 2019 2750 se
2034 2701 2224 2749 motum
2242 2698 2362 2748 illud
2378 2700 2720 2749 testamentum
2738 2699 3002 2762 scripsisse,
3016 2713 3113 2749 non
3133 2714 3230 2763 quo

1678 2787 1816 2837 nobis
1837 2788 2166 2849 succenseret,
2189 2786 2273 2836 sed
2312 2788 2535 2837 metuens
2567 2800 2630 2837 ne
2664 2786 2967 2837 moriendum
2985 2787 3075 2837 sibi
3108 2789 3233 2837 esset

1679 2875 1818 2925 nobis
1835 2874 1995 2925 adhue
2012 2874 2207 2938 pupillis
2227 2875 2339 2923 etin
2370 2874 2525 2924 Dinis».
2548 2876 2699 2924 tutela
2717 2875 3013 2937 constrictis,
3035 2874 3157 2925 adeo
3176 2878 3232 2925 ut

1679 2964 1842 3013 Dinias
1875 2962 2115 3012 bonorum
2146 2974 2349 3011 suorum
2384 2962 2665 3024 (cleonymi
2706 2963 2854 3025 puta)
2898 2962 3076 3013 arbiter
3108 2964 3234 3013 esset

1679 3052 1870 3101 mturus
1894 3070 1909 3102 ι
1938 3062 2051 3100 nam
2072 3062 2217 3112 grave
2242 3052 2294 3100 et
2323 3048 2551 3099 acerbum
2568 3048 2660 3099 sibi
2682 3049 2891 3100 ducebat
2916 3052 2956 3101 si
2986 3050 3231 3102 hominem

1679 3138 2055 3189 inimicissimum
2078 3138 2289 3189 moriens
2310 3139 2362 3188 et
2384 3137 2757 3188 necessariorum
2784 3138 3075 3201 relinqueret
3094 3138 3232 3189 tuto·

1679 3240 1783 3278 rem
1800 3230 1852 3280 et
1867 3228 2105 3277 bonorum
2124 3238 2325 3277 suorum
2347 3224 2609 3287 arbitrum3
2633 3239 2777 3289 porro
2792 3225 2833 3276 si
2852 3226 2893 3277 is
2907 3239 2939 3275 o,
2956 3240 3052 3289 quo
3070 3240 3233 3291 super·

1680 3318 1776 3366 stes
1791 3314 2065 3376 dissidebat,
2084 3316 2276 3365 mortuo
2290 3313 2379 3363 sibi
2391 3349 2407 3377 ,
2422 3312 2577 3363 donec
2592 3326 2681 3363 nos
2697 3312 3069 3364 &delevissemus
3078 3350 3094 3375 ,
3108 3314 3233 3364 inre-

1681 3404 1775 3454 rias
1798 3406 1989 3454 iaceret.
2052 3406 2156 3454 Hac
2196 3403 2357 3453 mente
2378 3403 2699 3466 Cleonymus,
2722 3404 2823 3452 sive
2856 3402 2965 3464 iure
2986 3403 3086 3453 sive
3102 3402 3232 3464 inju·
3300 3438 3305 3443 .

1681 3492 1769 3555 ria,
1787 3492 2127 3542 testamentum
2142 3490 2259 3541 illud
2273 3488 2479 3553 scripsit.
2514 3489 2556 3551 (ι
2572 3489 2613 3553 1)
2629 3491 2739 3547 Quo
2758 3490 2885 3539 facto
2904 3504 3057 3553 quum
3072 3489 3235 3540 Diniss

1682 3592 1793 3630 eum
1811 3579 2030 3642 protinus
2054 3578 2369 3641 interrogaret
2381 3615 2396 3640 ,
2420 3591 2537 3628 num
2566 3580 2652 3628 aut
2673 3575 2735 3628 de
2758 3578 2897 3628 nobis
2918 3580 3004 3628 aut
3020 3577 3081 3628 de
3101 3581 3237 3641 patre

1680 3668 1846 3717 nostro
1863 3667 2061 3717 liaberet
2078 3666 2213 3730 quod
2239 3669 2535 3729 quereretur,
2570 3666 2813 3729 respondit
2834 3666 3123 3729 Cleonymus
3155 3680 3235 3716 co-

1681 3766 1785 3803 ram
1798 3754 1984 3804 civibus
1998 3754 2222 3804 omnibus
2233 3767 2285 3804 se
2306 3754 2375 3803 nil
2395 3753 2457 3804 de
2473 3754 2611 3803 nobis
2626 3754 2792 3816 queri,
2808 3752 2891 3803 sed
2907 3764 2993 3804 sua
3012 3766 3127 3803 cum
3147 3754 3234 3803 Di·

1679 3842 1758 3892 uia
1779 3841 2021 3892 simultate
2048 3842 2302 3905 abreptum
2320 3855 2477 3907 neque
2492 3844 2625 3892 recto
2647 3855 2790 3892 usum
2809 3842 3007 3892 consilio
3022 3854 3073 3891 se
3086 3843 3234 3892 testa·

1681 3932 1896 3980 mentum
1919 3930 2014 3979 hoe
2033 3930 2277 3993 scripsisse
2294 3932 2497 3980 testatus
2508 3931 2595 3979 est.
2661 3932 2723 3980 Et
2737 3930 2824 3992 qul
2842 3929 3035 3979 tandem
3050 3930 3232 3992 potuis·

1679 4019 1752 4067 set
1765 4054 1780 4080 ,
1803 4020 1934 4068 recte
1954 4018 1997 4067 si
2020 4018 2278 4080 sapuisset,
2300 4018 2481 4067 malum
2498 4016 2635 4067 nobis
2657 4016 2771 4065 dare
2792 4016 2999 4066 voluisse
3014 4016 3099 4078 qui
3116 4016 3234 4067 nihil

1679 4118 1792 4155 eum
1827 4105 2214 4155 offenderamus?
2246 4104 2345 4167 (12)
2381 4104 2498 4153 Post
2531 4103 2636 4151 hoec
2668 4114 2788 4153 vero
2822 4100 2905 4162 (id
2928 4099 3057 4163 quod
3088 4100 3233 4149 luen·

1679 4192 1941 4242 lentissIme
1967 4191 2141 4255 probat
2156 4204 2254 4241 non
2278 4190 2387 4240 ideo
2408 4188 2524 4239 illud
2548 4202 2659 4239 eum
2693 4186 2883 4250 recisse,
2902 4197 3001 4250 quo
3030 4198 3119 4239 nos
3146 4188 3234 4239 lo-

1680 4279 1867 4343 deret),
1893 4280 2033 4331 Dinia
2050 4279 2233 4329 scilicet
2248 4278 2349 4328 vita
2374 4276 2601 4327 destructo
2611 4312 2628 4339 ,
2648 4284 2800 4340 quum
2819 4287 2895 4325 res
2914 4278 3092 4325 nostrae
3108 4276 3236 4326 male

1680 4382 1732 4418 se
1748 4367 1980 4418 haberent
1992 4404 2007 4429 ,
2028 4380 2128 4417 non
2149 4378 2317 4430 passus
2333 4366 2405 4417 est
2425 4364 2715 4427 cleonymus
2732 4362 2875 4413 ullius
2888 4363 2957 4412 rei
2978 4374 3067 4412 nos
3078 4374 3231 4425 egere,

1681 4456 1764 4506 sed
1778 4456 1903 4519 ipsos
1919 4469 2007 4505 nos
2018 4454 2069 4505 in
2090 4454 2290 4505 domum
2310 4466 2447 4505 suam
2459 4452 2717 4504 muslatos
2736 4449 2984 4514 educavit,
3002 4450 3235 4514 patrimo-

1681 4544 1914 4607 niumque
1934 4543 2073 4593 nobis
2087 4541 2389 4593 conservavit
2404 4542 2483 4591 cui
2513 4540 2771 4591 creditores
2798 4537 3161 4600 insidiabantur,
3186 4540 3237 4588 et

1683 4634 1868 4695 negotia
1876 4634 2039 4682 nostra
2052 4631 2249 4695 perinde
2267 4632 2415 4693 atque
2430 4642 2519 4680 sua
2534 4629 2727 4693 propria
2744 4628 2945 4677 curavit.
2974 4627 3075 4689 (1³)
3090 4626 3237 4690 Atqui

1683 4721 1898 4769 animum
1923 4719 2026 4781 ejus
2044 4733 2153 4783 erga
2178 4732 2267 4769 nos
2300 4718 2393 4786 qui·
2414 4717 2562 4768 fuerit
2582 4716 2734 4779 magis
2759 4729 2821 4766 ex
2848 4714 2923 4765 his
2958 4715 3065 4777 ejus
3090 4714 3235 4763 mori·

1682 4799 1774 4849 bus
1793 4812 1943 4862 quam
1978 4812 2007 4848 e
2032 4798 2208 4848 tabulis
2230 4797 2505 4848 testamenti
2527 4796 2743 4859 spectare
2766 4794 2986 4857 oportet,
3015 4794 3065 4843 et
3090 4804 3235 4854 argu·

1681 4886 1888 4938 mentari
1903 4900 2003 4937 uon
2016 4899 2077 4937 ex
2095 4887 2153 4937 iis
2164 4899 2277 4948 quoe
2294 4886 2503 4949 percitus
2520 4882 2767 4934 iracundia
2780 4882 2876 4945 egit
2888 4907 2949 4918 -
2968 4894 3065 4944 qua
3082 4893 3233 4929 occoe-

1683 4976 1822 5025 catus
1839 4976 1947 5038 quis
1958 4974 2236 5024 mortalium
2260 4986 2360 5024 non
2376 4973 2596 5023 labatur?
2610 4996 2673 5009 -
2683 5008 2699 5034 ,
2722 4969 2807 5021 sed
2830 4983 2890 5020 ex
2914 4968 3007 5019 illis
3023 4980 3109 5031 per
3126 4980 3237 5031 quae

1683 5062 1994 5127 postmodum
2020 5075 2186 5114 veram
2208 5062 2355 5111 antini
2377 5062 2452 5111 sui
2475 5060 2759 5112 sententiam
2795 5055 3031 5120 patefecit.
3055 5058 3237 5105 verum

1685 5140 1845 5191 adhuc
1879 5140 2029 5204 magis
2048 5141 2179 5190 hunc
2196 5140 2411 5189 animum
2437 5150 2580 5187 suum
2604 5137 2651 5185 in
2682 5133 2886 5184 articulo
2916 5130 3083 5180 mortis
3116 5142 3237 5179 con-

1683 5230 1882 5281 stitutus
1901 5228 2179 5279 declaravit.
2248 5228 2347 5291 (14)
2371 5229 2479 5277 Jam
2498 5225 2625 5273 enim
2648 5236 2709 5272 ex
2731 5222 2811 5271 illa
2833 5218 3127 5270 decumbens
3149 5231 3237 5267 va-

1683 5316 1898 5367 letudine
1926 5329 2038 5381 quae
2063 5329 2177 5367 eum
2198 5315 2417 5376 sustulit,
2440 5313 2607 5362 volens
2636 5308 2756 5360 illud
2778 5306 3118 5358 testamentum
3144 5306 3237 5357 tol-
