3825 5842
447 456 454 463 ,
523 402 630 456 120

1317 394 1649 477 [ΛΥΣῙΟΥ]
1691 398 1742 459 Ο
1783 398 1959 461 ΚΑΤ’
2010 399 2445 464 ΑΝΔΟΚῙΔΟΥ
2480 402 2876 467 ΑΣΕΒΕῙΑΣ.

3426 407 3675 499 (au—2221

449 543 506 583 ao
519 526 754 589 κινδύνου
791 524 1144 586 κατέπλευσεν
1179 530 1252 595 εἷς
1277 526 1372 601 τὴν
1413 532 1597 589 ἑαυτοῦ
1625 529 1794 605 πόλιν,
1821 530 1936 591 ἐπεὶ
1964 534 2069 591 τῶν
2156 543 2249 593 sub
2265 542 2735 607 Quadringentorum
2751 544 3021 597 dominatu.
3042 546 3195 597 Istum
3214 546 3348 597 enim
3364 548 3432 599 ita
3451 550 3684 611 obcaeoevit

513 613 860 696 τετρακοσίων
885 614 994 682 θεὸς
1031 614 1196 687 λήθην
1223 616 1434 690 ἔδωκεν,
1461 614 1596 677 ὥστε
1625 620 1698 686 εἰς
1723 622 1844 687 τοὺς
1879 621 2069 693 ἠδικη-

515 701 699 779 μένους
741 700 926 770 αὐτοὺς
953 701 1273 780 ἐπεθύμησεν
1313 704 1592 785 ’ἀφικέσθαι
1601 749 1618 779 ,
1662 706 1971 788 ἀφικόμενος
2013 707 2066 768 δὲ

515 790 662 865 ἐδέθη
689 790 780 853 καὶ
805 789 1026 871 ᾐκίσθη,
1053 788 1231 849 ἀπώλε
1209 814 1292 850 ero
1311 792 1366 851 δὲ
1389 792 1532 874 οὐχί,
1561 796 1680 854 ἀλλ’
1709 794 1885 869 ἐλύθη.
1972 798 2063 875 (aa)

507 877 702 947 Ἔνθεν
720 878 776 944 δὲ
794 878 1040 940 ἔπλευσεν
1057 883 1128 947 ὡς
1155 879 1431 962 Εὐαγόραν
1459 880 1545 940 τὸν
1573 880 1790 963 Κύπρου
1815 884 2069 963 βασιλεύ-

513 988 666 1041 οντα,
686 966 778 1027 καὶ
800 966 1057 1039 ἀδικήσας
1083 966 1282 1048 εἴρχθη.
1323 967 1574 1050 Ἀποδρὰς
1598 968 1652 1027 δὲ
1680 975 1856 1030 τοῦτον
1886 970 2069 1053 ἔφευγε

506 1054 612 1132 μὲν
651 1054 770 1123 τους
807 1054 988 1116 ἐνθάδε
1013 1055 1182 1130 θεούς,
1223 1055 1406 1135 ἔφευγε
1445 1056 1501 1116 δὲ
1542 1054 1636 1129 τὴν
1671 1060 1858 1119 ἑαυτου
1898 1059 2068 1134 πόλιν,

515 1142 696 1225 ἔφευγε
724 1142 780 1204 δὲ
802 1145 872 1211 εἰς
895 1143 1046 1213 οὓς
998 1167 1056 1203 το
1079 1148 1286 1225 πρῶτον
1304 1144 1540 1224 ἀφίκοιτο
1559 1145 1761 1214 τόπους.
1787 1147 1975 1209 Καίτοι
1994 1147 2069 1215 τίς

433 1260 484 1297 35
505 1230 672 1310 χάρις
692 1234 767 1313 τῷ
806 1230 930 1313 βίῳ,
962 1233 1280 1292 κακοπαθεῖν
1315 1232 1410 1310 μὲν
1433 1232 1707 1307 πολλάκις,
1745 1234 2067 1294 ἀναπαύσα-

515 1324 637 1384 σθαι
659 1316 714 1379 δὲ
762 1318 1059 1399 μηδέποτες
1097 1323 1186 1400 (aa)
1220 1321 1607 1390 Καταπλεύσας
1627 1322 1682 1381 δὲ
1710 1324 1900 1383 ἐκεῖθεν
1920 1325 2068 1407 δευρο

497 1407 586 1473 ’.εἷς
617 1392 975 1487 δημοκρατίαν
1011 1409 1081 1475 εἷς
1125 1406 1220 1479 τὴν
1256 1411 1440 1468 ἑαυτοῦ
1484 1408 1634 1469 πόλιν
1666 1418 1773 1477 τοῖς
1813 1408 1908 1488 μὲν
1936 1433 2067 1490 πρυ·

515 1493 718 1555 τάνεσιν
743 1493 904 1555 ἔδωκε
923 1493 1238 1575 χρήματα,”
1216 1519 1298 1555 ινα
1315 1496 1468 1557 αὐτὸν
1478 1497 1856 1578 προσαγάγοιεν
1869 1499 2065 1573 ἐνθάδε,

514 1583 659 1659 ὑμεῖς
682 1582 730 1646 δ’
752 1582 906 1643 αὐτὸν
933 1582 1272 1656 ἐξηλάσατε
1249 1608 1308 1644 εκ
1328 1589 1423 1657 τῆς
1444 1584 1668 1659 πόλεως,
1695 1589 1802 1654 τοῖς
1821 1590 1952 1654 θεοῖς
1977 1592 2065 1667 βε-

515 1670 778 1739 ὅαιοῦντες
800 1670 918 1739 τοὺς
942 1671 1126 1750 νόμους
1147 1671 1234 1741 οὓς
1251 1672 1590 1754 ἐψηφίσασθε.
1613 1672 1704 1755 (ao)
1733 1674 1842 1735 Καὶ
1868 1674 1957 1733 τὸν
1977 1675 2065 1735 ἄν·

505 1760 609 1839 δρα
640 1760 700 1819 οὗ
739 1762 928 1837 δῆμος,
954 1762 1048 1819 οὐκ
1085 1759 1392 1841 ὀλιγαρχία,
1423 1762 1482 1821 οὖ
1527 1760 1801 1843 τύραννος,
1831 1765 1890 1822 οὖ
1918 1762 2066 1832 πόλις

433 1860 487 1900 ⁴0
513 1845 678 1905 ἐθέλει
722 1846 966 1916 δέξασθαι
1002 1847 1089 1908 διὰ
1125 1849 1323 1923 τέλους,
1357 1847 1495 1909 ἀλλὰ
1529 1848 1703 1909 πάντα
1729 1848 1817 1910 τὸν
1857 1849 2064 1932 χρόνον,

512 1933 565 2003 ἐξ
589 1934 710 1996 ὅσου
735 1934 1014 2010 ἠσέὸησεν,
1035 1936 1299 2014 ἀλώμενος
1320 1937 1514 2017 διάγει,
1538 1936 1794 1997 πιστεύων
1821 1938 1902 1997 ἀεὶ
1934 1941 2066 2017 μᾶλ-

513 2023 600 2081 λον
631 2026 738 2091 τοῖς
779 2026 976 2103 ἀγνῶσι
1009 2026 1110 2083 τῶν
1146 2022 1418 2105 γνωρίμων
1444 2023 1531 2083 διὰ
1553 2024 1613 2085 τὸ
1649 2024 1955 2099 ἠδικηκέναι
1980 2025 2066 2093 οὓς

509 2109 770 2188 γινώσκει·
821 2112 958 2171 τὸδὲ
981 2114 1274 2173 τελευταῖον
1301 2118 1388 2172 νῦν
1421 2113 1726 2195 ἀφικόμενος
1749 2117 1822 2181 εἷς
1843 2112 1939 2187 τὴν
1967 2113 2063 2175 πό·

511 2200 591 2260 λιν
615 2201 690 2267 δὶς
707 2204 762 2259 ἐν
785 2204 860 2281 τῷ
887 2202 1030 2282 αὐτῷ
1051 2200 1337 2281 [ἐνιαυτῷ]
1365 2202 1696 2264 ἐνδέδεικται.
1744 2202 1832 2283 (31)
1865 2202 1979 2264 Καὶ
2005 2204 2063 2262 τὸ

511 2286 607 2364 μὲν
627 2292 782 2367 σῶμα
801 2289 882 2347 ἀεὶ
897 2290 952 2347 ἐν
976 2290 1182 2368 δεσμοῖς
1202 2288 1312 2369 ἔχει
1325 2334 1340 2362 ,
1361 2293 1389 2362 ἧ
1411 2288 1466 2349 δὲ
1489 2288 1638 2349 οὐσία
1659 2292 1816 2349 αὐτοῦ
1835 2290 2063 2350 ἐλάττων

513 2377 572 2437 ἐκ
587 2380 688 2435 τῶν
713 2376 958 2437 κινδύνων
977 2376 1192 2457 γίνεται.
1221 2377 1407 2439 Καίτοι
1429 2376 1554 2437 ὅταν
1577 2402 1654 2446 τις
1670 2377 1758 2437 τὸν
1769 2382 1928 2439 αὑτοῦ
1951 2378 2063 2459 βίον

510 2472 616 2531 τοῖς
641 2467 844 2544 ἐχθροῖς
869 2464 960 2525 καὶ
986 2474 1091 2532 τοῖς
1125 2465 1468 2547 συκοφάνταις
1503 2464 1749 2547 διανέμῃ,
1789 2468 1931 2526 τοῦτ’
1952 2464 2063 2526 ἔστι

415 2551 570 2613 Ιῠὸτὸ
604 2552 688 2611 τὸν
722 2552 830 2633 βίον
859 2554 1050 2633 [βιοῦν]
1105 2552 1344 2613 aeimmo-
1375 2552 1410 2611 ἃ
1437 2552 1602 2635 τούτῳ
1650 2558 1678 2613 ὁ
1719 2552 1828 2621 θεὸς
1849 2556 1943 2614 οὔκ
1976 2553 2065 2612 ἐπὶ

513 2641 749 2723 σωτηρία
783 2644 1002 2701 ἐπινοεῖν
1025 2640 1262 2720 δίδωσιν,
1286 2640 1424 2701 ἀλλὰ
1449 2640 1829 2722 τιμωρούμενος
1855 2645 1957 2701 τῶν
1981 2665 2061 2720 γε·

513 2729 807 2807 γενημένων
842 2728 1211 2806 ἀσεὸημάτων.
1315 2731 1404 2809 (aa)
1425 2729 1506 2790 Τὸ
1535 2728 1589 2789 δὲ
1623 2731 1914 2789 τελευταῖον
1955 2729 2064 2788 νυνὶ

511 2816 876 2897 παραδέδωκεν
903 2817 1056 2876 αὑτὸν
1085 2821 1204 2895 ὑμῖν
1232 2821 1460 2897 χρῆσθαι
1482 2818 1514 2875 8
1533 2840 1582 2876 τι
1609 2816 1672 2876 ἂν
1705 2816 1976 2899 βούλησθε,
2004 2818 2063 2877 οὗ

509 2906 584 2985 τῷ
609 2902 682 2981 μὴ
711 2906 902 2963 ἀδικεῖν
931 2904 1206 2978 πιστεύων,
1231 2906 1349 2965 ἀλλ’
1373 2905 1473 2964 ὑπὸ
1497 2905 1760 2983 δαιμονίου
1785 2905 1920 2972 τινὸς
1940 2904 2061 2983 ἀγό-

513 3014 668 3067 μενος
694 2994 942 3069 ἀνάγκης.
975 2991 1185 3053 Οὔκουν·
1210 2991 1316 3073 χρὴ
1346 2992 1422 3070 μὰ
1452 2992 1540 3053 τὸν
1567 2992 1668 3053 Δία
1696 2992 1813 3052 οὔτε
1831 2992 2061 3074 :tp-2⁶66-

442 3096 466 3135 5
510 3100 656 3159 τερον
685 3078 807 3138 ὄντα
843 3078 960 3139 οὔτε
1001 3080 1264 3161 νεώτερον,
1293 3084 1517 3161 ὁρῶντας
1546 3081 1836 3153 Ἀνδοκίδην
1871 3084 1935 3140 ἐκ
1960 3084 2061 3140 τῶν

509 3164 756 3225 κινδύνων
786 3166 1092 3246 σωζόμενον,
1112 3166 1406 3236 συνειδότας
1427 3170 1569 3249 αὐτῷ
1596 3169 1724 3249 ἔργα
1751 3170 1935 3228 ἀνόσια
1958 3172 2060 3249 εἷρ·

509 3254 788 3337 γασμένῳ,
813 3254 1120 3337 ἀθεωτέρους
1137 3255 1394 3364 γίνεσθαι,
1415 3257 1817 3335 ἐνθυμουμένους
1835 3257 1914 3316 ὅτι
1936 3256 2063 3335 ἥμι-

513 3364 602 3413 συς
629 3345 657 3400 ὁ
699 3341 809 3421 βίος
835 3346 1018 3422 βιῶναι
1044 3344 1292 3423 κρείττων
1322 3342 1534 3411 ἀλύπως
1559 3343 1698 3403 ἐστὶν
1729 3344 1764 3416 ἢ
1796 3344 2065 3413 διπλάσιος

512 3430 846 3511 λυπουμένῳ,
870 3429 1048 3511 ὥσπερ
1067 3422 1229 3499 οὗτος.

589 3537 664 3577 33.
705 3520 796 3585 Εἰς
824 3539 1039 3577 τοσουτο
1073 3516 1128 3577 δὲ
1157 3519 1574 3600 ἀναισχυντίας’
1544 3520 1790 3601 αφῖκται,
1817 3521 1955 3582 ὥστε
1972 3522 2063 3583 καὶ

511 3604 966 3686 παρασκευάζεται
989 3605 1057 3665 τὰ
1085 3606 1329 3667 πολιτικὰ
1357 3608 1602 3689 πράττειν
1638 3610 1727 3668 καὶ
1753 3608 1854 3682 ἤδη
1884 3612 2062 3688 δημη-

511 3702 654 3775 γορεῖ
673 3692 764 3754 καὶ
787 3697 1005 3776 ἐπιτιμᾷ
1023 3694 1113 3753 καὶ
1132 3696 1506 3773 ἀποδοκιμάζει
1530 3700 1630 3755 τῶν
1657 3697 1921 3777 ἀρχόντων
1939 3700 2061 3773 τισί,

433 3810 482 3849 10
507 3785 597 3842 καὶ
625 3782 971 3859 συμὸουλεύει
990 3786 1060 3851 εἰς
1082 3782 1176 3856 τὴν
1209 3783 1425 3891 sseuk‘hvm
1421 3782 1594 3845 εἰσιὼν
1617 3786 1738 3866 περὶ
1760 3790 1949 3846 θυσιῶν
1971 3788 2063 3848 καὶ

509 3870 776 3952 προσόδων
795 3895 884 3931 και
898 3874 1064 3952 εὐχῶν
1087 3871 1178 3931 καὶ
1203 3877 1478 3950 μαντειῶν.
1494 3873 1681 3934 Καίτοι
1703 3874 1872 3957 τούτῳ
1887 3876 2059 3936 πειθό-

510 3982 656 4037 μενοι
697 3959 861 4037 ποίοις
896 3962 1025 4028 θεοῖς
1060 3960 1316 4040 ἡγήσεσθε
1360 3984 1650 4044 κεχαρισμε
1634 3960 1716 4022 ’να
1745 3967 1946 4023 ποιεῖν·
1930 4010 1949 4042 ,
1985 3965 2060 4043 μὴ

511 4048 612 4157 γὰρ
647 4046 852 4127 οἴεσθε,
875 4074 920 4108 ω
950 4048 1126 4129 ἄνδρες
1164 4050 1436 4128 δικασταί,
1468 4054 1569 4109 εἰζ
1549 4054 1693 4128 υμεῖς
1721 4050 1966 4132 βούλεσθε
1995 4052 2061 4113 τὰ

508 4134 677 4217 τούτῳ
709 4136 1037 4214 πεποιημένα
1059 4136 1424 4215 ἐπιλαθέσθαι,
1449 4136 1540 4195 καὶ
1563 4135 1677 4205 τους
1695 4136 1836 4205 θεους
1871 4139 2059 4212 ἐπιλή-

509 4192 714 4283 σεσθάι.
799 4226 889 4303 (3ι)
917 4224 1073 4293 Ἀξιοῖ
1099 4224 1157 4284 δὲ
1177 4227 1320 4306 οὔχ
1291 4250 1358 4293 ως
1382 4224 1644 4299 ἠδικηκὼς
1670 4225 1954 4306 ἡσυχίαν”
1925 4250 2059 4307 εχων

508 4310 892 4387 πολιτεύεσθαι,
922 4314 1038 4372 ἀλλ’
1065 4312 1242 4395 ὥσπερ
1272 4313 1423 4382 αὐτὸς
1451 4310 1666 4393 ἐξευρὼν
1695 4312 1811 4381 τοὺς
1838 4314 1934 4386 τὴν
1962 4316 2059 4375 πό-

509 4400 589 4455 λιν
611 4398 986 4472 ᾶδικήσαντας,
1007 4400 1142 4460 οὕτω
1163 4403 1469 4478 διανοεῖται,
1497 4401 1586 4461 καὶ
1609 4402 2061 4480 παρασκευάζεται

431 4512 479 4551 15
509 4484 646 4553 ὅπως
665 4485 849 4566 ἑτέρων
871 4488 1042 4564 μεῖζον
1073 4488 1376 4562 δυνήσεται,
1402 4487 1578 4568 ὥσπερ
1599 4490 1656 4547 οὗ
1683 4487 1768 4547 διὰ
1789 4487 2061 4570 πραότητα

507 4572 596 4632 καὶ
627 4574 880 4655 ἀσχολίαν
907 4576 1001 4649 τὴν
1027 4576 1280 4659 ὑμετέραν
1310 4580 1368 4637 οὗ
1396 4576 1630 4645 δεδωκὼς
1658 4578 1778 4654 ὑμῖν
1799 4577 1967 4651 δίκην,
1992 4582 2062 4648 εἷς

509 4659 595 4727 οὓς
620 4666 706 4719 νῦν
736 4661 1052 4743 ἁμαρτάνων
1081 4666 1138 4725 οὔ
1163 4664 1436 4740 λανθάνει,
1467 4664 1582 4725 ἀλλ’
1612 4663 1727 4743 ἅμα
1751 4664 2059 4747 ἐξελεγχθή-

507 4748 658 4808 σεταί
679 4773 733 4809 τε
766 4751 856 4810 καὶ
881 4750 1034 4812 δώσει
1065 4754 1228 4827 δίκην.

585 4858 660 4915 35.
705 4838 1046 4919 Ἰσχυριεῖται
1069 4842 1124 4901 δὲ
1151 4843 1241 4902 καὶ
1270 4840 1436 4903 τούτω
1469 4846 1545 4924 τῷ
1568 4841 1735 4924 λόγω·
1766 4844 2062 4923 ἀναγκαίως

506 4925 609 5009 γὰρ
655 4924 763 5006 εχω
805 4930 937 5005 ὑμᾶς
980 4927 1240 4988 διδάσκειν
1280 4929 1316 4988 ἃ
1360 4901 1530 4997 οἶτος
1553 4930 1967 5009 ἀπολογήσεται,
1994 4930 2059 4990 ἵν’

511 5013 638 5075 ἀκού
645 5038 824 5085 σαντες
840 5040 948 5099 παρ
949 5018 1286 5099 ’ἀμφοτέρων
1303 5017 1512 5096 ἄμεινον
1527 5019 1800 5099 διαγνῶτε·
1813 5020 1941 5101 φησὶ
1959 5020 2060 5101 γὰρ

514 5102 684 5183 ἀγαθὰ
704 5104 911 5183 μεγάλα
932 5129 1149 5177 ποιησαι
1164 5103 1257 5178 τὴν
1280 5107 1429 5166 πόλιν
1456 5107 1690 5184 μηνύσας
1708 5106 1797 5168 καὶ
1824 5107 2062 5166 ἀπαλλά-

425 5211 479 5250 20
513 5192 764 5264 ξαςδέους
778 5194 866 5254 καὶ
882 5199 1119 5276 ταραχῆς
1133 5198 1230 5269 τῆς
1242 5194 1380 5257 τότε.
1398 5193 1485 5277 (3ο)
1507 5195 1602 5265 Τίς
1617 5195 1670 5257 δὲ
1691 5200 1792 5256 τῶν
1815 5196 2057 5277 μεγάλων

2156 624 2277 675 deus
2288 661 2304 687 ,
2324 626 2381 675 ut
2402 626 2466 675 ad
2486 640 2570 677 eos
2592 641 2716 692 quos
2737 627 2923 691 iniuriis
2942 628 3046 693 ipae
3068 630 3299 681 affecerat
3320 630 3475 684 redire
3494 638 3681 700 cupierit.

2158 714 2396 763 Reversus
2412 716 2578 764 autem
2590 750 2607 776 ‚
2626 714 2678 764 in
2694 727 2937 767 carcerem
2953 718 3199 779 conjectus
3220 716 3296 768 est
3320 718 3371 767 ct
3388 720 3615 785 suppliciis
3632 730 3683 779 at.

2156 800 2329 851 fectus.
2409 803 2515 853 Non
2556 802 2721 853 tamen
2756 804 2823 853 ibi
2864 804 3073 854 mortem
3115 804 3321 869 oppetiit
3332 840 3348 867 ,
3400 807 3483 857 sed
3508 810 3685 865 vinculis

2154 886 2345 937 solutus
2363 886 2461 951 (28)
2487 888 2731 951 navigavit
2750 889 2815 939 ad
2836 892 3107 953 Evagoram
3130 889 3281 954 cypri
3310 902 3498 956 regem,
3516 894 3683 962 illicque

2156 974 2351 1037 propter
2364 975 2543 1026 scelera
2562 990 2728 1027 rursus
2744 977 2794 1027 in
2810 976 3006 1028 vincula
3022 977 3297 1040 conjicitur.
3380 979 3497 1031 Inde
3512 996 3682 1049 quoqne

2156 1062 2365 1113 evadens
2382 1062 2593 1127 mgiebat
2608 1063 2724 1115 deoe
2740 1066 2939 1129 patrios,
2954 1064 3166 1129 rugiebat
3184 1064 3435 1130 propriam
3452 1068 3683 1135 civitatem,

2152 1148 2365 1213 fugiebat
2374 1151 2479 1201 loca
2492 1152 2541 1201 in
2554 1164 2875 1217 quincumque
2888 1152 3161 1203 advenerat.
3180 1158 3245 1205 At
3258 1154 3390 1217 enim
3403 1156 3609 1219 quisnam
3620 1161 3685 1212 bic

2160 1238 2271 1288 vita!
2292 1238 2479 1290 tructus
2489 1275 2504 1301 ,
2532 1253 2647 1291 cum
2664 1241 2804 1292 malis
2820 1242 3097 1306 frequenter
3112 1241 3385 1293 conflictari
3401 1246 3451 1295 et
3466 1259 3686 1310 nunquam

2157 1326 2484 1389 requiescere?
2496 1328 2595 1393 (29)
2604 1329 2975 1393 lllincnavigans
2992 1330 3089 1380 buc
3098 1330 3259 1394 rediit,
3278 1332 3330 1381 in
3340 1344 3477 1383 suam
3492 1334 3686 1398 ipsiusci-

2156 1414 2357 1465 vitatem
2370 1451 2385 1477 ,
2410 1416 2625 1467 utentem
2636 1416 2739 1479 jam
2759 1417 3053 1468 democratia
3070 1454 3085 1480 ,
3108 1419 3159 1470 et
3174 1420 3405 1483 prytanes
3417 1423 3606 1484 pecunia
3628 1423 3685 1473 in·

2156 1500 2297 1551 duxit
2318 1502 2374 1551 ut
2388 1501 2551 1565 ipsum
2570 1502 2622 1554 in
2642 1504 2921 1555 concionem
2942 1504 3269 1569 adducerent,
3288 1506 3377 1557 sed
3394 1520 3477 1558 vos
3498 1522 3601 1560 eum
3614 1524 3683 1561 ex·

2154 1589 2344 1653 pulistis
2364 1603 2429 1641 ex
2448 1590 2595 1652 urbe,
2621 1590 2917 1643 confirmatis
2940 1592 3125 1655 legibus
3140 1606 3255 1657 quae
3273 1606 3304 1643 a
3330 1594 3469 1644 vobis
3490 1595 3535 1645 in
3555 1597 3685 1648 hono-

2154 1690 2257 1728 rem
2277 1676 2476 1727 deorum
2497 1678 2609 1729 latae
2628 1678 2832 1729 fuerant.
2915 1680 3015 1744 (3ο)
3047 1681 3269 1744 Denique
3290 1681 3531 1733 hominem
3552 1697 3685 1749 neque

2151 1766 2387 1830 populus,
2404 1780 2562 1831 neque
2576 1769 2809 1831 tyrannus
2819 1805 2835 1831 ,
2856 1782 3013 1833 neque
3026 1768 3323 1819 democratia
3334 1805 3350 1831 ,
3370 1782 3523 1833 neque
3540 1772 3683 1835 oligar·

2153 1852 2261 1903 chia
2272 1890 2287 1916 ,
2310 1868 2527 1918 unquam
2542 1856 2754 1919 recipere
2769 1857 3029 1907 voluerunt
3049 1875 3063 1908 ι
3086 1870 3259 1907 verum
3272 1870 3337 1907 ex
3350 1858 3483 1908 omni
3498 1859 3686 1923 tempore
3768 1892 3770 1901 ,

2153 1954 2251 2004 quo
2270 1942 2417 2005 impia
2435 1943 2705 2007 commisit,
2728 1944 2881 1993 vitam
2902 1942 3039 2007 degit
3052 1958 3225 2007 vagam
3246 1947 3298 1997 et
3314 1946 3579 2009 profugam,
3596 1950 3686 2011 plus

2152 2040 2339 2093 semper
2354 2029 2506 2081 fidens
2526 2030 2701 2093 ignotis
2717 2044 2864 2094 quam
2882 2033 3009 2083 notia
3019 2068 3035 2093 ,
3054 2032 3170 2095 quia
3194 2046 3375 2096 nempe
3388 2034 3525 2083 notos
3538 2034 3687 2097 iniuria

2152 2118 2399 2169 affecerat.
2444 2120 2751 2170 Postremum
2783 2132 2898 2170 vero
2924 2120 2977 2169 in
2994 2120 3165 2170 urbem
3192 2120 3378 2183 redux,
3398 2120 3559 2171 eodem
3576 2136 3683 2173 anno

2152 2204 2225 2255 bis
2246 2205 2309 2255 ad
2329 2205 2509 2269 iudicia
2524 2206 2775 2257 traductus
2794 2208 2887 2258 est.
2950 2206 3051 2270 (31)
3082 2210 3145 2258 ut
3167 2221 3355 2271 corpus
3368 2208 3556 2272 quidem
3578 2223 3685 2261 aem·

2153 2306 2237 2356 per
2248 2292 2394 2345 habet
2410 2295 2461 2345 iu
2478 2295 2698 2358 vinculis,
2714 2296 2957 2359 ipsiusque
2970 2296 3219 2346 facultates
3231 2294 3401 2347 litibus
3414 2298 3677 2348 imminuun-

2152 2380 2249 2433 tur.
2272 2384 2493 2433 Attamen
2516 2396 2672 2447 quum
2688 2384 2861 2447 aliquis
2878 2385 3006 2435 bona
3022 2396 3108 2435 aua
3131 2384 3260 2435 inter
3276 2384 3495 2435 inimicos
3508 2388 3555 2435 et
3576 2386 3682 2437 dela·

2154 2470 2282 2520 tores
2302 2469 2576 2535 dispertiat,
2598 2470 2719 2521 illud
2740 2473 2871 2523 certe
2898 2485 2999 2522 non
3022 2474 3095 2523 est
3120 2472 3276 2523 vitam
3307 2472 3501 2523 vitalem
3522 2474 3677 2525 vivere.

2153 2560 2277 2617 Quoe
2285 2558 2447 2608 omnia
2464 2558 2585 2610 deus
2596 2558 2741 2610 istum
2755 2560 2963 2623 cogitare
2974 2560 3103 2623 sinit,
3122 2572 3222 2610 non
3238 2560 3391 2624 ipsius
3404 2562 3683 2612 consermdi

2152 2646 2331 2708 gratia,
2353 2646 2437 2696 sed
2458 2646 2515 2696 ut
2539 2646 2683 2710 impie
2708 2648 2773 2697 ab·
2786 2646 2892 2712 ipeo
2908 2649 3150 2711 gestorum
3168 2662 3339 2711 poenas
3360 2650 3554 2711 repetat.
3598 2648 3681 2712 (³2)

2153 2732 2417 2784 Novissime
2432 2733 2625 2784 demum
2652 2734 2879 2799 seipsum
2902 2736 3039 2786 vobis
3056 2735 3283 2798 tradidit,
3306 2736 3363 2785 ut
3378 2736 3439 2786 de
3452 2749 3502 2786 se
3526 2738 3681 2787 statue·

2153 2822 2267 2872 retis
2298 2822 2642 2886 quodcumque
2664 2823 2854 2887 lubeat,
2886 2837 2982 2874 non
3010 2837 3097 2874 sua
3126 2824 3403 2875 innocentia
3426 2825 3585 2885 fretus,
3612 2824 3683 2875 sed

2156 2909 2287 2959 fatali
2314 2910 2524 2973 quadam
2547 2911 2827 2962 necessitate
2860 2911 3112 2965 adductus.
3146 2912 3401 2962 Neminem
3432 2911 3586 2975 igitur,
3611 2925 3681 2975 per

2154 2998 2353 3059 Jovem,
2387 2998 2603 3062 oportet,
2626 3012 2785 3062 neque
2797 2998 2947 3049 {etate
2968 2999 3319 3063 provectiorem
3334 3037 3350 3062 ,
3371 3012 3524 3063 neque
3540 2999 3680 3049 adole-

2153 3087 2387 3148 scentem,
2420 3099 2573 3149 quum
2594 3086 2791 3138 videant
2814 3086 3107 3137 Andocidem
3140 3101 3202 3139 ex
3234 3088 3460 3151 periculis
3472 3090 3678 3151 ereptum,

2153 3173 2204 3223 et
2224 3174 2371 3237 impia
2395 3174 2610 3236 eiusdem
2628 3175 2837 3225 facinora
2858 3175 3173 3238 cognoscant,
3196 3174 3263 3226 de
3287 3175 3382 3227 diis
3398 3188 3531 3226 secus
3555 3188 3679 3239 quam

2152 3261 2320 3313 deceat
2355 3262 2557 3324 acutii-03
2592 3262 2869 3326 reputantes
2897 3262 3071 3313 melius
3092 3276 3195 3314 esse
3224 3262 3519 3313 dimidiatam
3550 3262 3677 3313 vitam

2154 3349 2257 3401 sine
2282 3363 2489 3401 moerore
2508 3350 2671 3401 vivere
2690 3363 2839 3414 quam
2856 3364 2971 3401 cum
2988 3364 3194 3401 moerore
3213 3349 3505 3415 duplicatam
3518 3388 3531 3412 ,
3548 3350 3681 3413 quali·

2151 3436 2227 3487 isti
2252 3437 2466 3500 contigit.

2214 3538 2291 3585 33.
2322 3536 2393 3583 Eo
2408 3534 2573 3584 autem
2595 3534 2812 3597 pervenit
2826 3533 3135 3597 impudentia
3152 3535 3209 3585 ut
3224 3534 3327 3597 jam
3349 3533 3565 3585 sactiones
3578 3532 3674 3582 sub·

2151 3622 2287 3671 ornet
2313 3622 2363 3670 in
2388 3621 2660 3685 republica,
2694 3623 2744 3672 et
2772 3621 2835 3673 de
2869 3622 3072 3685 negotiis
3098 3622 3300 3685 publicis
3332 3624 3467 3687 agat,
3501 3622 3547 3672 et
3577 3632 3675 3670 con·

2150 3710 2311 3760 ciones
2326 3709 2525 3773 babeat,
2544 3712 2595 3761 et
2617 3710 2985 3773 magistratuum
3006 3711 3127 3761 alios
3147 3712 3416 3776 vituperet,
3436 3712 3548 3761 alios
3563 3722 3675 3772 repu-

2150 3797 2273 3859 diet,
2290 3799 2341 3847 et
2353 3798 2575 3848 senatum
2594 3798 2833 3861 ingressus
2852 3810 2997 3848 suum
3017 3800 3200 3861 aperiat
3217 3800 3469 3849 consilium
3484 3796 3541 3847 de
3556 3795 3677 3847 saai-

2151 3884 2270 3935 ficiis
2280 3922 2296 3947 ,
2314 3884 2376 3935 de
2390 3884 2703 3949 vectigalibus
2713 3921 2730 3949 ,
2748 3886 2811 3936 de
2826 3886 3049 3949 precibus
3059 3921 3076 3947 ‚
3093 3886 3155 3937 de
3172 3886 3295 3937 votis
3310 3888 3365 3937 et
3384 3884 3589 3937 oraculis.
3624 3884 3676 3933 At

2150 3974 2278 4023 enim
2293 3974 2407 4023 huic
2424 3973 2749 4024 auscultantes
2763 3974 3053 4037 quibusnam
3070 3973 3163 4024 diis
3180 3972 3459 4025 existimatis
3469 3984 3549 4021 vos
3562 3970 3677 4033 grata

2153 4062 2389 4111 facturos?
2413 4064 2483 4113 Ne
2504 4061 2632 4111 enim
2655 4061 2951 4111 arbitremini
2964 4097 2979 4121 ,
2996 4060 3205 4123 jndices,
3232 4062 3273 4112 si
3296 4074 3387 4112 voa
3404 4058 3548 4111 velitis
3560 4056 3677 4107 istius

2152 4148 2325 4211 flagitia
2346 4148 2588 4210 oblivisci,
2612 4149 2727 4199 deos
2742 4161 2937 4211 quoque
2953 4148 3203 4199 oblituros.
3272 4148 3374 4211 (34)
3404 4148 3516 4198 Vult
3534 4145 3675 4194 autem

2153 4236 2417 4287 Andocides
2438 4250 2532 4285 non
2554 4238 2599 4285 in
2617 4236 2812 4285 civitate
2832 4236 3009 4285 versari
3033 4237 3230 4299 quietus
3252 4237 3408 4300 utqui
3434 4248 3531 4285 eam
3547 4232 3672 4281 otien-

2150 4324 2304 4387 derit,
2330 4323 2413 4373 aed
2432 4325 2591 4386 utqui
2613 4324 2713 4387 ipse
2738 4336 2821 4373 eos
2846 4324 3133 4386 compererit
3153 4324 3235 4387 qui
3259 4336 3368 4373 eam
3385 4320 3668 4385 offendenmt.

2153 4414 2225 4463 lta
2242 4412 2449 4475 denique
2466 4410 2667 4474 cogitat,
2687 4411 2755 4460 ita
2776 4422 2827 4461 se
2845 4411 3001 4473 ipsum
3020 4412 3292 4473 comparat,
3315 4413 3371 4460 ut
3388 4408 3547 4460 ceteris
3562 4407 3670 4455 ante·

2152 4501 2291 4551 cellat
2308 4501 2543 4564 potestate
2560 4500 2695 4562 quasi
2716 4512 2813 4548 non
2827 4500 3003 4549 veetroe
3022 4498 3235 4549 facilitati
3254 4499 3511 4561 vestrisque
3528 4493 3672 4543 debeat

2150 4588 2352 4651 negotiis
2364 4626 2378 4651 ,
2397 4587 2529 4650 quod
2547 4587 2783 4636 hactenus
2795 4586 2953 4636 nullas
2968 4598 3135 4650 prenae
3154 4585 3293 4637 vobis
3314 4584 3515 4645 dederit,
3530 4582 3669 4630 contra

2150 4688 2275 4740 quos
2290 4676 2390 4737 iam
2426 4688 2525 4725 nou
2560 4674 2761 4724 obscure
2780 4674 2949 4737 peccat
2985 4692 2999 4723 ι
3026 4671 3111 4723 sed
3144 4674 3453 4723 convincetur
3484 4667 3610 4719 simul
3632 4665 3671 4712 et

2150 4776 2316 4829 poeuas
2332 4762 2465 4813 dabit
2480 4762 2681 4812 debitas.

2214 4860 2291 4904 35.
2326 4854 2507 4917 Verum
2528 4851 2578 4902 et
2612 4850 2704 4900 bac
2724 4850 2940 4900 oratione
2954 4850 3135 4899 nitetur
3160 4850 3384 4911 (necesse
3404 4847 3524 4899 euim
3540 4840 3670 4893 habeo

2149 4954 2237 4991 vos
2258 4951 2553 5004 praemonere
2568 4951 2681 5002 quae
2696 4938 2787 4988 iste
2802 4951 2891 5001 pro
2908 4951 2960 4988 se
2974 4936 3191 4987 dicturus
3220 4938 3315 4996 est,
3334 4938 3390 4987 ut
3414 4933 3551 4985 verba
3566 4930 3671 4978 utro·

2150 5041 2357 5094 rumque
2382 5029 2631 5079 audientes
2659 5026 2838 5078 rectius
2863 5027 3075 5077 statuere
3100 5025 3319 5089 possitis)
3347 5046 3362 5076 z
3386 5025 3451 5075 ait
3468 5018 3667 5073 nimirum

2149 5132 2202 5169 se
2222 5118 2282 5169 de
2299 5118 2491 5169 civitate
2508 5116 2689 5181 optime
2705 5114 2937 5167 meruisse
2960 5128 3114 5179 quum
3138 5114 3313 5164 indicia
3340 5112 3498 5165 fecerit
3506 5146 3522 5172 ,
3538 5108 3583 5157 et
3596 5114 3671 5152 vos

2149 5221 2179 5257 a
2196 5207 2332 5259 metu
2362 5221 2419 5257 ao
2440 5206 2659 5257 tumultu
2688 5205 2810 5263 tunc
2826 5204 2997 5260 exorto
3019 5203 3311 5263 liberaverit.
3376 5202 3471 5266 (36)
3494 5197 3551 5250 At
3574 5190 3669 5256 (1⁰1⁸
