3825 5842
1191 442 1586 510 IsocRATts
1625 439 2299 508 PANATHENAICUS.

191 593 274 664 τῆς
313 582 549 660 ἀληθείας
565 630 584 663 ,
631 582 755 666 παρ’
799 573 876 652 οἷς
920 581 1211 661 εὔδοκιμείν
1261 577 1323 640 άν
1354 603 1486 649 τινες
1529 575 1728 640 ἕλοιντο

186 679 368 745 μᾶλλον
405 673 440 748 ἢ
483 671 630 755 παρὰ
669 674 774 742 τοῖς
817 673 994 742 ἄλλοις
1029 669 1318 741 διπλασίοις
1357 667 1649 751 γενομένοις
1687 667 1725 742 ἢ

185 788 261 824 νυν
290 786 429 824 εισιν.

252 875 342 915 aas.
397 879 423 908 ιι
469 850 772 924 Ἀπλήστως
814 849 869 910 δὲ
915 849 1237 929 διακείμενος
1286 852 1339 910 ἐν
1391 853 1468 931 τῷ
1499 847 1720 932 παρόντι

129 972 152 1010 5
183 941 298 1024 πρὸς
314 941 372 1001 τὸ
392 941 581 1020 λέγειν,
607 939 700 1000 καὶ
724 938 877 1000 πόλλ’
903 937 966 998 ἂν
991 939 1154 998 εἰπεῖν
1187 937 1323 1019 ἔχων
1361 935 1437 998 ἔτι
1477 937 1568 998 καὶ
1600 937 1722 1016 περὶ

183 1036 265 1090 σοῦ
287 1029 373 1091 καὶ
402 1028 520 1112 περὶ
549 1029 657 1089 τοῖν
694 1025 898 1088 πολέοιν
931 1025 1023 1085 καὶ
1047 1029 1169 1107 περὶ
1199 1031 1291 1086 τοῦ
1332 1025 1518 1108 λόγου,
1555 1033 1722 1087 ταῦτα

99 1119 269 1199 288μὲν
314 1118 475 1193 ἐάσω,
531 1117 652 1201 περὶ
696 1107 768 1176 ὧν
816 1115 872 1177 δὲ
911 1114 1316 1200 παρακληθῆναί
1361 1140 1428 1195 με
1479 1115 1542 1176 σὺ
1591 1115 1722 1197 φής,

182 1207 289 1288 περὶ
306 1206 494 1268 τούτων
511 1209 900 1289 ἀποφανοῦμαι.
983 1202 1341 1283 Συμὸουλεύω
1360 1203 1462 1286 γάρ
1481 1228 1562 1264 σοι
1587 1205 1723 1284 μήτε

183 1297 444 1358 κατακάειν
469 1295 560 1356 τὸν
592 1295 745 1376 λόγον
776 1294 904 1372 μήτ’
928 1293 1216 1376 ἀφανίζειν,
1247 1295 1364 1353 ἀλλ’
1397 1293 1444 1354 εἷ
1470 1319 1603 1362 τινος
1638 1298 1719 1354 ἐν·

116 1405 156 1445 to
184 1385 287 1458 δεής
311 1389 442 1459 ἐστι,
471 1382 826 1462 διορθώσαντα
852 1382 944 1443 καὶ
981 1382 1398 1466 προσγράψαντα
1427 1383 1601 1452 πάσας
1627 1381 1722 1452 τὰς

183 1472 427 1554 διατριὸὰς
473 1471 568 1540 τὰς
609 1471 732 1552 περὶ
781 1470 933 1531 αὐτὸν
978 1471 1328 1552 γεγενημένας
1373 1471 1570 1532 διδόναι
1613 1481 1721 1540 τοῖς

184 1561 490 1643 βουλομένοις
509 1560 826 1640 λαμὸάνειν,
862 1559 980 1642 (263)
1012 1561 1156 1641 εἴπερ
1189 1559 1367 1640 βούλει
1398 1561 1718 1645 χαρίσασθαι

183 1651 265 1730 μὲν
298 1656 400 1720 τοῖς
439 1649 845 1718 ἐπιεικεστάτοις
889 1653 994 1710 τῶν
1054 1649 1329 1722 Ἑλλήνων
1373 1651 1464 1710 καὶ
1502 1661 1609 1719 τοῖς
1652 1654 1723 1719 ὡς

183 1741 366 1813 ἀληθῶς
408 1742 772 1824 φιλοσοφοῦσιν
815 1736 954 1798 ἀλλὰ
994 1737 1068 1816 μὴ
1110 1737 1596 1819 προσποιουμένοις,
1624 1741 1719 1798 λυ-

119 1845 162 1886 16
184 1833 334 1900 πῆσαι
379 1827 434 1888 δὲ
473 1826 595 1895 τοὺς
623 1825 980 1905 θαυμάζοντας
1008 1825 1102 1904 μὲν
1150 1826 1218 1886 τὰ
1261 1826 1330 1886 σὰ
1377 1829 1575 1904 μᾶλλον
1617 1830 1720 1885 τῶν

181 1917 352 1992 ἄλλων,
385 1914 813 1998 λοιδορουμένους
843 1913 898 1976 δὲ
927 1925 1032 1984 τοῖς
1056 1915 1229 1994 λόγοις
1258 1917 1365 1984 τοῖς
1393 1918 1500 1984 σοῖς
1535 1919 1590 1976 ἐν
1617 1917 1722 1986 τοῖς

179 2006 334 2086 ὄχλοις
357 2007 462 2076 τοῖς
493 2007 898 2086 πανηγυρικοῖς,
934 2007 988 2065 ἐν
1029 1995 1104 2073 οἷς
1129 2005 1339 2073 πλείους
1383 2005 1510 2065 εἰσὶν
1540 2009 1588 2066 οἳ
1623 2028 1724 2066 κα·

181 2095 417 2164 θεύδοντες
467 2097 577 2154 τῶν
629 2091 992 2176 ἀκροωμένων,
1044 2093 1137 2154 καὶ
1185 2095 1608 2175 προσδοκῶντας,
1657 2092 1722 2167 ἢν

179 2181 632 2266 παρακρούσωνται
657 2181 775 2251 τοὺς
795 2181 1084 2256 τοιούτους,
1118 2182 1427 2261 ἐναμίλλους
1469 2181 1588 2252 τοὺς
1627 2185 1725 2242 αὖ-

120 2291 164 2331 m
180 2275 268 2332 τῶν
318 2273 628 2352 γενήσεσθαι
676 2275 784 2339 τοῖς
833 2268 932 2332 ὑπὸ
973 2276 1066 2332 σοῦ
1115 2271 1521 2355 γεγραμμένοις,
1551 2274 1726 2340 κακῶς

182 2359 358 2430 εἰδότας
395 2359 472 2422 ὅτι
520 2359 684 2422 πλέον
729 2359 1162 2439 ἀπολελειμμένοι
1201 2363 1305 2420 τῶν
1355 2364 1461 2420 σῶν
1510 2363 1638 2421 εἰσιν

180 2455 260 2522 τῆς
287 2449 514 2533 Ὁμήρου
563 2449 712 2524 &stne
741 2453 790 2510 οἳ
815 2448 938 2531 περὶ
963 2448 1062 2522 τὴν
1103 2446 1266 2524 αὐτὴν
1294 2447 1474 2531 ἐκείνῳ
1510 2449 1720 2524 ποίησιν

181 2539 438 2620 γεγονότες.
463 2569 490 2596 ι

247 2649 338 2691 m.
376 2627 547 2692 Ταῦτ’
575 2625 804 2697 εἰπόντος
831 2629 990 2688 αὔτοῦ
1017 2627 1108 2688 καὶ
1131 2624 1252 2694 τοὺς
1286 2625 1546 2708 παρόντας
1569 2626 1724 2697 ἀξιώ·

117 2747 159 2788 2⁵
182 2739 346 2787 σαντος
376 2715 748 2801 ἀποφήνασθαι
780 2715 903 2798 περὶ
929 2707 1002 2776 ὧν
1028 2715 1456 2797 παρεκλήθησαν,
1481 2719 1575 2776 οὐκ
1606 2719 1724 2776 ἐθο-

184 2805 414 2887 ρύὸησαν,
445 2805 476 2868 ὃ
501 2807 671 2868 ποιεῖν
699 2805 940 2866 εἰώθασιν
971 2804 1058 2866 ἐπὶ
1083 2813 1191 2874 τοῖς
1223 2804 1510 2885 χαριέντως
1538 2806 1723 2864 διειλε-

182 2895 394 2976 γμένοις,
411 2897 532 2957 ἀλλ’
567 2895 860 2968 ἀνεὸόησαν
885 2897 955 2964 ὡς
978 2893 1408 2976 ὖπερὸαλλόντως
1431 2893 1721 2974 εἰρηκότος,

181 2985 260 3044 καὶ
281 2985 618 3068 περιστάντες
646 2983 800 3044 αὐτὸν
825 2983 1068 3065 ἐπῄνουν,
1109 2981 1369 3060 ἐζήλουν,·
1388 2982 1723 3065 ἐμακάριζον,

182 3073 260 3132 καὶ
282 3068 582 3157 προσθεῖναι
613 3073 708 3153 μὲν
750 3073 895 3132 οὐδὲν
945 3062 1087 3153 εἶχον
1137 3071 1243 3140 τοῖς
1291 3069 1580 3152 εἰρημένοις
1613 3073 1722 3131 οὐδ’

117 3187 160 3228 ³0
181 3165 386 3246 ἀφελεῖν,
407 3162 854 3246 συναπεφαίνοντο
873 3160 928 3221 δὲ
945 3162 1036 3222 καὶ
1054 3159 1422 3221 συνεὸούλευόν
1448 3183 1538 3239 μοι
1560 3168 1725 3220 ποιεῖν

183 3249 298 3334 ὅπερ
325 3255 514 3321 ἐκεῖνος
534 3251 845 3334 παρῄνεσεν.
929 3246 1042 3332 (265)
1067 3250 1149 3311 Οὔ
1175 3247 1280 3327 μὴν
1307 3247 1412 3308 οὐδ’
1433 3247 1536 3326 ἐγὼ
1561 3272 1728 3329 παρε-

181 3337 300 3408 στὼς
323 3339 589 3417 ἐσιώπων,
615 3341 734 3400 ἀλλ’
761 3337 990 3420 ἐπῄνεσα
1021 3336 1118 3410 τήν
1157 3361 1214 3396 τε
1261 3337 1414 3419 φύσιν
1447 3340 1605 3397 αὐτοῦ
1633 3337 1724 3398 καὶ

182 3427 264 3500 τὴν
290 3429 610 3505 ἐπιμέλειαν,
635 3427 757 3510 περὶ
785 3428 840 3488 δὲ
861 3430 966 3487 τῶν
1003 3425 1178 3486 ἄλλων
1208 3425 1355 3486 οὐδὲν
1399 3425 1725 3506 ἐφθεγξάμην

180 3507 242 3576 ὧν
269 3509 424 3594 εἶπεν,
443 3518 555 3580 οὔθ’
578 3521 650 3587 ὣς
667 3517 821 3598 ἔτυχε
837 3524 954 3584 ταῖς
965 3514 1226 3582 ὑπονοίαις
1237 3518 1331 3588 τῆς
1355 3518 1483 3592 ἐμῆς
1503 3515 1728 3585 διανοίας

99 3625 164 3686 'as
182 3604 274 3664 οὔθ’
298 3609 364 3674 ὣς
387 3607 696 3687 διήμαρτεν,
721 3605 838 3666 ἀλλ’
862 3604 982 3666 εἴων
1013 3602 1164 3664 αὐτὸν
1195 3602 1354 3671 οὕτως
1377 3602 1514 3686 ἔχειν
1547 3601 1726 3686 ὥσπερ

181 3693 316 3763 αὐτὸς
337 3697 491 3756 αὑτὸν
515 3694 770 3769 διέθηκεν.

247 3805 336 3844 ass.
377 3783 515 3868 Περὶ
545 3782 642 3862 μὲν
666 3773 753 3844 οῦν
779 3773 851 3843 ὧν
875 3781 1140 3861 ὑπεθέμην
1160 3785 1350 3850 ἱκανῶς
1374 3784 1610 3868 εἰρῆσθαι
1636 3805 1729 3843 νο-

182 3871 329 3948 μίζω·
352 3873 413 3934 τὸ
437 3871 547 3955 γὰρ
574 3870 990 3951 ἀναμιμνήσκειν
1011 3871 1126 3932 καθ’
1147 3867 1366 3930 ἕκαστον
1390 3875 1495 3930 τῶν
1516 3871 1730 3952 εἰρημέ-

3267 457 3378 510 187

1817 585 2091 647 conjectura
2107 585 2331 651 student,
2350 586 2477 652 apud
2496 600 2621 652 quos
2640 587 2691 640 in
2705 599 2874 652 magna
2888 586 3241 640 existimatione
3275 602 3383 643 esso

1753 689 1790 732 e
1813 674 2010 739 quidam
2048 675 2303 740 praeferant
2339 690 2484 741 quam
2525 677 2655 743 apud
2699 681 2911 740 ceteros,
2961 677 3003 728 si
3042 676 3189 742 duplo
3222 678 3383 742 plures

1811 777 1959 828 quam
1982 778 2110 816 nunc
2132 771 2245 816 sunt
2262 804 2277 829 ,
2297 766 2544 818 exsistant.

1872 860 1979 904 262.
2014 873 2040 900 α
2059 858 2224 914 Quum
2243 861 2405 908 autem
2423 856 2699 921 inexplebili
2720 857 2814 906 hoc
2832 859 3048 919 tempore
3084 855 3277 908 dicendi
3302 871 3381 908 cu·

1810 973 2008 1038 piditate
2028 971 2219 1036 flagrem
2236 972 2286 1020 et
2300 968 2452 1019 multa
2466 967 2664 1018 habeam
2680 980 2789 1031 quae
2806 966 2962 1017 dicam
2988 968 3092 1017 tum
3115 966 3176 1017 de
3190 969 3257 1030 te,
3279 971 3383 1018 tum

1811 1077 1872 1128 de
1895 1082 2098 1139 utraque
2118 1077 2264 1138 urbe,
2290 1079 2395 1126 tum
2419 1073 2480 1126 de
2498 1074 2711 1125 oratione
2729 1073 2845 1134 hac3
2873 1077 3031 1122 tamen
3063 1070 3255 1122 omissis
3278 1070 3371 1121 illis

1749 1139 1786 1181 a
1811 1179 1873 1230 de
1897 1193 1954 1230 eo
1977 1177 2263 1230 sententiam
2301 1177 2457 1227 dicam
2474 1212 2490 1239 ,
2515 1171 2661 1240 cujus'
2678 1175 2827 1238 gratia
2850 1186 2929 1224 me
2969 1173 3255 1224 accersitum
3277 1185 3385 1224 esse

1808 1285 1945 1337 dicis.
1978 1286 2089 1338 Tibi
2118 1286 2246 1338 enim
2270 1285 2436 1335 acutor
2454 1295 2562 1332 sum
2581 1282 2637 1332 ut
2654 1281 2779 1330 hanc
2794 1279 3056 1330 orationem
3078 1291 3234 1342 neque
3256 1291 3387 1328 com-

1811 1386 1960 1438 buras
2000 1402 2156 1453 neque
2192 1386 2411 1449 aboleas,
2448 1383 2534 1435 sed
2556 1382 2709 1433 sicubi
2728 1381 2909 1446 aliquid
2928 1381 3090 1445 deest,
3110 1381 3315 1444 corrigas
3337 1383 3387 1430 et
3464 1451 3469 1456 β

1813 1491 2041 1543 omnibus
2058 1491 2491 1557 disputationibus,
2510 1490 2689 1557 quaede
2706 1503 2763 1542 ea
2777 1488 2955 1540 babitm
2971 1489 3088 1540 sunt
3099 1523 3114 1551 ,
3128 1486 3386 1552 adscriptis

1815 1597 1969 1660 legere
1987 1595 2257 1647 volentibus
2282 1595 2533 1659 impertias
2549 1630 2565 1656 ,
2589 1593 2718 1658 (263)
2736 1594 2779 1644 si
2798 1593 2944 1644 modo
2970 1605 3075 1644 rem
3106 1596 3288 1656 gratam
3318 1591 3387 1643 fa·

1743 1731 1787 1795 b
1813 1715 1923 1752 cere
1946 1700 2109 1751 studes
2130 1699 2323 1763 optimis
2344 1699 2459 1750 viris
2487 1699 2609 1749 inter
2633 1699 2828 1748 Graecos
2845 1700 2896 1746 et
2927 1709 3072 1759 quam
3104 1694 3386 1758 verissime,

1811 1818 1905 1857 non
1922 1801 2159 1864 simulate,
2176 1799 2641 1865 philosophantibus,
2656 1803 2707 1850 et
2717 1799 2828 1850 illos
2841 1797 3031 1850 allicere
3045 1799 3281 1860 molestia,
3298 1797 3384 1862 qui

1811 1919 1963 1972 quum
1980 1909 2061 1957 tua
2079 1905 2229 1969 magis
2248 1917 2393 1968 quam
2412 1904 2491 1954 alil
2508 1903 2755 1964 mirentur,
2772 1901 3013 1952 orationes
3032 1906 3139 1952 tuas
3159 1902 3208 1950 in
3220 1900 3377 1951 homi-

1810 2024 1929 2062 num
1948 2008 2213 2074 t'requentia
2232 2005 2561 2073 proscindunt,
2576 2005 2625 2054 in
2642 2017 2739 2068 qua
2754 2003 2915 2068 plures
2928 2004 3041 2054 suut
3049 2003 3133 2068 qui
3146 2001 3387 2055 dormiant

1811 2127 1958 2178 quam
1982 2113 2066 2176 qui
2088 2111 2379 2172 auscultent,
2404 2108 2584 2173 quique
2606 2110 2828 2172 sperant,
2853 2107 2897 2158 si
2929 2105 3103 2170 vulgus
3134 2106 3386 2156 hominum

1813 2214 2116 2279 deceperint,
2132 2225 2245 2264 suas
2267 2208 2719 2262 declamatiunculas
2738 2220 2849 2258 cum
2872 2207 3063 2271 scriptis
3082 2221 3111 2258 a
3132 2211 3183 2258 te
3201 2207 3383 2258 oratio·

1813 2316 1959 2367 nibus
1976 2328 2117 2380 posse
2133 2312 2435 2374 contendere,
2450 2309 2598 2375 ignari
2617 2309 2845 2360 nimirum
2863 2323 2915 2360 se
2934 2309 3121 2372 longius
3137 2309 3306 2361 abesse
3324 2309 3387 2360 ab

1751 2472 1786 2514 c
1813 2420 2093 2472 excellentia
2114 2419 2199 2470 tua
2216 2454 2232 2481 ,
2257 2430 2402 2481 quam
2423 2429 2453 2466 a
2470 2414 2620 2479 gloria
2641 2413 2840 2466 Homeri
2870 2413 2979 2465 illos
3013 2414 3099 2480 qui
3132 2414 3183 2464 in
3214 2412 3386 2465 eodem

1813 2531 1987 2583 genere
2005 2517 2163 2582 poesis
2185 2515 2503 2568 elaborarunt.
2528 2532 2553 2558 υ

1875 2623 1984 2672 264.
2016 2623 2141 2679 Quae
2158 2631 2308 2683 quum
2340 2617 2419 2668 ille
2435 2616 2635 2667 dixisset
2656 2617 2705 2667 et
2736 2616 2798 2666 ab
2822 2617 2908 2679 iis,
2934 2616 3259 2680 quiaderant,
3298 2631 3385 2684 pe·

1811 2702 1969 2754 tiisset
2000 2707 2053 2752 ut
2076 2715 2131 2752 ea
2170 2701 2231 2751 de
2254 2714 2334 2764 re,
2358 2700 2495 2763 cujus
2513 2699 2663 2762 gratia
2689 2700 2934 2750 convocati
2971 2705 3159 2764 essent,
3192 2704 3385 2752 senten-

1810 2783 1929 2833 tiam
1947 2783 2182 2846 dicerent,
2202 2783 2383 2833 illinon
2403 2782 2765 2846 applauserunt,
2786 2779 2915 2846 quod
2936 2781 3021 2843 iis,
3042 2781 3125 2846 qui
3143 2782 3387 2846 eleganter

1812 2865 2172 2929 disseruerunt,
2200 2866 2355 2916 facere
2372 2865 2553 2926 solent,
2578 2865 2661 2914 sed
2682 2864 3042 2927 exclamarunt,
3067 2867 3205 2929 quasi
3230 2867 3385 2919 excel·

1809 2952 1965 3003 lenter
1985 2956 2273 3017 perorasset,
2299 2951 2517 3015 factaque
2554 2951 2679 3000 circa
2718 2963 2830 2999 eum
2876 2963 3050 3002 corona
3088 2951 3382 3014 laudabant,

1811 3030 2128 3092 mirabantur,
2154 3030 2348 3080 beatum
2369 3026 2718 3092 praedicabant5
2743 3033 2887 3090 atque
2919 3028 3023 3090 eius
3055 3029 3250 3091 quidem
3272 3044 3383 3081 ora-

1815 3116 1933 3166 tioni
1955 3129 2065 3179 quas
2082 3115 2363 3177 adjicerent,
2379 3119 2461 3164 aut
2479 3113 2750 3174 demerent,
2768 3113 2884 3163 nihil
2898 3113 3163 3177 habebant,
3179 3116 3264 3166 sed
3282 3119 3385 3178 ejus

1815 3198 2063 3248 sententiae
2106 3198 2289 3247 assensi
2331 3210 2388 3247 ea
2432 3197 2550 3245 mihi
2586 3196 2803 3245 facienda
2840 3195 3123 3260 censebant,
3157 3211 3267 3261 quae
3306 3199 3386 3248 ille

1815 3281 2099 3332 monuisset.
2169 3279 2297 3343 (265)
2320 3283 2501 3330 Verum
2522 3292 2582 3328 ne
2603 3292 2690 3340 ego
2714 3278 2907 3342 quidem
2930 3279 3107 3328 tacitus
3143 3281 3356 3331 astabam
3370 3317 3385 3343 ,

1817 3361 1903 3413 sed
1927 3376 2078 3426 quum
2100 3362 2346 3426 ingenium
2369 3361 2474 3424 ejus
2498 3360 2778 3422 laudabam,
2802 3366 2907 3410 tum
2938 3359 3249 3422 diligentiam.
3313 3364 3385 3410 De

1748 3421 1790 3487 d
1815 3445 1991 3496 ceteris
2013 3447 2176 3495 autem
2201 3457 2311 3508 quoe
2329 3443 2542 3504 dixerat,
2574 3441 2691 3492 nihil
2713 3442 2905 3491 locutus
2939 3426 3077 3503 sum,
3116 3455 3206 3492 nec
3235 3455 3384 3505 quam

1815 3545 1963 3597 prope
1980 3531 2263 3593 conjecturis
2286 3531 2386 3580 suis
2405 3530 2465 3579 ad
2486 3541 2641 3579 meam
2666 3528 2953 3578 sententiam
2972 3529 3277 3591 accessisset,
3298 3541 3389 3580 nec

1815 3629 1963 3678 quam
1999 3613 2139 3675 longe
2174 3613 2467 3676 aberrasset,
2488 3610 2572 3661 sed
2593 3623 2699 3660 eam
2718 3609 3103 3674 persuasionem,
3122 3623 3267 3675 quam
3288 3624 3316 3661 a
3334 3623 3389 3662 se

1817 3702 1923 3765 ipse
1945 3704 2217 3765 acceperat,
2240 3711 2351 3750 eum
2374 3701 2539 3748 tenere
2560 3696 2797 3747 sinebam.

1879 3792 1989 3837 266.
2006 3791 2075 3838 Ac
2096 3799 2211 3836 vero
2232 3784 2293 3836 de
2312 3783 2387 3834 his
2404 3781 2907 3846 quaetproposui,‘satis
2922 3781 3103 3832 dictum
3117 3795 3221 3832 esse
3236 3785 3381 3848 puto;

1815 3895 1929 3931 nam
1954 3879 2137 3944 singula
2169 3891 2279 3943 quae
2312 3877 2447 3941 prius
2482 3876 2613 3926 dicta
2648 3877 2763 3925 suut
2792 3879 3033 3940 repetere,
3060 3875 3267 3926 alienum
3310 3881 3386 3927 est

180 3983 268 4019 νων
293 3964 349 4022 οὗ
376 3961 570 4044 πρέπει
607 3969 716 4029 τοῖς
746 3961 918 4040 λόγοις
940 3961 1048 4028 τοῖς
1073 3959 1349 4027 τοιούτοις·
1382 3958 1638 4041 βούλομαι
1672 3957 1736 4018 δὲ
1816 3980 1878 4030 ab
1913 3979 2005 4028 hoc
2040 3988 2213 4040 genere
2246 3974 2537 4024 orationum.
2600 3971 2769 4021 Dicam
2800 3974 2963 4020 autem
2994 3968 3055 4020 de
3081 3970 3158 4018 his
3182 3983 3294 4033 quae
3334 3970 3384 4020 in

119 4073 163 4114 to
182 4049 506 4130 διαλεχθῆναι
541 4048 663 4131 περὶ
696 4050 799 4107 τῶν
824 4046 930 4130 ἰδία
964 4072 1052 4127 μοι
1078 4048 1200 4129 περὶ
1232 4045 1322 4107 τὸν
1349 4047 1501 4126 λόγον
1527 4047 1728 4126 cup-Ge·-

183 4134 422 4208 Εηκότων.
511 4135 658 4216 Ἐγὼ
698 4133 801 4220 γὰρ
837 4135 1197 4214 ἐνεστησάμην
1222 4135 1318 4215 μὲν
1338 4133 1493 4195 αὐτὸν
1519 4134 1608 4209 ἔτη
1641 4159 1729 4215 γε·

180 4222 326 4302 γονὼς
373 4223 476 4285 ὅσα
526 4247 625 4307 περ
672 4225 724 4282 ἐν
777 4225 919 4305 ἀρχῇ
945 4227 1213 4306 προεῖπον·
1252 4221 1370 4304 (267)
1408 4221 1511 4296 ἤδη
1544 4223 1600 4281 δε
1628 4225 1729 4281 τῶν

179 4311 398 4388 ἡμισέων
451 4309 833 4393 γεγραμμένων
885 4310 1248 4392 ἐπιγενομένου
1299 4334 1390 4392 μοι
1437 4309 1733 4390 νοσήματος

101 4405 386 4479 289ρηθῆναι
416 4400 516 4481 μὲν
545 4403 640 4460 οὐκ
675 4403 988 4481 εὖπρεποῦς,
1018 4400 1306 4480 δυναμένου
1343 4401 1388 4460 δ’
1419 4404 1649 4482 ἀναιρεῖν
1673 4402 1732 4460 οὗ

124 4514 167 4556 tr.
187 4488 328 4561 μόνον
343 4489 462 4559 τοὺς
479 4487 860 4572 πρεσὸυτέρους
879 4493 932 4549 ἐν
954 4492 1122 4571 τρισὶν
1140 4489 1175 4562 ἢ
1192 4488 1463 4571 τέτταρσιν
1480 4487 1730 4569 ἡμέραις,

183 4576 308 4636 ἀλλὰ
349 4578 441 4639 καὶ
485 4581 590 4638 τῶν
629 4574 966 4656 ἀκμαζόντων
1005 4575 1228 4644 πολλούς
1243 4621 1260 4655 ,
1301 4574 1470 4659 τούτῳ
1509 4577 1731 4636 διατελῶ

181 4664 270 4746 τρί’
295 4665 386 4738 ἔτη
412 4664 742 4748 μαχόμενος,
765 4664 901 4726 οὕτω
922 4664 1213 4748 φιλοπόνως
1236 4664 1461 4737 ἑκάστην
1485 4663 1581 4738 τὴν
1605 4663 1730 4743 ἡμέ·

184 4774 268 4830 ραν
297 4753 512 4834 διάγων,
539 4753 676 4814 ὥστε
710 4752 827 4821 τοὺς
853 4754 1055 4823 εἰδότας
1082 4753 1175 4814 καὶ
1203 4751 1320 4822 τοὺς
1351 4751 1498 4837 παρὰ
1533 4753 1729 4814 τούτων

181 4839 584 4920 πυνθανομένους
602 4841 802 4921 μᾶλλόν
831 4865 900 4921 με
923 4842 1204 4920 θαυμάζειν
1231 4840 1319 4900 διὰ
1340 4839 1436 4914 τὴν
1451 4839 1730 4922 καρτερίαν

118 4947 160 4986 50
180 4926 361 5001 ταύτην
405 4929 443 5002 ἢ
495 4929 560 4989 δι’
609 4929 645 4988 ἃ
680 4929 928 5012 πρότερον
957 4929 1277 5010 ἐπῃνούμην.
1364 4929 1477 5011 (aas)
1511 4927 1655 5003 Ἤδη
1687 4929 1730 4990 δ’

184 5016 508 5099 ἀπειρηκότος
528 5017 621 5078 καὶ
649 5017 737 5078 διὰ
758 5015 854 5091 τὴν
881 5017 1028 5080 νόσον
1060 5018 1151 5079 καὶ
1178 5019 1264 5080 διὰ
1304 5017 1365 5078 τὸ
1399 5023 1595 5099 γ’ἥρας,
1623 5020 1728 5076 τῶν

185 5105 588 5168 ἐπισκοπούντων
615 5106 749 5174 τινές
781 5131 847 5187 με
872 5107 966 5166 καὶ
995 5105 1247 5174 πολλάκις
1278 5105 1641 5185 ἀνεγνωκότων
1669 5103 1730 5164 τὸ

1758 4063 1794 4106 θ
1818 4074 1909 4122 hac
1926 4069 2137 4121 oratione
2154 4067 2275 4117 mihi
2294 4066 2516 4130 privatim
2537 4063 2840 4124 acciderunt,
2869 4075 3015 4126 quam
3054 4075 3142 4124 ego
3176 4061 3385 4112 scribere

1819 4164 2005 4218 institui
2028 4163 2101 4214 tot
2116 4173 2267 4211 annos
2281 4160 2424 4210 natus
2438 4192 2455 4220 ,
2478 4160 2599 4221 quot
2616 4155 2753 4205 initio
2775 4153 2878 4204 dixi
2901 4169 2914 4203 :
2936 4152 3073 4217 (267)
3094 4165 3249 4216 quum
3268 4164 3387 4202 vero

1755 4279 1758 4284 ·
1781 4275 1788 4288 =
1819 4256 2018 4308 dimidia
2036 4269 2147 4320 pars
2164 4253 2339 4314 scripta
2356 4251 2507 4312 esset,
2527 4248 2725 4299 morbus
2742 4259 2821 4297 me
2838 4246 3042 4310 invasit,
3059 4244 3143 4310 qui
3163 4247 3219 4297 ut
3232 4245 3387 4296 nomi·

1821 4354 1927 4406 nari
1942 4346 2213 4402 verecunde
2231 4359 2328 4397 non
2360 4348 2544 4409 potest,
2568 4343 2636 4393 sic
2654 4355 2753 4392 non
2779 4341 2991 4392 seniores
3009 4344 3198 4391 tantum
3228 4341 3387 4391 triduo

1757 4419 1796 4461 a
1819 4450 1906 4498 aut
1937 4441 2192 4509 quatriduo
2228 4437 2393 4489 tollore
2432 4437 2619 4501 potest,
2662 4434 2749 4486 sed
2781 4434 2959 4484 multos
3002 4433 3147 4484 etlam
3190 4435 3386 4497 integrae

1820 4537 1990 4589 aetatis.
2076 4537 2201 4586 cum
2223 4545 2321 4595 quo
2344 4534 2629 4594 perpetuum
2646 4528 2904 4580 triennium
2922 4541 3009 4591 ego
3027 4540 3137 4578 sum
3156 4527 3385 4590 luctatus,

1821 4634 1870 4684 et
1906 4645 1964 4683 ea
1994 4627 2246 4681 tolerantia
2266 4623 2477 4687 singulos
2496 4623 2598 4674 dies
2617 4623 2850 4686 transegi,
2873 4627 2927 4672 ut
2950 4626 2998 4672 et
3020 4621 3053 4671 ti
3088 4621 3172 4687 qui
3196 4622 3383 4684 sciunt,

1818 4728 1868 4777 et
1885 4724 1971 4789 qui
1986 4737 2014 4774 e
2032 4720 2295 4774 scientibus
2313 4717 2631 4779 audiverunt,
2652 4729 2809 4768 meam
2829 4715 2960 4766 illam
2981 4714 3279 4765 tolerantiam
3299 4715 3385 4764 mi·

1820 4821 1985 4870 rentur
2002 4815 2151 4880 magis
2163 4851 2178 4877 ,
2199 4826 2344 4880 qnam
2361 4825 2418 4863 ea
2436 4825 2547 4877 quae
2569 4809 2803 4876 superiori
2822 4809 3039 4872 tempore
3055 4807 3172 4858 mibi
3191 4807 3384 4858 laudem

1785 4909 1790 4914 ’
1819 4916 2123 4983 pepererunt.
2150 4910 2281 4976 (268)
2306 4912 2469 4968 Quum
2489 4921 2603 4959 vero
2616 4906 2717 4971 jam
2736 4909 2785 4956 et
2801 4903 3017 4954 animum
3028 4901 3383 4967 despondissem

1754 5017 1799 5081 b
1821 5012 1874 5063 et
1904 5007 2088 5059 viribus
2124 5005 2387 5056 destitutus
2417 5015 2575 5054 essem
2617 5005 2723 5051 tum
2760 4995 2928 5049 morbo
2970 5001 3075 5046 tum
3113 4999 3383 5060 senectute,

1820 5102 2015 5167 quidam
2056 5112 2219 5152 eorum
2244 5098 2324 5162 qui
2348 5111 2427 5148 me
2448 5094 2671 5148 visebant
2694 5099 2743 5144 et
2767 5103 2874 5143 eam
2909 5089 3135 5141 orationis
3169 5093 3353 5153 partem
3368 5124 3383 5152 ,

187 5191 326 5274 μέρος
350 5200 444 5256 τοῦ
464 5197 620 5277 λόγου
642 5194 704 5255 τὸ
728 5193 1111 5279 γεγραμμένον,
1129 5193 1331 5256 ἐδέοντό
1359 5217 1458 5272 μου
1486 5192 1578 5254 καὶ
1611 5215 1734 5254 συν-
1822 5211 1934 5264 quae
1954 5196 2130 5260 scripta
2160 5195 2287 5256 erat,
2312 5204 2443 5256 saepe
2466 5191 2703 5253 legerant,
2726 5186 2956 5250 rogarunt
2976 5185 3027 5234 et
3048 5185 3302 5236 suaserunt
3322 5195 3385 5234 ne

186 5277 446 5344 εὸούλευον
494 5283 572 5366 μὴ
605 5285 917 5345 καταλιπεῖν
956 5283 1112 5344 αὖτὸν
1151 5284 1377 5364 ἡμιτελῆ
1403 5283 1528 5361 μηδ’
1562 5281 1736 5364 ἀδιίρ-
1823 5288 2119 5341 dimidiatam
2136 5288 2186 5339 et
2202 5283 2539 5337 inelaboratum
2562 5279 2880 5345 relinquerem
2894 5314 2909 5341 ‚
2932 5275 3015 5329 sed
3036 5274 3171 5343 parvi
3202 5277 3383 5339 tempo·
