3825 5842
1277 418 1284 425 ’
1376 436 1654 497 ΔΥΣΙΟΥ
1695 436 2077 497 ΕΠΙΔΟΓΟΣ
2118 438 2324 499 ΚΑΤΑ
2372 438 2885 501 ΕΠΙΚΡΛΤΟΥΣ.

3450 438 3701 514 (soc—sn}

411 632 430 655 γ
543 562 861 647 χμαλώτων,
887 562 972 629 οὓς
994 560 1146 631 αὐτὸς
1169 560 1434 637 ἀπώλεσε,
1455 562 1730 643 τριάκοντα
1759 574 1889 642 μνᾶς
1913 566 2090 625 ἐσυκο·
2179 574 2373 637 triginta
2394 574 2549 625 minas
2576 574 2774 625 abstulit
2802 587 2888 637 per
2916 570 3163 636 fraudem,
3188 571 3433 623 affirmans
3456 584 3506 621 se
3524 584 3703 621 eosnon

545 653 823 735 φάντησεν,
867 652 924 708 Οὐ
964 651 1178 732 φάσκων
1225 649 1406 719 αὐτοὺς
1447 650 1691 711 χύσεσθαῑ
1707 697 1724 724 τ
1753 654 1799 711 εἶ
1828 651 1903 729 μὴ
1942 658 2093 712 τοῦτο
2182 680 2543 743 redempturum
2560 680 2653 731 nisi
2676 680 2753 731 11ae
2770 680 2859 731 sibi
2880 680 2943 731 ab
2960 680 3073 744 ipsis
3092 680 3435 745 praeberentur.
3472 679 3713 741 vosigitur

547 742 690 820 αὐτῷ
712 736 858 817 παρὰ
882 740 1024 818 σφῶν
1055 740 1222 797 αὐτῶν
1252 737 1594 819 παράσχοιεν.
1681 739 1977 805 Συνειδότες
2008 730 2095 797 οὗν

543 830 693 905 ἡμῶν
716 824 944 907 ἑκατέρῳ
963 824 1047 884 τὸν
1070 825 1197 905 βίον,
1217 825 1344 907 πρὸς
1361 834 1525 886 ταῦτα
1547 827 1847 907 βουλεύεσθε
1868 827 2096 908 ὁποτέρῳ

541 914 648 996 χρὴ
672 913 931 973 πιστεύειν
957 913 1076 993 περὶ
1109 918 1200 986 τῆς
1231 914 1496 996 Εὐάνδρου
1523 916 1854 993 δοκιμασίας,
1890 915 1981 975 καὶ
2008 914 2091 975 οὕ-

543 1025 645 1068 τως
673 1004 767 1060 οὐκ
788 1000 1227 1083 ἐξαμαρτήσεσθε.

1201 1294 1442 1357 xxvn.

469 1448 752 1509 asKATA
811 1444 1303 1507 ΕΠῙΚΡΑΤΟΥΣ
1359 1446 1490 1505 ΚΑΙ
1542 1445 1700 1505 ΤΩΝ
1756 1442 2094 1505 ΣΥΜΠΡΕ-

621 1552 976 1612 ΣΒΕΥΤΩΝ
1021 1550 1402 1611 ΕΠΙΛΟΓΟΣ
1437 1546 1541 1608 ΩΣ
1579 1548 2005 1608 ΘΕΟΔΩΡΟΣ.

461 1734 520 1777 40
622 1712 994 1793 Κατηγόρηται
1021 1708 1134 1789 μέν,
1157 1698 1202 1769 ὦ
1229 1708 1408 1790 ἄνδρες
1436 1709 1722 1781 Ἀθηναῖοι,
1751 1707 2097 1790 Ἐπικράτους

539 1803 696 1862 ἱκανὰ
722 1800 813 1859 καὶ
841 1804 942 1859 τῶν
971 1798 1430 1876 συμπρεσὸευτῶν·
1456 1798 1781 1875 ἐνθυμεῖσθαι
1809 1796 1864 1855 δὲ
1887 1795 1991 1877 χρὴ
2017 1800 2096 1856 δτι

540 1887 790 1955 πολλάκις
826 1886 1083 1959 ἠκούσατε
1115 1886 1307 1944 τούτων
1337 1883 1608 1961 λεγόντων,
1641 1884 1794 1943 ὁπότε
1831 1882 2097 1963 βούλοιντό

541 1999 658 2035 τινα
700 1976 889 2042 ἀδίκως
919 1972 1201 2043 ἀπολέσαι,
1227 1970 1332 2044 ὅτι,
1373 1974 1419 2030 εἰ
1461 1971 1535 2048 μὴ
1576 1974 1987 2051 καταψηφιεῖσθε
2024 1962 2094 2029 ὧν

543 2062 689 2122 αὐτοὶ
713 2060 1029 2137 κελεύουσιν,
1054 2059 1305 2141 ἐπιλείψει
1329 2061 1463 2135 ὑμᾶς
1485 2062 1520 2129 ἡ
1541 2057 1844 2138 μισθοφορά.
1891 2054 1959 2136 (2)
1988 2056 2095 2117 Καὶ

445 2164 500 2214 1⁷
507 2157 628 2213 8νῦν
646 2149 788 2209 οὐδὲν
814 2141 968 2221 ἧττον
991 2152 1230 2207 τοσοῦτον
1251 2147 1408 2219 ἐνδεῖ,
1437 2144 1571 2204 ὥστε
1594 2143 1763 2221 τὸμὲν
1786 2145 1979 2215 πλῆθος
2007 2145 2095 2203 καὶ

541 2242 575 2309 ἡ
597 2236 820 2317 αἰσχύνη
837 2241 872 2308 ἡ
895 2234 978 2295 διὰ
1001 2236 1194 2295 τούτων
1213 2235 1335 2312 ὑμῖν
1353 2233 1609 2313 γίγνεται,
1624 2236 1658 2303 ἡ
1677 2234 1721 2290 δ’
1740 2232 1963 2311 ὠφέλεια
1988 2232 2097 2291 τού-

535 2348 654 2391 τοις·
681 2324 1024 2405 πεπείρανται
1040 2322 1143 2403 γόιρ
1166 2322 1275 2399 ὅτι,
1301 2320 1453 2379 ὁπότε
1477 2319 1542 2379 ἂν
1565 2313 1705 2379 οὗτοι
1723 2318 1814 2378 καὶ
1830 2322 1878 2377 οἱ
1901 2317 2095 2377 τούτων

538 2411 682 2489 λόγοι
729 2412 950 2483 δοκῶσιν
998 2409 1152 2469 αἴτιοι
1187 2401 1317 2468 εἶναι
1352 2408 1654 2490 ψηφιεῖσθαι
1681 2410 1817 2485 ὑμᾶς
1858 2405 2003 2487 παρὰ
2033 2406 2092 2464 τὸ

543 2497 763 2571 δίκαιον,
789 2496 975 2578 ῥᾳδίως
989 2494 1133 2576 παρὰ
1156 2499 1258 2555 τῶν
1279 2495 1590 2553 ἀδικούντων
1607 2493 1860 2575 χρήματα
1884 2494 2095 2571 λαμὸά-

542 2608 704 2645 νουσι.
794 2582 856 2663 (a)
893 2583 1080 2643 Καίτοι
1107 2583 1224 2642 τίνα
1263 2582 1368 2662 χρὴ
1409 2583 1596 2641 ἐλπίδα
1635 2582 1772 2661 ἔχειν
1804 2580 2093 2663 σωτηρίας,

491 2690 518 2729 a
545 2671 737 2731 ὁπόταν
775 2673 829 2729 ἐν
905 2670 1130 2752 ρήμασιν
1164 2662 1200 2750 ᾖ
1227 2670 1318 2729 καὶ
1339 2674 1567 2741 σωθῆναι
1601 2674 1667 2750 τῇ
1690 2670 1838 2729 πόλει
1879 2670 1967 2728 καὶ
1992 2669 2095 2747 μή,

543 2766 709 2819 ταῦτα
734 2757 788 2816 δὲ
816 2781 845 2816 ο
879 2780 986 2835 τοι,
1012 2756 1236 2838 φύλακες
1261 2756 1344 2838 ὑφ’
1362 2760 1506 2836 ὑμῶν
1529 2757 1904 2830 καταστάντες,
1926 2760 1973 2817 οἱ
1994 2760 2095 2816 τῶν

544 2846 854 2906 ἀδικούντων
891 2845 1145 2906 κολασταί
1158 2868 1187 2925 ,·
1215 2845 1479 2906 κλέπτωσί
1508 2870 1566 2906 τε
1607 2845 1696 2905 καὶ
1735 2846 2094 2927 καταδωροδο-

543 2938 674 2993 κῶσι
685 2959 701 3009 3
720 2933 829 2995 Καὶ
843 2935 900 2992 οὗ
919 2940 1008 2992 νῦν
1024 2937 1230 3015 πρῶτον
1249 2934 1494 3013 ὤφθησαν
1513 2936 1832 3014 ἀδικοῦντες,
1849 2933 1987 2994 ἀλλὰ
2003 2935 2094 2994 καὶ

541 3021 792 3103 πρότερον
813 3021 914 3094 ἤδη
941 3020 1117 3103 δώρων
1137 3021 1432 3104 ἐκρίθησαν.
1495 3021 1555 3105 (ι)
1581 3023 1690 3083 Καὶ
1714 3027 1834 3100 ὑμῖν
1859 3020 1966 3103 ἔχω
1990 3024 2097 3081 ἐπι·

542 3109 763 3169 καλέσαι
798 3109 877 3169 ὅτι
903 3116 995 3169 τοῦ
1027 3112 1182 3169 αὐτοῦ
1225 3110 1546 3188 ἀδικήματος
1572 3110 1964 3189 Ὀνομάσαντος
2000 3110 2095 3184 μὲν

543 3195 992 3276 κατεψηφίσασθε,
1032 3194 1214 3256 τούτου
1256 3195 1311 3255 δὲ
1352 3196 1782 3279 ἀπεψηφίσασθε,
1817 3202 1908 3256 τοῦ
1938 3198 2096 3255 αὐτοῦ

544 3281 724 3361 ἀνδρὸς
750 3281 995 3340 ἁπάντων
1023 3289 1430 3363 κατηγοροῦντος
1457 3284 1548 3344 καὶ
1574 3288 1676 3343 τῶν
1719 3287 1888 3343 αὐτῶν
1924 3307 2097 3343 κατα-

468 3382 520 3422 ιο
545 3368 966 3448 μαρτυρούντων,
991 3368 1041 3427 ot
1063 3373 1162 3450 οὐχ
1179 3371 1364 3452 ἑτέρων
1379 3372 1635 3445 ἤκουσαν,
1659 3372 1774 3431 ἀλλ’
1793 3372 1939 3431 αὖτοὶ
1962 3364 2097 3444 ἦσαν

544 3458 592 3513 οἱ
619 3455 738 3535 περὶ
778 3459 879 3513 τῶν
920 3456 1208 3536 χρημάτων
1249 3458 1336 3516 καὶ
1378 3462 1480 3517 τῶν
1509 3458 1690 3539 δώρων
1722 3460 1851 3539 πρὸς
1887 3459 2097 3527 τούτους

541 3541 870 3620 πράττοντες.
957 3545 1018 3622 (s)
1053 3544 1236 3605 Καίτοι
1255 3550 1408 3604 τοῦτο
1429 3545 1651 3613 ἅπαντες
1683 3547 1989 3621 ἐπίστασθε,
2016 3546 2096 3605 ὅτι

543 3629 642 3708 οὐχ
667 3628 791 3688 ὅταν
829 3628 947 3697 τοὺς
987 3630 1062 3707 μὴ
1102 3629 1412 3708 δυναμένους
1437 3631 1607 3712 λέγειν
1647 3634 1901 3706 κολάζητε
1915 3679 1933 3711 ,
1978 3632 2096 3693 τότε

543 3714 691 3775 ἔσται
716 3716 1050 3797 παράδειγμα
1087 3724 1178 3777 τοῦ
1207 3718 1281 3796 μὴ
1319 3722 1451 3797 ὑμᾶς
1484 3720 1701 3799 ἀδικεῖν,
1736 3720 1853 3782 ἀλλ’
1901 3720 2096 3781 ὁπόταν

543 3802 686 3884 παρὰ
700 3807 802 3863 τῶν
817 3806 1111 3883 δυναμένων
1127 3805 1273 3880 δίκην
1285 3806 1614 3887 λαμὸάνητε,
1628 3808 1744 3867 τότε
1761 3808 1953 3878 πάντες
1966 3809 2097 3869 παύ-

545 3914 721 3951 σονται
750 3894 1124 3975 ἐπιχειροῦντες
1152 3896 1223 3962 εἰς
1245 3898 1381 3972 ὑμᾶς
1407 3893 1799 3975 ἐξαμαρτάνειν.
1885 3898 1951 3977 (s)
1986 3901 2094 3959 Νῦν

545 3979 590 4038 δ’
620 3983 865 4061 ἀσφαλῶς
893 3982 1062 4051 αὐτοῖς
1095 3980 1206 4062 ἔχει
1246 3980 1312 4041 τὰ
1340 3982 1565 4064 ὑμέτερα
1594 3983 1850 4045 κλέπτειν·
1902 3984 1966 4044 ἂν
2002 3984 2096 4063 μὲν

468 4082 515 4123 1⁶
541 4066 644 4146 γὰρ
690 4067 937 4143 λάθωσιν,
983 4070 1142 4136 ἀδεῶς
1193 4071 1364 4138 αὐτοῖς
1407 4066 1575 4139 ἕξουσι
1618 4075 1872 4151 χρῆσθαι·
1926 4071 1989 4131 ἂν
2040 4070 2093 4131 δὲ

545 4156 788 4234 ὀφθῶσιν,
817 4154 851 4227 ἢ
891 4156 1038 4238 μέρει
1063 4162 1167 4217 τῶν
1209 4157 1548 4234 ἀδικημάτων
1589 4158 1675 4218 τὸν
1714 4158 1947 4220 κίνδυνον
1989 4160 2097 4229 ἐξε-

544 4239 791 4319 πρίαντο,
824 4241 858 4313 ἢ
890 4246 961 4311 εἰς
998 4248 1174 4321 ἀγῶνα
1207 4246 1557 4314 καταστάντες
1586 4251 1652 4325 τῇ
1682 4250 1852 4307 αὑτῶν
1881 4248 2097 4327 δυνάμει

548 4326 836 4399 ἐσώθησαν.
861 4333 971 4391 Νῦν
993 4334 1184 4410 τοίνυν,
1209 4322 1252 4392 ὦ
1272 4334 1452 4414 ἄνδρες
1471 4334 1743 4414 δικασταί,
1763 4337 2097 4418 παράδειγμα

547 4412 788 4483 ποιήσετε
811 4420 916 4485 τοῖς
941 4418 1115 4487 ἄλλοις
1141 4420 1356 4488 δικαίοις
1377 4412 1537 4495 εἶναι,
1564 4422 1709 4503 παρὰ
1735 4424 1931 4483 τούτων
1952 4425 2097 4497 δίκην

548 4498 810 4567 λαθόντες.
897 4503 958 4582 (7)
1001 4502 1228 4565 Ἥκουσι
1265 4508 1320 4567 δὲ
1361 4508 1548 4577 πάντες
1581 4514 1630 4569 οἱ
1674 4509 1741 4569 τὰ
1775 4516 1866 4584 τῆς
1901 4512 2099 4581 πόλεως

550 4586 863 4665 πράττοντες
881 4593 979 4670 οὐχ
997 4596 1147 4669 ἡμῶν
1168 4596 1568 4675 ἀκροασόμενοι,
1593 4597 1710 4656 ἀλλ’
1737 4602 1872 4675 ὑμᾶς
1894 4601 2098 4677 εἰσόμε-

475 4693 528 4731 20
547 4696 624 4734 νοι
650 4674 828 4746 ἥντινα
852 4677 1064 4756 γνώμην
1085 4681 1204 4761 περὶ
1225 4686 1324 4741 τῶν
1351 4682 1664 4743 ἀδικούντων
1687 4684 1841 4754 ἕξετε.
1867 4685 2026 4747 Ὠιι-τ’
2052 4694 2096 4748 εἰ

558 4760 652 4837 μὲν
689 4764 1062 4844 ἀποψηφιεῖσθε
1105 4767 1316 4842 τούτων,
1365 4771 1507 4830 οὐδὲν
1554 4772 1714 4831 δεινὸν
1756 4774 1887 4843 δόξει
1930 4777 2101 4844 αὐτοῖς

557 4838 689 4907 εἶναι
706 4852 839 4926 ὑμᾶς
859 4850 1284 4925 ἐξαπατήσαντας
1305 4858 1363 4916 ἐκ
1378 4861 1476 4916 τῶν
1497 4859 1759 4939 ὑμετέρων
1773 4862 2097 4943 ὠφελεῖσθαι·

554 4934 643 4995 ἐὰν
683 4936 736 4996 δὲ
779 4943 1266 5022 καταψηφισάμενοι
1295 4946 1516 5007 θανάτου
1542 4947 1824 5026 τιμήσητε,
1853 4954 1919 5030 τῇ
1966 4954 2099 5032 αὐτῇ

553 5024 712 5108 ψήφῳ
730 5028 846 5095 τούς
864 5052 920 5088 τε
941 5029 1125 5099 ἄλλους
1147 5035 1520 5116 κοσμιωτέρους
1542 5032 1785 5108 ποιήσετε
1813 5040 1848 5109 ἢ
1871 5044 1959 5096 νῦν
1984 5041 2099 5112 εἶσι,

555 5114 644 5171 καὶ
667 5114 812 5196 παρὰ
828 5116 1020 5177 τούτων
1041 5119 1184 5193 δίκην
1210 5122 1474 5204 εἰληφότες
1495 5123 1690 5184 ἔσεσθε.
1742 5126 1807 5205 (8)
1836 5124 2101 5205 Ἧγοῢμαι

557 5199 621 5275 δ’,
647 5191 692 5261 ὦ
719 5202 896 5287 ἄνδρες
917 5206 1199 5283 Ἀθηναῖοι,
1223 5210 1324 5269 οὐδ’
1351 5212 1491 5290 εἰμὴ
1518 5212 1788 5295 προθέντες
1809 5216 1980 5283 αὐτοῖς
1998 5214 2103 5295 κρί-

2185 788 2279 837 vita
2311 790 2557 852 utriusque
2596 792 2815 840 nostram
2838 790 2989 854 probe
3022 790 3294 852 intellecta,
3328 788 3599 853 perpendite
3626 788 3715 835 utn'

2184 899 2325 951 tidem
2352 900 2575 953 adhibere
2607 903 2849 966 oporteat,
2885 902 3033 967 atque
3058 901 3169 952 inde
3206 914 3294 952 vos
3327 900 3525 951 minime
3556 912 3707 963 perra-

2182 1013 2309 1064 bitis.

2834 1296 3085 1377 xxvn.

2264 1440 2569 1502 CONTRA
2608 1442 3043 1503 EPICRATEM
3074 1444 3175 1504 ET
3208 1440 3651 1503 LEGATIONIS

2186 1538 2448 1599 SOCIOS
2478 1539 2876 1613 EPILOGUS,
2918 1540 3053 1601 UTI
3090 1540 3556 1602 THEODORUS
3584 1541 3725 1599 AlT.

2244 1716 2533 1777 Hucusque,
2563 1713 2895 1776 Athenienses,
2922 1712 3039 1764 satis
3056 1712 3239 1764 dictum
3268 1715 3343 1765 est
3362 1712 3426 1763 ab
3458 1714 3731 1765 accusatori·

2186 1804 2277 1856 bus
2288 1804 2514 1857 adversus
2530 1806 2797 1869 Epicratem
2809 1808 2859 1857 et
2874 1806 3121 1868 legationis
3136 1807 3305 1857 socios.
3324 1808 3564 1869 nepume
3578 1808 3731 1856 autem

2182 1898 2313 1963 quod
2330 1900 2506 1964 saepius
2532 1898 2803 1950 defensores
2820 1900 2983 1963 iatine,
3003 1901 3085 1951 ubi
3112 1894 3307 1963 perdere
3329 1901 3542 1964 aliquem
3568 1900 3735 1962 iniuste

2182 1993 2437 2055 volebant,
2486 1992 2647 2044 dicere
2689 1993 2964 2054 audivistis,
2996 1994 3133 2044 vobis
3176 2007 3375 2057 nempe,
3416 1994 3469 2043 ni
3498 2008 3586 2045 eos
3620 2008 3735 2057 quos

2186 2088 2275 2149 ipsi
2310 2087 2539 2149 jusserint
2585 2088 3037 2151 condemnaveritis,
3078 2088 3347 2139 mercedem
3385 2092 3599 2141 vestram
3640 2103 3737 2140 csse

2186 2180 2479 2233 defuturam.
2544 2183 2613 2248 (2)
2646 2185 2708 2234 Et
2737 2197 2867 2233 nunc
2904 2183 3213 2235 nihilominus
3242 2186 3433 2234 tantum
3466 2185 3606 2236 abest
3638 2198 3735 2235 rem

2188 2276 2255 2326 ita
2290 2278 2589 2341 contingere,
2632 2280 2686 2328 ut
2720 2277 2980 2328 multitudo
3006 2278 3200 2342 quidem
3232 2278 3521 2342 flagitiorum
3548 2283 3597 2331 et
3618 2281 3735 2330 infa-

2186 2367 2283 2417 mia
2314 2368 2363 2417 in
2387 2380 2476 2419 vos
2501 2368 2709 2431 accidat,
2746 2370 2925 2419 utilitas
2958 2382 3075 2419 vero
3106 2370 3157 2419 in
3182 2370 3324 2433 ipsos.
3390 2372 3595 2434 Experti
3628 2376 3737 2422 sunt

2187 2461 2313 2511 enim
2340 2462 2496 2525 quod,
2530 2476 2681 2526 quum
2712 2462 2803 2525 ipsi
2834 2465 2884 2513 et
2914 2476 3017 2513 suae
3044 2464 3257 2527 ipsorum
3280 2466 3523 2515 orationes
3544 2466 3739 2516 videan-

2188 2556 2268 2604 tur
2304 2567 2391 2605 vos
2434 2555 2671 2606 adducere
2709 2556 2772 2605 ad
2808 2557 3094 2607 sententiam
3132 2559 3306 2620 prater
3346 2558 3429 2620 ius
3468 2559 3711 2610 serendam
3724 2597 3739 2621 ,

2185 2644 2303 2691 tunc
2319 2643 2454 2693 facile
2470 2656 2500 2693 a
2521 2644 2612 2693 reis
2634 2646 2883 2707 pecuniam
2909 2644 3158 2708 accipiant.
3222 2646 3290 2709 (3)
3308 2648 3369 2696 At
3396 2647 3529 2695 enim
3552 2648 3741 2711 qualem

2186 2730 2353 2781 saiutis
2374 2744 2507 2794 spem
2526 2731 2703 2782 habere
2720 2744 2809 2782 nos
2830 2734 3017 2794 oportet
3028 2769 3045 2795 ,
3072 2744 3225 2796 quum
3242 2733 3519 2797 reipublicae
3542 2735 3677 2784 salus
3694 2736 3739 2784 in

2186 2818 2401 2880 pecuniis
2418 2818 2518 2873 ,sita
2534 2818 2626 2881 sit,
2644 2821 2790 2881 atque
2806 2818 2884 2869 isti
2910 2821 2995 2882 qui
3021 2832 3050 2869 a
3078 2820 3213 2870 vobis
3230 2820 3437 2871 civitatis
3453 2822 3682 2872 custodes
3696 2826 3743 2873 et

2188 2904 2566 2955 facinorosorum
2596 2905 2848 2955 hominum
2878 2906 3093 2958 vindices
3114 2908 3490 2970 constituuntur,
3522 2910 3742 2961 furentur

2186 2995 2367 3043 vestras
2388 2993 2640 3056 pecunias,
2656 2995 2707 3044 et
2724 2993 3004 3044 muneribus
3026 3008 3078 3046 se
3099 2996 3343 3059 corrumpi
3362 2996 3559 3047 sinant?
3580 3002 3744 3061 Neque

2188 3079 2330 3130 hodie
2366 3082 2575 3144 primum
2600 3081 2650 3131 in
2669 3081 2760 3131 hac
2783 3095 2838 3132 re
2860 3095 3081 3145 peccasse
3108 3084 3341 3147 compe-u
3365 3087 3509 3148 sunt,
3528 3086 3617 3136 sed
3644 3086 3743 3148 jam

2185 3168 2303 3218 olim
2328 3168 2527 3218 adducti
2552 3172 2666 3220 suut
2683 3170 2733 3219 in
2750 3169 2830 3232 ius
2846 3170 2909 3220 oh
2925 3173 3122 3234 accepta
3136 3184 3349 3222 munera.
3412 3172 3483 3236 (4)
3504 3176 3659 3224 Porro
3676 3177 3743 3225 est

2186 3256 2247 3306 de
2259 3255 2397 3306 vobis
2408 3255 2538 3320 quod
2552 3270 2745 3320 querar,
2760 3258 2907 3322 quiin
2920 3258 3134 3321 eiusdem
3147 3259 3359 3311 criminis
3374 3273 3521 3311 causa
3532 3265 3745 3312 onoma·

2186 3346 2371 3394 santem
2392 3344 2591 3407 quidem
2609 3345 3063 3409 condemnaveritis,
3084 3347 3214 3397 hunc
3228 3360 3345 3398 vero
3362 3349 3637 3411 Epion-atain
3654 3352 3741 3401 ab·

2184 3430 2435 3493 solveritis,
2446 3444 2591 3495 quem
2604 3446 2769 3483 omnes
2788 3436 3031 3498 accusant,
3046 3434 3285 3499 iidemque
3294 3438 3519 3500 premunt
3528 3438 3743 3489 testimo·

2186 3521 2285 3581 nio,
2306 3519 2389 3583 qui
2405 3532 2504 3569 non
2516 3525 2802 3584 acceperunt
2818 3521 3038 3585 aliunde,
3056 3522 3141 3573 sed
3161 3524 3195 3573 ii
3211 3524 3301 3587 ipsi
3316 3524 3511 3575 fuerunt
3524 3527 3613 3589 qui
3628 3540 3744 3577 cum

2188 3606 2288 3657 istis
2302 3607 2363 3657 de
2374 3608 2577 3670 pecunia
2590 3612 2738 3672 atque
2750 3609 2887 3661 donis
2898 3612 3115 3673 egerunt.
3180 3610 3250 3675 (5)
3265 3614 3491 3663 Attamen
3502 3614 3601 3664 hoc
3612 3618 3745 3665 nori-

2186 3696 2272 3745 stis
2288 3708 2472 3758 omnes,
2487 3710 2583 3746 non
2606 3698 2723 3747 tunc
2736 3711 2889 3762 quum
2909 3698 2972 3748 ab
2990 3699 3047 3749 iis
3066 3700 3265 3751 sumatis
3284 3700 3573 3764 supplicium
3592 3704 3681 3766 qui
3702 3704 3747 3753 in

2185 3783 2386 3834 dicendo
2404 3784 2599 3836 minime
2615 3786 2800 3849 valent,
2826 3786 3101 3851 exemplum
3120 3788 3223 3838 sore
3239 3801 3336 3851 quo
3354 3789 3435 3838 alii
3453 3803 3484 3839 a
3500 3793 3746 3853 peccando

2186 3876 2237 3925 in
2257 3890 2342 3927 vos
2358 3876 2714 3941 deterreantur-5
2734 3878 2819 3928 sed
2848 3892 3003 3941 quum
3020 3892 3051 3927 a
3067 3878 3255 3929 disertis
3268 3893 3433 3943 poenas
3453 3884 3745 3947 reposcens,

2186 3972 2304 4021 tunc
2328 3971 2526 4021 demum
2542 3985 2736 4035 omnes,
2755 3971 2990 4023 desituros
3011 3973 3062 4022 in
3076 3986 3161 4023 vos
3178 3973 3471 4037 delinquere.
3540 3976 3612 4039 (6)
3632 3980 3743 4027 Jam

2186 4069 2347 4117 autem
2371 4066 2474 4117 istis
2506 4069 2663 4118 vestra
2685 4068 2833 4118 stirari
2854 4068 3053 4131 impune
3074 4067 3203 4120 licet.
3228 4068 3283 4119 Si
3304 4070 3431 4119 enim
3453 4070 3667 4133 lateant,
3692 4074 3747 4121 iis

2186 4176 2353 4213 secure
2381 4164 2453 4213 uti
2474 4164 2725 4227 poterunt:
2754 4162 2829 4213 ain
2856 4162 3287 4228 deprehendantur,
3315 4164 3391 4214 vei
3418 4166 3556 4227 parte
3574 4180 3745 4217 eorum

2188 4266 2299 4315 quae
2316 4266 2401 4317 per
2428 4252 2657 4315 flagitium
2685 4265 2942 4315 paravere,
2960 4253 3229 4315 periculum
3258 4252 3521 4317 rediment,
3548 4256 3629 4305 vel
3654 4268 3743 4305 ειη

2188 4341 2397 4403 ipsorum
2411 4340 2634 4391 facundia
2650 4340 2984 4391 servabuntur.
3004 4343 3143 4391 Nunc
3160 4342 3319 4403 igitur,
3336 4340 3549 4405 iudices,
3572 4344 3743 4393 ceteris

2189 4427 2462 4491 exemplum
2482 4428 2656 4479 dabitis
2673 4429 2729 4476 ut
2744 4428 2873 4490 iuste
2894 4440 2945 4477 se
2969 4430 3160 4490 gerant,
3180 4429 3219 4479 si
3245 4429 3308 4479 ab
3328 4428 3432 4479 istis
3453 4430 3740 4493 supplicium

2188 4516 2496 4579 sumpseritis.
2534 4517 2601 4580 (7)
2614 4515 2798 4567 Adsunt
2806 4517 2965 4565 autem
2974 4529 3141 4567 omnes
3150 4516 3230 4581 qni
3244 4517 3519 4580 reipublicae
3534 4520 3743 4569 tractant

2190 4605 2378 4667 negotia
2390 4642 2405 4668 ,
2425 4618 2522 4655 non
2542 4605 2596 4653 ut
2617 4606 2829 4655 nostram
2856 4605 3119 4654 orationem
3138 4604 3365 4669 audiant,
3388 4605 3473 4657 sed
3492 4609 3550 4656 ut
3568 4609 3743 4659 inteni-

2190 4694 2303 4755 μαι
2314 4693 2509 4756 qualem
2523 4705 2611 4743 vos
2621 4693 2905 4743 sententiam
2919 4690 2980 4741 de
2994 4690 3210 4741 sontibus
3220 4690 3323 4741 sitis
3334 4690 3565 4741 habituri.
3584 4696 3747 4751 Quare

2190 4780 2231 4831 si
2254 4782 2369 4831 istos
2398 4780 2723 4842 absolveritiS,
2760 4780 2878 4829 nihil
2899 4779 3000 4841 iam
3030 4792 3173 4842 grave
3198 4778 3291 4829 iliis
3319 4778 3578 4843 videbitur,
3610 4782 3749 4833 vohis

2190 4868 2425 4932 deceptis,
2445 4883 2509 4919 ex
2528 4870 2697 4920 vestris
2714 4868 2926 4931 pecuniis
2952 4868 3180 4917 ditescere
3210 4888 3223 4917 ε
3289 4867 3363 4917 sin
3396 4868 3749 4921 condemnatos

2192 4960 2347 5008 morte
2366 4958 2727 5020 mulctaret-itis,
2748 4957 2915 5007 eodem
2929 4956 3115 5019 iudicio
3134 4957 3183 5005 et
3200 4958 3386 5006 ceteros
3402 4957 3753 5009 moderatiori-s

2192 5046 2403 5097 efficietis
2416 5059 2563 5111 quam
2582 5046 2723 5097 hodie
2735 5050 2847 5097 sunt
2859 5083 2875 5109 ,
2894 5047 2943 5096 et
2962 5044 3024 5095 ab
3042 5044 3145 5094 istis
3163 5044 3316 5106 iustas
3330 5056 3498 5108 poenas
3514 5051 3749 5110 acceperi·

2192 5134 2269 5185 tis.
2336 5135 2404 5199 (8)
2424 5134 2662 5199 Equidem
2684 5135 2907 5197 arbitror,
2930 5133 3263 5195 Athenienses,
3282 5146 3409 5196 non,
3432 5135 3473 5183 si
3492 5146 3577 5184 eos
3601 5137 3683 5187 vel
3708 5138 3751 5185 in

2190 5222 2271 5286 ius
2288 5236 2385 5272 non
2402 5222 2660 5285 deductos,
2678 5222 2757 5273 vei
2776 5234 2967 5273 causam
2984 5220 3143 5271 dicere
3159 5233 3253 5269 non
3274 5222 3533 5283 penuissos
3544 5260 3559 5285 ,
3580 5224 3751 5275 ultimo
