3825 5842
1311 432 1699 496 IsocRATls
1739 432 2151 497 EPISTOLAE.
2196 448 2249 499 5.

3248 460 3359 515 289

77 559 385 637 4155μοίους
413 548 545 619 εἶναι
571 558 791 637 νομίζων
808 557 925 627 τοὺς
943 559 1072 639 ὑπὲρ
1092 560 1244 619 αὑτὸν
1267 560 1446 640 ὄντας,
1479 560 1616 621 ἀλλὰ
1644 561 1728 619 διὰ
1761 582 1795 623 a
1831 573 2102 635 nescioquo
2119 574 2292 625 timore
2307 577 2384 626 est
2401 575 2679 639 retardatus,
2704 594 2799 631 non
2822 583 2949 647 quod
2970 598 3133 637 omnes
3148 587 3195 637 in
3218 589 3373 640 altiori

179 648 272 715 τὰς
299 647 428 726 πρὸς
446 646 667 714 ἐκείνους
693 647 1038 726 γεγενημένας
1061 648 1361 729 δυσχερείας
1387 649 1622 728 καὶπρὸς
1642 647 1736 715 τὰς

177 734 302 814 παρ’
346 738 492 813 ὑμῶν
521 733 732 801 ἐλπίδας
761 735 1072 815 ἀθυμότερος
1111 726 1192 808 ἦν,
1235 734 1622 817 παραπλήσιον,
1668 740 1738 801 ὡς

178 823 299 899 ἐμοὶ
341 823 506 894 δοκεῖ,
545 820 810 887 πεπονθὼς
849 826 954 881 τῶν
997 822 1359 883 πεπλευκότων
1403 822 1554 895 τισίν,
1588 820 1636 881 οἳ
1677 822 1736 881 τὸ

103 937 128 975 5
177 913 384 989 πρῶτον
413 906 535 965 ὅταν
571 908 874 989 χρήσωνται
913 907 1396 987 χειμῶσιν,·οὗκε’τι
1433 914 1734 990 θαρροῦντες

179 995 528 1054 εἷσὸαίνουσιν
557 998 629 1065 εἷς
655 996 938 1073 θάλατταν,
970 996 1158 1077 καίπερ
1200 996 1386 1063 εἰδότες
1413 994 1493 1055 ὅτι
1517 997 1608 1055 καὶ
1638 1020 1734 1055 κα-

177 1085 269 1143 λοῦ
288 1085 423 1141 πλοῦ
449 1083 697 1159 πολλάκις
720 1087 980 1165 ἐπιτυχεῖν
1003 1083 1161 1144 ἔστιν.
1185 1086 1268 1143 Oi·
1295 1084 1398 1161 μὴν
1423 1083 1536 1142 ἀλλ’
1557 1082 1734 1155 ἐπειδὴ

179 1169 466 1241 συνέστηκε
494 1193 603 1243 σοι,
632 1173 803 1239 καλῶς
820 1174 976 1231 ποιεῖ.

180 1258 452 1330 συνοίσειν,
477 1258 709 1334 μάλιστα
739 1258 833 1335 μὲν
860 1260 924 1337 τῇ
955 1258 1313 1339 φιλανθρωπίᾳ
1350 1262 1414 1338 τῇ
1444 1264 1509 1339 σῇ
1539 1282 1731 1338 στοχα-

112 1375 158 1414 10
179 1344 419 1421 ζόμενος,
451 1345 516 1416 ἣν
545 1344 683 1423 ἔχειν
708 1344 992 1425 ὓπείληψαι
1014 1345 1160 1425 παρὰ
1188 1354 1292 1413 τοῖς
1319 1346 1501 1415 ἔξωθεν
1529 1344 1732 1425 ἀνθρώ*

179 1455 323 1504 ποις,
342 1434 520 1491 ἔπειτα
541 1430 760 1508 νομίζων
776 1434 869 1491 οὐκ
886 1435 1083 1511 ἀγνοεῖν
1110 1436 1243 1509 ὑμᾶς
1262 1432 1340 1492 ὅτι
1362 1432 1568 1491 πάντων
1595 1432 1732 1491 ἐστὶν

178 1520 392 1591 ἥδιστον
414 1520 504 1579 καὶ
527 1519 949 1578 λυσιτελέστατον
973 1520 1186 1587 πιστοὺς
1207 1520 1319 1596 ἅμα
1339 1520 1428 1580 καὶ
1445 1520 1733 1601 χρησίμους

179 1606 358 1686 φίλους
378 1612 599 1666 κτᾶσθαι
628 1615 742 1673 ταῖς
769 1608 1108 1689 εὐεργεσίαις,
1139 1608 1366 1676 καὶτοὺς
1394 1606 1650 1673 τοιούτους
1677 1598 1733 1666 εὗ

177 1699 347 1754 ποιεῖν
376 1695 506 1776 ὑπὲρ
531 1686 603 1753 ὧν
627 1695 813 1754 πολλοὶ
834 1696 924 1753 καὶ
949 1700 1052 1753 τῶν
1077 1696 1249 1755 ἄλλων
1273 1697 1394 1774 ὑμῖν
1417 1697 1572 1776 χάριν
1596 1695 1734 1764 ἔξου·

108 1806 154 1845 ιε
177 1806 279 1841 σιν.
360 1781 614 1849 Ἅπαντες
648 1782 750 1864 γὰρ
781 1786 828 1843 οἱ
855 1783 1120 1861 χαρίεντες
1149 1782 1265 1850 τοὺς
1299 1785 1403 1852 τοῖς
1443 1783 1735 1849 σπουδαίοις

179 1874 282 1929 τῶν
317 1871 514 1959 ἀνδρῶν
559 1872 731 1937 καλῶς
773 1873 1076 1947 ὁμιλοῦντας
1115 1870 1304 1947 ὁμοίως
1334 1872 1600 1929 ἐπαινοῦσι
1642 1870 1731 1929 καὶ
1755 1890 1791 1930 c
1825 1892 2001 1943 virtute
2031 1895 2147 1945 viris
2174 1896 2399 1947 honorem
2424 1899 2625 1963 habent,

179 1960 420 2035 τιμῶσιν,
451 1955 628 2037 ὥσπερ
656 1956 802 2014 αὐτοὶ
824 1960 927 2015 τῶν
951 1958 1208 2036 ὠφελειῶν
1239 1956 1598 2023 ἀπολαύοντες.

262 2064 332 2103 10.
375 2042 532 2103 Ἀλλὰ
551 2042 652 2123 γὰρ
673 2043 913 2103 Διόδοτον
931 2044 1084 2101 αὐτὸν
1107 2034 1254 2119 οἶμαι
1276 2043 1506 2121 μάλιστά
1525 2068 1582 2101 σε
1605 2067 1732 2123 προ·

181 2130 472 2212 τρέψεσθαι
513 2129 638 2211 πρὸς
663 2130 722 2189 τὸ
765 2130 1048 2210 φροντίζειν
1085 2134 1261 2189 αὑτοῦ.
1343 2129 1648 2192 Συνέπειθον
1677 2132 1732 2188 δὲ

109 2245 158 2283 20
183 2219 274 2277 καὶ
295 2232 386 2277 τὸν
412 2216 519 2275 υἱὸν
539 2220 696 2277 αὐτοῦ
723 2222 826 2277 τῶν
854 2217 1117 2297 ὑμετέρων
1147 2216 1454 2297 ἀντέχεσθαι
1485 2217 1734 2298 πραγμά-

181 2331 305 2377 των,
325 2298 712 2384 καὶ’παραδόνθ’
733 2311 853 2382 ὑμῖν
873 2306 1025 2364 αὑτὸν
1041 2304 1217 2385 ὥσπερ
1238 2305 1474 2382 μαθητὴν
1495 2308 1567 2371 εἰς
1585 2304 1736 2381 τοῦμ-

187 2397 377 2473 προσθε
393 2398 700 2472 πειραθῆναι
719 2395 1000 2473 προελθεῖν.
1025 2392 1093 2453 Ὁ
1118 2394 1170 2451 δὲ
1193 2390 1358 2452 ταῦτά
1379 2416 1478 2469 μου
1500 2389 1737 2470 λέγοντος

188 2482 451 2557 ἐπιθυμεῖν
474 2480 566 2555 μὲν
592 2479 786 2560 ἔφασκε
803 2485 894 2549 τῆς
916 2479 1166 2559 ὑμετέρας
1183 2478 1378 2560 φιλίας,
1397 2482 1453 2538 οὐ
1475 2480 1579 2553 μὴν
1600 2478 1734 2539 ἀλλὰ

183 2566 552 2644 παραπλήσιόν
579 2590 631 2624 τι
661 2567 971 2627 πεπονθέναι
997 2567 1125 2646 πρὸς
1153 2565 1314 2637 αὐτὴν
1341 2566 1430 2624 καὶ
1455 2564 1582 2646 πρὸς
1620 2567 1736 2633 τοὺς
1759 2557 1802 2621 d

109 2682 158 2722 25
184 2653 490 2734 στεφανίτας
539 2654 766 2732 ἀγῶνας·
809 2654 899 2731 (ιι)
962 2653 1182 2719 ἐκείνους
1224 2676 1280 2710 τε
1320 2652 1422 2731 γὰρ
1456 2662 1602 2710 νικᾶν
1640 2652 1733 2730 μὲν

184 2740 246 2799 ἂν
292 2742 593 2821 βούλεσθαι,
617 2740 910 2811 καταὸῆναι
933 2742 979 2799 δ’
1010 2744 1079 2809 εἷς
1107 2740 1288 2806 αὐτοὺς
1315 2742 1408 2798 οὐκ
1437 2738 1499 2799 ἂν
1531 2744 1733 2817 τολμῆ-

182 2853 272 2889 σαι
315 2828 398 2887 διὰ
428 2829 486 2887 τὸ
522 2828 596 2905 μὴ
629 2828 1004 2907 μετεσχηκέναι
1033 2828 1210 2905 ῥώμης
1246 2826 1389 2895 ἀξίας
1413 2830 1516 2885 τῶν
1544 2828 1734 2909 στεφά-

181 2942 302 2990 νων,
326 2920 430 2974 τῶν
449 2940 506 2975 τε
539 2916 662 2996 παρ’
686 2918 828 2993 ὑμῶν
855 2920 1019 2993 τιμῶν
1047 2914 1288 2984 εὔξασθαι
1318 2912 1410 2991 μὲν
1458 2913 1520 2973 ἂν
1543 2916 1736 2995 τυχεῖν,

181 3004 439 3085 ἐφίξεσθαι
467 3004 510 3061 δ’
535 3006 700 3062 αὐτῶν
731 3006 788 3062 οὗ
813 3004 1129 3082 προσδοκᾶν·
1157 3001 1250 3073 τήν
1279 3025 1334 3061 τε
1368 3001 1468 3083 γὰρ
1499 3002 1736 3083 ἀπειρίαν

108 3118 158 3159 ³0
180 3092 274 3163 τὴν
313 3096 470 3151 αὑτοῦ
512 3093 950 3171 καταπεπλῆχθαι
990 3090 1080 3150 καὶ
1119 3088 1212 3160 τὴν
1251 3088 1597 3170 λαμπρότητα
1641 3092 1736 3160 τὴν

1823 658 2063 720 dignitatis
2084 662 2231 725 gradu
2274 664 2533 715 collocatos
2570 668 2747 718 similes
2777 683 2885 721 esse
2922 673 3043 722 inter
3063 688 3116 724 se
3148 681 3361 739 putaret,

1823 746 1906 795 sed
1946 747 2058 810 quia
2095 748 2316 799 difficiles
2350 752 2551 801 aliorum
2590 768 2747 806 mores
2776 764 3001 821 expertus
3042 762 3201 813 minus
3233 765 3369 814 avide

1825 845 1961 895 spem
1974 870 1989 893 ,
2011 849 2121 896 quae
2138 850 2167 885 a
2185 838 2321 887 vobis
2338 842 2692 902 ostendebatur,
2719 845 2939 907 amplecti
2962 848 3180 898 audebat.
3200 854 3255 899 In
3278 865 3375 913 quo

1823 918 1951 969 idem
1970 908 2038 969 i'lli
2056 923 2285 975 accidisse
2308 924 2507 980 videtur,
2528 929 2657 989 quod
2676 932 2997 993 navigantium
3020 934 3274 1001 plerisque,
3290 939 3373 1001 qui

1825 1005 1908 1055 ubi
1930 1011 2077 1057 semel
2103 1010 2151 1059 in
2172 1016 2477 1073 tempestates
2494 1014 2786 1079 inciderunt,
2806 1032 3051 1081 nunquam
3070 1025 3249 1072 securis
3272 1026 3367 1073 ani·

1825 1094 1919 1143 mis
1942 1108 2073 1145 mare
2100 1096 2444 1162 ingrediuntur,
2467 1102 2559 1151 etsi
2575 1104 2751 1162 ‚sciunt
2778 1118 2903 1167 saepe
2927 1120 3197 1171 prosperam
3230 1116 3373 1161 etnam

1065 1173 1132 1249 (9)
1157 1170 1444 1250 Λογίζομαι
1466 1171 1568 1251 γὰρ
1593 1173 1733 1251 αὐτῷ
1757 1173 1801 1235 b
1827 1182 2171 1245 navigationem
2189 1186 2341 1235 solere
2361 1190 2647 1251 contingere.
2673 1192 2763 1241 Sed
2783 1195 3005 1255 quoniam
3026 1195 3114 1245 tibi
3134 1210 3373 1250 commen·

1820 1269 1965 1319 datus
1987 1273 2086 1329 est,
2109 1271 2230 1323 bene
2250 1273 2429 1323 factum
2449 1281 2539 1326 est.
2608 1280 2675 1340 (9)
2701 1282 2820 1329 Puto
2852 1282 2978 1330 enim
2998 1282 3047 1331 id
3068 1284 3135 1333 illi
3159 1288 3372 1348 profutu-

1820 1370 1945 1417 rum,
1966 1358 2179 1419 inprimis
2199 1359 2246 1409 id
2262 1361 2515 1423 conjiciens
2532 1376 2590 1413 ex
2610 1368 2692 1413 tua
2712 1366 3020 1428 humanitate,
3041 1383 3149 1432 quae
3171 1371 3231 1421 ab
3250 1378 3375 1423 exle-

1821 1445 1886 1493 ris
1901 1445 2173 1495 hominibus
2192 1448 2502 1511 praedicatur3
2520 1451 2689 1501 deinde
2704 1467 2789 1503 vos
2806 1457 3051 1517 przeterire
3066 1472 3156 1507 non
3173 1460 3376 1509 arbitror

1821 1533 1939 1583 nihil
1956 1547 2059 1584 esse
2083 1536 2157 1584 vel
2180 1538 2379 1587 suavius
2396 1540 2473 1589 vel
2494 1542 2681 1603 utilius,
2702 1557 2847 1604 quam
2872 1544 3035 1595 fideles
3050 1548 3193 1597 simul
3212 1556 3263 1598 et
3284 1552 3375 1600 uti-

1823 1623 1891 1673 les
1909 1626 2087 1677 amicos
2106 1640 2269 1689 parare
2284 1628 2519 1681 beneficiis
2530 1667 2547 1694 ,
2572 1636 2621 1681 et
2638 1632 2699 1684 de
2722 1635 2893 1685 talibus
2913 1638 3030 1687 viris
3046 1637 3167 1688 bene
3184 1643 3374 1701 mereri,

1825 1717 2018 1779 propter
2040 1730 2161 1779 quos
2182 1718 2328 1767 multi
2348 1719 2491 1769 etiam
2509 1720 2589 1771 alii
2607 1718 2803 1783 gratiam
2839 1726 2977 1775 vobis
3002 1727 3213 1777 habituri
3242 1736 3371 1779 sunt.

1822 1808 2002 1854 Omnes
2023 1805 2149 1854 enim
2172 1806 2350 1858 boniet
2372 1808 2499 1859 docti
2515 1824 2597 1859 eos
2611 1847 2625 1871 ,
2640 1812 2723 1872 qui
2746 1816 3083 1874 praestantibus
3100 1816 3309 1869 doctrina
3326 1824 3375 1869 et

2645 1915 2741 1951 non
2770 1904 2930 1954 minus
2949 1906 3147 1957 laudant
3167 1912 3217 1957 et
3235 1922 3377 1959 vene-

1819 1988 2003 2043 rantur,
2026 1998 2169 2047 quam
2188 1988 2228 2035 si
2252 1987 2299 2035 in
2320 1987 2449 2050 ipsos
2470 1989 2640 2039 collata
2659 1990 2858 2041 fuissent
2872 1996 3050 2045 omnia.

1885 2078 1961 2121 ιο.
1996 2072 2092 2123 Sed
2126 2074 2283 2136 ipsum
2318 2076 2577 2127 Diodotum
2615 2084 2781 2143 suapte
2814 2082 3116 2144 potissimum
3138 2085 3373 2138 industris

1820 2158 2104 2212 effecturum
2116 2177 2221 2213 esse
2242 2165 2463 2227 arbitror,
2484 2172 2537 2217 ut
2556 2169 2631 2217 sui
2647 2182 2813 2219 curam
2828 2186 2979 2233 geras.
3016 2178 3198 2225 Auctor
3210 2182 3371 2227 autem

1822 2254 1967 2303 etiam
1996 2268 2101 2317 eJus
2128 2256 2225 2306 filio
2248 2258 2345 2319 fui,
2370 2264 2427 2309 ut
2448 2273 2501 2309 se
2518 2261 2577 2309 ad
2598 2274 2685 2311 vos
2704 2265 2963 2327 conferret,
2988 2280 3135 2330 seque
3166 2270 3303 2318 vobis
3324 2272 3374 2320 in

1823 2342 2119 2405 disciplinam
2135 2347 2271 2407 quasi
2289 2348 2463 2399 tradito
2480 2351 2704 2412 proficere
2726 2355 2869 2415 atque
2891 2369 3047 2417 operae
3074 2359 3279 2419 pretium
3307 2361 3370 2408 fa-

1823 2452 1931 2489 cere
1943 2444 2161 2490 conaretu
2168 2456 2206 2493 r.
2218 2445 2355 2501 Quod
2367 2458 2515 2509 quum
2526 2460 2585 2495 ex
2600 2460 2680 2497 me
2692 2450 2920 2508 audisset.
2932 2465 2983 2501 se
2995 2454 3187 2515 quidem
3204 2462 3375 2507 vestrm

1823 2528 2042 2579 amicitioe
2066 2532 2382 2594 percupidum
2393 2547 2505 2612 esse
2525 2536 2671 2597 dixit,
2692 2538 2777 2588 sed
2798 2541 2965 2590 eodem
2988 2556 3094 2593 esse
3111 2558 3221 2607 erga
3242 2546 3373 2596 illam

1822 2624 2006 2686 animo,
2037 2640 2133 2688 quo
2169 2641 2279 2689 erga
2314 2633 2574 2681 certamina
2614 2637 2861 2685 coronaria
2891 2651 2903 2684 :
2931 2639 3027 2701 (11)
3053 2653 3225 2703 cupere
3246 2644 3374 2692 enim

1823 2714 1985 2764 inillis
2009 2716 2253 2766 victoriam
2273 2721 2497 2783 consequi
2515 2760 2529 2783 ‚
2563 2724 2647 2773 sed
2675 2724 2733 2773 ad
2754 2738 2809 2775 ea
2831 2731 3075 2791 propterea
3091 2730 3377 2783 descendere

1823 2818 1916 2853 non
1946 2805 2121 2855 audere
2134 2842 2150 2867 ,
2175 2808 2305 2869 quod
2328 2810 2417 2860 sibi
2443 2812 2567 2861 vires
2587 2814 2776 2864 coronis
2796 2815 2961 2877 dignas
2979 2817 3143 2869 deesse
3165 2820 3375 2871 animad-

1823 2905 2006 2963 vertat,
2025 2900 2287 2966 eodemque
2308 2905 2451 2955 modo
2483 2920 2536 2957 se
2562 2912 2725 2972 optare
2750 2912 2943 2972 quidem
2970 2914 3170 2965 honores
3187 2928 3215 2964 a
3237 2918 3376 2968 vobis

1822 2994 2075 3057 consequi,
2099 2995 2183 3045 sed
2206 3009 2311 3046 eam
2349 2998 2439 3047 sibi
2462 2998 2730 3052 facultatem
2762 3010 2979 3066 negatam
3006 3020 3113 3058 esse
3134 3010 3367 3060 arbitrari.

1823 3090 1943 3138 Nam
1964 3094 2013 3139 et
2033 3090 2266 3153 imperitia
2288 3107 2375 3143 sua
2398 3099 2448 3144 et
2468 3097 2714 3159 splendore
2730 3106 2887 3151 vestro
2907 3115 2959 3151 se
2976 3103 3218 3156 deterreri.
3264 3110 3371 3158 Huc

183 3180 458 3255 ὑμετέραν,
483 3179 557 3237 ἔτι
585 3177 638 3237 δὲ
662 3178 752 3236 καὶ
778 3178 838 3235 τὸ
865 3177 1129 3251 σωμάτιον
1148 3179 1242 3235 οὐκ
1265 3176 1492 3255 εὐκρινὲς
1513 3176 1588 3249 ὄν,
1615 3180 1731 3235 ἀλλ’
1761 3192 1798 3234 e
1827 3178 2047 3230 accedere
2062 3184 2395 3243 corpusculum
2414 3198 2604 3249 quoque
2624 3188 2780 3238 minus
2797 3204 2967 3241 sanum
2983 3196 3267 3245 etnonnulla
3278 3211 3371 3247 non

181 3266 303 3346 ἔχον
334 3267 464 3324 ἄττα
492 3264 634 3339 σίνη,
674 3265 897 3342 νομίζειν
927 3266 1192 3343 ἐμποδιεῖν
1224 3263 1377 3323 αὑτὸν
1410 3264 1537 3343 πρὸς
1565 3263 1734 3323 πολλὰ

182 3358 286 3412 τῶν
312 3352 654 3434 πραγμάτων.

263 3459 333 3500 12.
375 3431 543 3506 Οὗτος
571 3439 664 3515 μὲν
699 3428 808 3516 οὗν,
837 3436 870 3495 ὅ
891 3460 942 3495 τι
982 3436 1045 3495 ἂν
1091 3438 1232 3517 αὐτῷ
1278 3438 1402 3516 δοκῇ
1433 3435 1734 3517 συμφέρειν,

101 3552 152 3588 35
178 3532 331 3585 τοῦτο
368 3525 578 3605 πράξει·
608 3524 671 3583 σὺ
701 3526 766 3603 δ’,
791 3523 880 3583 ἐάν
921 3547 980 3583 τε
1005 3523 1126 3603 περὶ
1153 3528 1289 3600 ὑμᾶς
1326 3523 1414 3581 ἐάν
1443 3525 1487 3582 θ’
1513 3523 1736 3607 ἡσυχίαν

83 3638 110 3683 4
121 3614 320 3693 ιὸἔχων
345 3611 583 3694 διατρίὸῃ
608 3612 727 3692 περὶ
754 3610 960 3679 τούτους
979 3612 1097 3679 τοὺς
1120 3610 1332 3684 τόπους,
1365 3606 1612 3689 ἐπιμελοῦ
1641 3613 1732 3671 καὶ

182 3706 286 3759 τῶν
313 3700 485 3759 ἄλλων
509 3702 602 3776 μὲν
626 3699 887 3772 ἁπάντων,
905 3692 976 3758 ὧν
1001 3698 1063 3757 ἂν
1085 3698 1318 3779 τυγχάνῃ
1344 3697 1607 3775 δεόμενος,
1629 3700 1733 3777 μά-

182 3789 337 3845 λιστα
361 3786 416 3845 δὲ
435 3790 528 3857 τῆς
553 3786 837 3863 ἀσφαλείας
861 3784 1062 3857 καὶτῆς
1085 3786 1264 3845 τούτου
1286 3784 1374 3843 καὶ
1395 3791 1487 3857 τῆς
1513 3792 1604 3845 τοῦ
1626 3812 1730 3846 πα·

181 3874 299 3953 τρὸς
322 3876 510 3944 αὐτοῦ,
534 3873 749 3949 νομίσας
776 3872 952 3951 ὥσπερ
978 3871 1425 3953 παρακαταθήκην
1455 3873 1592 3952 ἔχειν
1615 3881 1733 3933 τοῦ-

109 3988 160 4025 40
181 3984 269 4019 τον
286 3960 434 4039 παρά
461 3983 517 4017 τε
532 3965 623 4017 τοῦ
643 3959 814 4039 γήρως
833 3963 1000 4035 ἡμῶν,
1025 3958 1053 4018 ὃ
1075 3958 1436 4037 προσηκόντως
1459 3958 1521 4017 ἂν
1538 3963 1734 4033 πολλῆς

187 4048 432 4127 τυγχάνοι
457 4047 727 4127 προνοίας,
753 4048 844 4105 καὶ
870 4052 962 4117 τ’ἧς
990 4046 1135 4118 δόξης
1164 4051 1254 4116 τ’ῆς
1295 4046 1654 4127 ὑπαρχούσης,
1688 4047 1738 4105 εἴ

182 4158 316 4201 τινος
344 4134 447 4215 ἄρα
467 4136 693 4204 σπουδῆς
722 4138 857 4192 ἐστιν
884 4132 1027 4205 ἀξία,
1056 4132 1257 4204 καὶτῆς
1279 4133 1474 4199 εὐνοίας
1499 4138 1592 4205 τῆς
1613 4134 1734 4214 περὶ

185 4226 346 4297 ὑμᾶς,
368 4222 433 4293 ἣν
459 4220 592 4301 ἔχων
623 4220 830 4279 ἅπαντα
855 4220 942 4291 τὸν
975 4220 1158 4300 χρόνον
1188 4218 1534 4279 διατετέλεκα.
1638 4224 1729 4299 (13)

185 4309 298 4369 Καὶ
344 4308 419 4385 μὴ
464 4307 737 4385 θαυμάσῃς
766 4306 887 4384 μήτ’
929 4311 974 4365 εἰ
1015 4306 1339 4385 μακροτέραν
1376 4304 1610 4388 γέγραφα
1638 4305 1733 4378 τὴν

106 4426 156 4464 45
183 4392 480 4467 ἐπιστολήν,
508 4394 631 4471 μήτ’
653 4394 701 4452 εἴ
724 4417 773 4451 τι
801 4393 1183 4474 περιεργότερον
1206 4393 1294 4451 καὶ
1315 4393 1734 4471 πρεσὸυτικώτε-

183 4504 270 4559 ρον
292 4481 574 4560 εἰρήκαμεν
600 4485 653 4539 ἔν
679 4484 806 4560 αὖτῇ
821 4506 836 4519 ·
863 4478 1069 4539 πάντων
1091 4480 1192 4560 γὰρ
1212 4485 1312 4538 τῶν
1336 4481 1510 4539 ἄλλων
1535 4482 1733 4557 ἀμελῆ·

179 4590 277 4634 σας
331 4569 441 4634 ἑνὸς
483 4566 639 4642 μόνου
689 4568 989 4647 ἐφρόντισα,
1029 4574 1118 4625 τοῦ
1159 4572 1382 4647 φανῆναι
1431 4569 1734 4637 σπουδάζων

183 4655 314 4735 ὑπὲρ
343 4657 544 4735 ἀνδρῶν
587 4654 750 4737 φίλων
778 4656 868 4713 καὶ
904 4653 1360 4736 προσφιλεστάτων
1391 4678 1478 4732 μοι
1517 4678 1732 4733 γεγενη-

183 4740 372 4819 μένων.
535 4798 540 4805 .
990 4764 994 4767 ’

923 4838 989 4895 Ε.

706 4963 1183 5046 ΑΛΕΞΑΝΑΡῼ.

105 5115 156 5154 ⁶⁰
259 5100 404 5180 Πρὸς
444 5099 530 5158 τὸν
573 5100 776 5181 πατέρα
817 5123 908 5160 σου
953 5102 1166 5181 γράφων
1214 5098 1490 5171 ἐπιστολὴν
1537 5100 1727 5159 ἄτοπον

181 5186 334 5269 ᾤμην
359 5186 614 5257 ποιήσειν,
643 5190 690 5245 εἰ
711 5187 828 5267 περὶ
850 5188 936 5247 τὸν
958 5188 1112 5247 αὐτὸν
1137 5187 1348 5269 ὄντα-σὲ
1370 5192 1527 5247 τόπον
1551 5188 1728 5247 ἐκείνω

398 5300 527 5336 isoes
537 5300 660 5335 mss.

1823 3274 2003 3338 integra
2025 3277 2205 3329 habens
2220 3312 2236 3339 ,
2254 3279 2384 3342 quod
2406 3282 2648 3333 existimet
2672 3284 2721 3333 in
2739 3285 2905 3336 multis
2934 3287 3026 3337 sibi
3055 3290 3201 3339 rebus
3232 3291 3375 3354 impe-

1823 3364 2035 3417 dimento
2058 3368 2169 3418 rore.

1890 3464 1965 3507 12.
1998 3461 2060 3509 Et
2080 3460 2159 3509 hic
2173 3462 2389 3523 quidem,
2408 3464 2537 3526 quod
2559 3478 2586 3514 e
2606 3478 2655 3515 re
2677 3479 2763 3515 sua
2784 3480 2891 3517 esse
2912 3470 3124 3531 putabit,
3142 3471 3192 3520 id
3216 3471 3371 3522 saciet.

1825 3557 1939 3607 Sive
1954 3562 2116 3608 autem
2138 3560 2199 3609 ad
2212 3574 2301 3611 vos
2318 3576 2370 3612 se
2387 3565 2665 3626 contulerit,
2686 3566 2789 3617 sive
2805 3567 2953 3629 quieti
2972 3569 3165 3631 otioque
3186 3570 3375 3621 deditus

1819 3653 1868 3704 in
1889 3656 2019 3707 hisce
2042 3658 2157 3708 locis
2176 3660 2463 3723 versabitur,
2487 3676 2617 3713 curae
2634 3665 2719 3713 tibi
2736 3678 2843 3717 esse
2862 3666 3008 3715 velim
3020 3703 3037 3729 ,
3052 3681 3203 3729 quum
3218 3674 3374 3719 cetera

1820 3753 1997 3815 quibus
2019 3756 2247 3817 indigebit
2264 3760 2420 3809 omnia
2440 3764 2493 3809 ut
2513 3762 2875 3823 subministres,
2903 3766 3005 3812 tum
3029 3778 3142 3813 vero
3160 3770 3210 3815 et
3228 3766 3373 3829 hujus

1820 3856 1870 3901 et
1893 3855 2098 3913 parentis
2115 3858 2218 3916 eius
2240 3856 2336 3905 vita
2358 3858 2405 3905 in
2428 3861 2533 3909 tuto
2557 3862 2612 3908 ut
2628 3860 2896 3909 collocetur.
2930 3863 3214 3912 Existimare
3238 3867 3368 3915 enim

1821 3949 1967 4000 debes
1996 3956 2041 4000 te
2064 3952 2191 4002 hunc
2214 3955 2439 4017 tanquam
2468 3956 2737 4019 depositum
2761 3958 2935 4008 babere
2969 3973 2998 4008 a
3029 3965 3271 4011 senectute
3292 3976 3371 4011 n0;

1822 4053 1944 4111 stra,
1965 4064 2075 4114 quoe
2094 4052 2285 4102 minime
2303 4058 2430 4105 certe
2452 4056 2725 4117 negligenda
2750 4062 2850 4119 est,
2871 4062 2919 4108 et
2936 4058 2997 4107 ab
3018 4072 3074 4108 ea
3091 4063 3373 4111 auctoritate

1821 4164 1967 4211 quem
2002 4150 2261 4213 habemus,
2316 4152 2359 4202 si
2396 4166 2491 4215 qua
2530 4154 2651 4204 rorte
2681 4168 2795 4203 cura
2837 4156 3073 4206 videbitur
3114 4158 3279 4219 digna,
3321 4165 3371 4209 et

1820 4250 1880 4298 ab
1899 4263 1955 4298 ea
1974 4249 2299 4301 benevolentia
2312 4287 2327 4311 ,
2348 4266 2441 4314 qua
2459 4265 2547 4303 vos
2563 4267 2647 4315 per
2663 4266 2853 4303 omnem
2872 4260 3061 4304 aetatem
3076 4270 3185 4305 sum
3214 4272 3371 4320 prose·

1821 4350 1981 4395 cutus.
2014 4346 2111 4407 (13)
2136 4350 2299 4409 Neque
2322 4348 2533 4410 mirem,
2555 4349 2597 4396 si
2619 4350 2693 4397 vel
2722 4330 3025 4411 prolixiorem
3062 4352 3228 4413 scripsi
3266 4354 3367 4416 epi-

1820 4443 2016 4506 stolam,
2042 4444 2119 4492 vel
2152 4445 2331 4507 aliquid
2350 4446 2397 4494 in
2419 4460 2475 4495 ea
2492 4446 2707 4495 inutilius
2726 4452 2772 4495 et
2793 4448 2989 4497 seruilius
3006 4447 3232 4497 diximus.
3270 4454 3370 4512 Ego

1821 4543 1949 4592 enim
1982 4544 2210 4605 neglectis
2240 4546 2408 4594 ceteris
2443 4544 2584 4595 rebus
2619 4547 2842 4595 omnibus
2870 4548 2918 4594 in
2961 4548 3051 4597 hoc
3083 4561 3229 4597 unum
3268 4554 3367 4598 toto

1819 4638 1981 4686 animo
2008 4638 2216 4686 intentus
2235 4638 2330 4699 sui,
2355 4644 2407 4687 ut
2432 4642 2677 4701 appareret
2707 4641 2823 4689 mihi
2848 4644 3070 4693 maximae
3102 4658 3228 4693 curae
3259 4658 3365 4695 esse

1819 4734 2079 4783 amicorum
2102 4734 2379 4789 commoda,
2399 4748 2521 4797 quos
2538 4749 2726 4785 summa
2751 4738 2943 4787 caritate
2970 4741 3274 4802 complector.

2565 4852 2620 4901 5.

2328 4976 2810 5036 ALEXANDRO.

1878 5110 2039 5163 Quum
2063 5106 2123 5155 ad
2146 5112 2327 5169 patrem
2352 5110 2399 5155 tu
2409 5120 2487 5155 um
2508 5106 2666 5155 literas
2686 5105 2844 5155 darem
2860 5143 2874 5167 ‚
2895 5106 3101 5158 absurde
3124 5122 3200 5159 me
3218 5109 3361 5160 sactu·

1819 5210 1925 5246 rum
1951 5194 2177 5258 putabam
2191 5230 2207 5257 ,
2226 5194 2359 5256 site,
2378 5195 2458 5257 qui
2487 5194 2535 5243 in
2555 5194 2721 5244 eodem
2746 5194 2849 5245 loco
2874 5210 2968 5259 quo
2986 5196 3064 5247 ille
3084 5199 3357 5260 versareris,

3100 5296 3149 5337 ιο
