3825 5842
105 1806 152 1846 15
177 1806 278 1842 σιν.

1311 432 1698 495 IsocRATls
1738 432 2149 495 EPlsToLAE.
2195 446 2248 497 5.

65 560 384 637 4155μοίους
412 548 560 619 εἷναι
571 558 790 635 νομίζων
808 556 924 626 τους
943 559 1071 639 ὑπὲρ
1091 559 1244 619 αὑτὸν
1267 560 1415 629 ὄντας
1428 560 1616 640 ,ἀλλὰ
1644 560 1728 618 διὰ
1759 582 1795 622 a
1832 571 2103 634 nescioquo
2119 574 2291 624 timore
2307 575 2383 623 est
2402 574 2679 638 retardatus,
2704 593 2799 629 non
2823 581 2949 645 quod
2969 595 3133 633 omnes
3148 584 3195 635 in
3219 587 3373 637 altiori

173 648 270 716 τὰς
286 648 458 761 πρὸς.
445 646 666 714 ἐκείνους
692 645 1037 725 γεγενημένας
1061 648 1361 757 δυσχερείας
1387 648 1477 707 καὶ
1495 672 1620 727 προς
1641 646 1735 715 τὰς

173 734 300 814 παρ’
345 738 493 811 ὑμῶν
521 734 731 800 ἐλπίδας
760 734 1072 815 ἀθυμότερος
1111 758 1192 806 ην,
1235 734 1622 816 παραπλήσιον,
1668 739 1736 799 ὡς

175 823 298 899 ἐμοὶ
339 823 505 894 δοκεῖ,
545 821 811 888 πεπονθὼς
849 826 954 881 τῶν
995 821 1359 881 πεπλευκότων
1403 822 1554 894 τισίν,
1589 820 1636 880 οἳ
1677 820 1736 881 τὸ

97 938 124 975 5
175 913 384 989 πρῶτον
412 906 536 965 ὅταν
571 906 875 989 χρήσωνται
913 912 1185 987 χειμῶσιν,
1224 906 1396 967 οὐκέτι
1432 912 1734 989 Θαρροῦντες

177 995 529 1055 εἷσὸαίνουσιν
557 999 628 1065 εἷς
655 996 938 1073 θάλατταν,
969 996 1159 1075 καίπερ
1200 995 1386 1063 εἰδότες
1413 994 1493 1055 ὅτι
1518 996 1607 1054 καὶ
1638 1019 1734 1053 κα-

177 1086 270 1143 λοῦ
287 1086 422 1141 πλοῦ
449 1084 697 1150 πολλάκις
719 1087 981 1163 ἐπιτυχεῖν
1003 1082 1160 1143 ἔστιν.
1186 1085 1268 1143 Οὔ
1294 1084 1397 1160 μὴν
1423 1082 1535 1141 ἀλλ’
1557 1082 1734 1153 ἐπειδὴ

177 1169 466 1242 συνέστηκέ
494 1193 602 1243 σοι,
630 1172 803 1239 καλῶς
820 1174 976 1230 ποιεῖ.

177 1257 452 1331 συνοίσειν,
477 1258 708 1334 μάλιστα
738 1258 833 1335 μὲν
860 1260 925 1337 τῇ
955 1258 1313 1339 φιλανθρωπίᾳ
1351 1262 1414 1338 τῇ
1443 1263 1509 1337 σῇ
1539 1281 1732 1336 στοχα-

107 1376 156 1414 to
177 1344 419 1421 ζόμενος,
451 1346 515 1416 ἣν
544 1344 683 1423 ἔχειν
707 1344 992 1425 ὑπείληψαι
1014 1345 1159 1425 παρὰ
1189 1354 1294 1413 τοῖς
1319 1346 1501 1413 ἔξωθεν
1529 1342 1732 1425 ἀνθρώ*

177 1456 322 1505 ποις,
341 1435 520 1491 ἔπειτα
541 1431 760 1509 νομίζων
774 1434 869 1490 οὐκ
886 1434 1084 1511 ἀγνοεῖν
1109 1436 1244 1509 ὑμᾶς
1263 1431 1343 1491 ὅτι
1363 1432 1570 1491 πάντων
1595 1432 1731 1490 ἐστὶν

175 1520 393 1591 ἥδιστον
414 1519 504 1579 καὶ
527 1518 949 1578 λυσιτελέστατον
973 1519 1186 1586 πιστους
1208 1520 1320 1595 ἅμα
1339 1520 1428 1579 καὶ
1445 1520 1735 1627 χρησίμους

176 1607 358 1687 φίλους
379 1612 600 1669 κτᾶσθαι
627 1615 742 1673 ταῖς
769 1608 1109 1689 εὐεργεσίαις,
1139 1608 1229 1667 καὶ
1251 1607 1368 1675 τοὺς
1395 1604 1650 1674 τοιούτους
1678 1630 1732 1665 ευ

174 1700 346 1753 ποιεῖν
375 1686 570 1775 ὑπὲρ
531 1718 603 1753 ων
627 1695 810 1755 πολλοὶ
833 1718 924 1755 και
950 1699 1052 1754 τῶν
1077 1695 1294 1755 ιίίλλωνι
1273 1697 1394 1773 υμῖν
1418 1696 1572 1775 χάριν
1597 1694 1734 1764 ἕξου-

360 1782 614 1849 Ἅπαντες
648 1783 750 1864 γὰρ
781 1786 828 1843 οἱ
855 1782 1121 1861 χαρίεντες
1149 1807 1266 1849 τους
1300 1784 1404 1851 τοῖς
1443 1781 1736 1849 σπουδαίοις

3248 458 3359 512 289

1823 657 2063 719 dignitatis
2083 660 2231 723 gradu
2272 662 2534 713 collocatos
2571 666 2747 717 similes
2778 681 2885 719 esse
2921 670 3043 720 inter
3064 685 3116 723 se
3148 678 3363 735 putaret,

1823 746 1906 793 sed
1946 747 2059 809 quia
2095 748 2316 798 difficiles
2350 750 2552 799 aliorum
2590 766 2747 803 mores
2776 762 3001 819 expertus
3042 760 3201 809 minus
3233 762 3370 811 avide

1825 844 1989 893 spem,
2010 847 2121 895 quae
2138 848 2166 884 a
2184 836 2321 885 vobis
2338 840 2691 900 ostendebatur,
2719 843 2939 906 amplecti
2962 846 3255 897 audebal.1n
3278 863 3375 913 quo

1823 918 1951 967 idem
1970 919 2037 969 illi
2058 921 2285 973 accidisse
2309 924 2508 979 videtur,
2528 927 2656 988 quod
2676 930 2997 991 navigantium
3019 933 3273 999 plerisque,
3290 937 3373 999 qui

1825 1005 1907 1055 ubi
1931 1009 2075 1057 semel
2104 1008 2151 1057 in
2172 1014 2477 1073 tempestates
2494 1012 2786 1078 inciderunt,
2807 1030 3051 1079 nunquam
3070 1022 3249 1070 securis
3272 1024 3367 1071 ani·

1825 1093 1920 1143 mis
1942 1107 2073 1145 mare
2100 1095 2445 1160 ingrediuntur,
2468 1100 2558 1149 etsi
2576 1102 2751 1161 ‚sciunt
2778 1116 2903 1166 saepc
2926 1118 3197 1169 prosperam
3229 1114 3373 1159 etiam

1065 1173 1132 1249 (o)
1157 1170 1444 1249 Λογίζομαι
1467 1170 1568 1251 γὰρ
1593 1173 1733 1250 αὐτῷ
1758 1171 1802 1235 b
1826 1181 2171 1243 navigationem
2189 1185 2341 1235 solere
2362 1189 2647 1249 contingere.
2673 1190 2763 1239 Sed
2784 1193 3006 1253 quoniam
3027 1194 3114 1244 tibi
3135 1209 3373 1247 commen·

1820 1268 1965 1319 datus
1987 1272 2086 1327 est,
2110 1270 2229 1321 bene
2251 1271 2429 1322 factum
2450 1280 2539 1325 est.
2608 1278 2677 1337 (9)
2700 1281 2821 1327 Ριιιο
2852 1280 2979 1329 enim
3000 1280 3047 1329 id
3068 1281 3135 1330 ilii
3159 1284 3371 1345 profutu-

1819 1368 1945 1415 rum,
1964 1356 2180 1420 inprimis
2200 1357 2246 1407 id
2264 1360 2515 1421 conjiciens
2533 1374 2591 1411 ex
2612 1366 2693 1412 tua
2712 1364 3022 1426 humanitate,
3040 1382 3151 1431 quae
3172 1370 3233 1419 ab
3250 1376 3375 1421 exte·

1821 1444 1887 1493 ris
1901 1444 2173 1495 hominibus
2192 1447 2477 1508 praedicatur
2486 1468 2503 1510 ;
2520 1450 2689 1500 deinde
2704 1465 2789 1501 vos
2806 1456 3051 1515 praeterire
3066 1470 3157 1505 non
3174 1456 3377 1508 arbitror

1821 1532 1940 1582 nibil
1958 1547 2060 1583 esse
2084 1533 2156 1584 vel
2182 1537 2380 1586 suavius
2398 1538 2473 1589 vel
2495 1541 2681 1601 utilius,
2704 1554 2848 1603 quam
2872 1542 3035 1595 fideles
3049 1546 3193 1595 simul
3214 1554 3263 1597 et
3284 1549 3375 1597 uti-

1822 1622 1892 1673 les
1909 1626 2089 1675 amicos
2107 1639 2269 1691 parare
2284 1627 2520 1679 beneficiis
2531 1666 2548 1694 ,
2572 1634 2622 1680 et
2638 1631 2699 1683 de
2722 1632 2893 1683 talibus
2914 1636 3030 1684 viris
3046 1634 3169 1685 bene
3184 1640 3375 1699 mereri,

1825 1717 2019 1779 propter
2040 1729 2162 1778 quos
2184 1717 2328 1766 multi
2349 1717 2491 1767 etiam
2510 1719 2590 1768 alii
2608 1722 2805 1781 gratiam
2840 1724 2979 1774 vobis
3002 1725 3214 1775 habituri
3242 1734 3371 1777 sunt.

1823 1807 2003 1853 Omnes
2024 1804 2149 1853 enim
2172 1804 2285 1855 boni
2302 1812 2351 1855 et
2372 1807 2499 1857 docti
2515 1822 2597 1857 eos
2612 1810 2723 1871 ,qui
2748 1814 3083 1873 praestantibus
3100 1814 3311 1865 doctrina
3328 1822 3377 1867 et

176 1874 282 1929 τῶν
278 1872 515 1981 ’,ἀνδρῶν
560 1871 732 1937 καλως
773 1872 1076 1948 ὁμιλοῦντας
1117 1869 1360 1946 δμθῖως’
1335 1876 1600 1929 δπαῑνῠῧσῑ
1643 1870 1731 1930 καὶ
1755 1888 1792 1930 0
1825 1892 2001 1942 virtute
2031 1894 2149 1944 viris
2175 1895 2401 1945 honorem
2424 1898 2626 1962 babent,
2646 1913 2741 1950 non
2770 1902 2931 1952 minus
2950 1904 3148 1955 laudant
3167 1910 3219 1956 et
3236 1920 3379 1957 vene-

179 1960 422 2035 τιμῶσιν,
451 1955 628 2037 ὥσπερ
657 1956 803 2015 αὐτοι
825 1961 928 2017 τῶν
951 1958 1208 2036 ὠφελειῶν
1239 1954 1599 2023 ἀπολαυοντες.

263 2064 332 2103 10.
375 2042 533 2103 Ἀλλὰ
551 2042 652 2123 γὰρ
673 2044 914 2103 Διόδοτον
932 2044 1084 2101 αὐτὸν
1108 2034 1255 2119 οἶμαι
1277 2042 1508 2121 μάλιστά
1526 2066 1582 2101 σε
1606 2066 1732 2123 προ·

181 2154 271 2211 τρε
247 2129 473 2212 :decem
513 2130 639 2211 πρὸς
665 2129 723 2189 τὸ
766 2130 1048 2211 φροντίζειν
1086 2134 1262 2189 αὑτου.
1343 2128 1651 2191 Συνέπειθον
1679 2131 1732 2187 δὲ

107 2246 158 2283 ω
182 2242 274 2277 και
296 2232 385 2277 τον
411 2217 520 2276 υἱὸν
540 2220 696 2276 αὑτοῦ
723 2221 826 2277 τῶν
855 2217 1117 2297 ὑμετέροιν
1148 2216 1455 2295 ἀντέχεσθαι
1486 2216 1735 2296 πραγμά-

181 2331 305 2378 των,
323 2300 436 2365 καὶ
434 2304 754 2385 ·ιτιιιραδόνθ’ζ
735 2314 854 2382 υμῖν
875 2306 1026 2364 αὑτὸν
1042 2304 1217 2384 ωσπερ
1239 2304 1476 2381 μαθητὴν
1497 2308 1568 2371 εἰς
1585 2302 1737 2379 τοῦμ·

187 2396 376 2473 προσθε
393 2397 702 2472 πειραθῆναι
718 2396 1001 2473 προελθεῖν.
1025 2392 1094 2453 Ὅ
1119 2393 1171 2451 δὲ
1192 2390 1360 2451 ταῦτά
1381 2414 1480 2469 μου
1501 2388 1737 2469 λέγοντος

188 2482 452 2557 ἐπιθυμεῖν
475 2480 567 2557 μὲν
593 2478 787 2560 ἔφασκε
805 2484 896 2551 τῆς
917 2478 1165 2585 ὑμετέρας
1184 2478 1378 2560 φιλίας,
1398 2481 1454 2537 οὗ
1477 2479 1578 2552 μὴν
1601 2477 1735 2537 ἀλλα

183 2566 554 2644 παραπλήσιόν
581 2590 632 2624 τι
662 2566 972 2627 πεπονθέναι
999 2566 1126 2645 πρὸς
1153 2564 1316 2637 αὖτ-ὶν
1342 2565 1431 2623 καὶ
1457 2564 1583 2644 πρὸς
1621 2565 1737 2631 τοὺς
1760 2556 1802 2620 d

108 2684 158 2722 π
185 2653 492 2734 στεφανίτας
541 2656 768 2731 ἀγῶνας·
811 2654 900 2731 (ιι)
964 2652 1184 2719 ἐκείνους
1225 2675 1282 2709 τε
1322 2650 1421 2731 γὰρ
1458 2662 1603 2710 νικᾶν
1641 2650 1734 2729 μὲν

185 2766 248 2801 αν
291 2742 595 2821 βούλεσθαι,
617 2740 911 2811 καταὸηναι
934 2742 980 2799 δ’
1011 2743 1081 2808 εἰς
1109 2738 1289 2805 αὐτους
1316 2742 1410 2797 οὐκ
1439 2738 1500 2799 ἂν
1533 2744 1734 2817 τολμῆ-

184 2853 272 2889 σαι
314 2828 398 2888 διὰ
429 2852 487 2889 το
523 2828 597 2907 μὴ
629 2828 1005 2907 μετεσχηκέναι
1034 2828 1211 2905 ῥώμης
1247 2824 1391 2895 ἀξίας
1415 2830 1518 2885 τῶν
1545 2828 1735 2907 στεφά-

182 2942 302 2989 νων,
326 2921 430 2975 τῶν
451 2940 507 2975 τε
540 2916 664 2996 παρ’
687 2919 830 2993 ὑμῶν
856 2920 1020 2993 τιμῶν
1049 2914 1290 2983 εὔξασθαι
1318 2912 1412 2992 μὲν
1459 2912 1522 2973 ἂν
1543 2915 1736 2995 τυχεῖν,

181 3005 472 3117 ἐφίξεσθαιω
467 3004 512 3063 δ’
535 3006 702 3062 αὐτῶν
732 3006 789 3061 οὗ
814 3004 1130 3082 προσδοκᾶν·
1158 3001 1252 3072 τήν
1281 3025 1336 3060 τε
1369 3000 1470 3081 γὰρ
1501 3000 1738 3083 ἀπειρίαν

109 3119 158 3157 30
181 3092 274 3163 τὴν
313 3096 473 3151 αὑτου
513 3094 953 3171 καταπεπληχθαι
991 3090 1082 3149 καὶ
1122 3088 1214 3159 τὴν
1251 3089 1598 3169 λαμπρότητα
1642 3091 1737 3159 τὴν

1820 1986 2004 2043 rantur,
2028 1996 2169 2045 quam
2188 1986 2231 2033 si
2252 1986 2299 2034 in
2320 1986 2450 2048 ipsos
2471 1988 2641 2037 collata
2660 1989 2859 2040 fuissent
2872 1993 3051 2043 omnia.

1885 2076 1963 2119 10.
1996 2071 2093 2121 Sed
2126 2072 2284 2135 ipsum
2320 2075 2578 2127 Diodotum
2616 2084 2783 2141 suapte
2815 2080 3117 2143 potissimum
3140 2084 3375 2136 industria

1821 2158 2105 2211 effecturum
2118 2175 2222 2213 esse
2242 2164 2464 2225 arbitror,
2484 2172 2539 2216 ιιι
2556 2167 2631 2217 sui
2648 2180 2813 2218 curam
2830 2184 2981 2231 geras.
3017 2177 3199 2223 Auctor
3212 2187 3271 2224 au
3279 2181 3373 2225 tem

1822 2252 1967 2303 etiam
1997 2266 2101 2315 ejus
2128 2254 2226 2305 lilio
2248 2256 2346 2318 lui,
2372 2263 2427 2307 ut
2448 2272 2501 2307 se
2520 2259 2579 2308 ad
2600 2272 2686 2309 vos
2705 2263 2965 2326 conferret,
2989 2278 3137 2328 seque
3168 2268 3305 2316 vobis
3325 2270 3375 2317 in

1825 2341 2121 2404 disciplinam
2136 2346 2271 2406 quasi
2290 2346 2465 2397 tradito
2480 2350 2705 2410 prolicere
2728 2354 2870 2413 atque
2892 2366 3049 2416 operae
3076 2357 3281 2417 pretinm
3308 2359 3372 2406 l'a-

1824 2450 1931 2487 cere
1944 2442 2208 2491 conaretur.
2220 2443 2357 2499 Quod
2368 2456 2516 2507 quum
2528 2457 2587 2493 ex
2602 2458 2681 2496 me
2693 2448 2921 2505 audisset.
2934 2463 2985 2499 se
2998 2451 3189 2513 quidem
3204 2460 3377 2505 vestrm

1823 2528 2044 2577 amicitioe
2066 2530 2507 2606 percupidum-esse
2526 2534 2673 2595 dixit,
2694 2538 2777 2586 sed
2800 2539 2966 2588 eodem
2990 2553 3095 2591 esse
3114 2556 3223 2603 erga
3244 2544 3375 2593 illam

1823 2624 2007 2685 animo,
2038 2640 2135 2687 quo
2171 2640 2281 2688 erga
2316 2632 2575 2680 certamina
2615 2635 2864 2683 coronaria
2892 2649 2906 2682 :
2933 2638 3029 2697 (11)
3054 2650 3226 2701 cupere
3248 2641 3375 2689 enim

1823 2713 1987 2763 inillis
2010 2714 2255 2765 victoriam
2274 2720 2531 2781 consequi,
2565 2722 2647 2770 sed
2677 2722 2735 2771 ad
2756 2738 2811 2773 ea
2833 2730 3076 2788 propterea
3092 2728 3378 2781 descendere

1824 2816 1918 2852 non
1948 2803 2152 2867 audere,
2176 2806 2305 2867 quod
2330 2808 2419 2857 sibi
2443 2810 2568 2859 vires
2589 2813 2777 2862 coronis
2798 2812 2962 2875 dignas
2980 2815 3145 2867 deesse
3167 2818 3376 2868 animad-

1824 2904 2008 2961 vertat,
2026 2898 2287 2965 eodemque
2309 2904 2452 2953 modo
2484 2918 2537 2955 se
2564 2910 2726 2970 optare
2752 2908 2945 2971 quidem
2972 2911 3172 2963 bonores
3189 2927 3218 2962 a
3240 2915 3377 2965 vobis

1823 2994 2076 3056 consequi,
2101 2994 2185 3043 sed
2208 3007 2313 3045 eam
2350 2996 2441 3046 sibi
2465 2998 2732 3050 facultatem
2765 3008 2981 3065 negatam
3008 3019 3115 3055 esse
3136 3007 3370 3058 arbitrari.

1824 3090 1945 3137 Nam
1966 3095 2016 3139 et
2034 3089 2267 3153 imperilia
2290 3104 2377 3142 sua
2400 3099 2449 3143 et
2469 3095 2717 3157 splendore
2732 3104 2889 3149 vestro
2908 3114 2961 3150 se
2978 3101 3219 3153 deterreri.
3266 3108 3373 3155 Huc

183 3180 459 3257 ὑμετέραν,
483 3180 559 3237 ἔτι
586 3177 640 3237 δὲ
663 3178 754 3237 και
780 3178 840 3235 τὸ
866 3179 1130 3252 σωμάτιον
1149 3178 1244 3235 οὐκ
1267 3176 1492 3255 εὖκρινὲς
1514 3176 1590 3247 ὄν,
1616 3178 1732 3235 ἀλλ’
1763 3192 1800 3233 e
1828 3178 2049 3229 accedere
2064 3183 2397 3242 corpusculum
2415 3197 2607 3248 quoque
2626 3188 2781 3237 minus
2799 3202 2967 3239 sanum
2984 3194 3269 3244 etnounulla
3280 3210 3374 3245 ιιοιι

182 3268 303 3346 ἔχον
333 3268 466 3325 ἅττα
494 3265 636 3339 σίνη,
675 3265 898 3344 νομίζειν
929 3266 1194 3342 ἐμποδιεῖν
1225 3262 1380 3322 αὑτὸν
1411 3264 1539 3344 πρὸς
1567 3262 1736 3323 πολλὰ

183 3359 285 3413 τῶν
309 3353 656 3434 πραγμάτων.

263 3460 332 3501 12.
377 3432 544 3507 Οὗτος
572 3440 666 3517 μὲν
701 3430 810 3516 ουν,
839 3436 872 3496 ὅ
893 3460 944 3495 τι
984 3436 1048 3497 ἂν
1092 3439 1234 3495 αὑτῶ
1279 3438 1404 3515 δοκῇ
1434 3434 1735 3517 συμφέρειν,

104 3553 152 3590 ‘⁸5
180 3549 330 3586 τουτο
369 3525 580 3606 πράξει·
610 3524 673 3583 συ
702 3525 769 3603 δ’,
792 3524 881 3583 ἐάν
924 3546 980 3583 τε
1007 3546 1128 3603 περι
1155 3527 1291 3599 ὑμας
1329 3522 1416 3581 ἐάν
1445 3525 1488 3581 θ’
1516 3521 1736 3607 ἡσυχίαν

86 3638 112 3683 4
125 3615 321 3693 ιῦἔχων
345 3612 586 3694 διατρίὸῃ
609 3613 729 3692 περι
757 3635 962 3679 τουτους
981 3611 1099 3679 τους
1121 3610 1334 3683 τόπους,
1368 3606 1614 3689 ἐπιμελοῦ
1644 3611 1735 3671 καὶ

183 3706 287 3761 τῶν
313 3700 487 3759 ἄλλων
511 3702 605 3777 μὲν
628 3700 888 3771 ἁπάντων,
907 3691 1030 3757 ὧν
1004 3721 1065 3756 αν
1087 3697 1320 3809 τυγχάνῃ
1347 3698 1609 3774 δεόμενος,
1631 3697 1736 3777 μά-

182 3790 338 3845 λιστα
362 3787 418 3845 δὲ
437 3791 530 3857 τῆς
555 3786 838 3863 ἀσφαλείας
863 3784 1065 3857 καὶτῆς
1087 3786 1266 3845 τούτου
1288 3785 1376 3843 καὶ
1397 3790 1490 3857 τῆς
1515 3793 1607 3844 τοῦ
1629 3811 1732 3845 πα-

182 3875 300 3953 τρὸς
323 3876 510 3945 αὑτοῦ,
536 3874 751 3949 νομίσας
778 3872 955 3950 ὥσπερ
981 3870 1428 3953 παρακαταθήκην
1457 3872 1595 3951 ἔχειν
1617 3880 1736 3933 τοῦ-

112 3989 161 4027 to
181 3984 270 4019 τον
287 3961 434 4039 παρά
461 3982 518 4018 τε
534 3965 626 4017 τοῦ
646 3959 816 4040 γήρως
835 3962 1003 4037 ἡμῶν,
1027 3959 1055 4017 ὃ
1077 3958 1438 4038 προσηκόντως
1462 3958 1523 4017 ἂν
1541 3962 1736 4033 πολλῆς

187 4048 434 4127 τυγχάνοι
459 4047 729 4126 προνοίας,
755 4047 846 4105 καὶ
872 4052 964 4117 τῆς
993 4045 1138 4119 δόξης
1166 4049 1257 4115 τῆς
1298 4045 1657 4125 ὑπαρχούσης,
1691 4046 1741 4105 εἴ

183 4158 317 4201 τινος
346 4134 448 4213 ἄρα
469 4136 696 4204 σπουδῆς
724 4138 859 4192 ἐστιν
886 4132 1030 4205 ἀξία,
1059 4132 1260 4203 καὶτῆς
1281 4132 1475 4198 εὐνοίας
1501 4136 1594 4204 τῆς
1616 4134 1737 4212 περὶ

188 4226 348 4298 ὑμᾶς,
370 4222 435 4293 ἣν
461 4218 594 4301 ἔχων
625 4220 831 4278 ἅπαντα
857 4220 946 4290 τὸν
977 4218 1162 4299 χρόνον
1191 4218 1536 4279 διατετέλεκα.
1641 4220 1732 4296 (13)

187 4310 300 4369 Καὶ
346 4307 421 4385 μὴ
467 4307 739 4385 θαυμάσῃς
768 4306 890 4384 μήτ’
933 4310 976 4365 εἶ
1017 4306 1341 4385 μακροτέραν
1378 4304 1612 4387 γέγραφα
1641 4304 1735 4377 τὴν

109 4426 158 4464 ⁴5
185 4394 482 4467 ἐπιστολήν,
510 4394 634 4471 μήτ’
655 4394 704 4452 εἴ
726 4418 776 4451 τι
803 4394 1186 4474 περιεργότερον
1210 4392 1298 4451 καὶ
1319 4392 1736 4470 πρεσὸυτικώτε-

185 4504 272 4561 ρον
295 4480 578 4559 εἰρήκαμεν
603 4486 656 4538 ἔν
682 4484 810 4559 αὐτ-’ᾔ
824 4504 838 4519 ·
866 4480 1073 4538 πάντων
1095 4480 1196 4559 γὰρ
1215 4484 1316 4537 τῶν
1340 4480 1512 4537 ἄλλων
1537 4479 1736 4555 ἀμελή-

181 4590 279 4634 σας
333 4570 443 4635 ἑνὸς
485 4566 642 4645 μόνου
691 4568 962 4648 ἐφρόντισα
977 4611 993 4639 ,
1031 4572 1121 4624 τοῦ
1163 4570 1385 4645 φανῆναι
1433 4567 1735 4636 σπουδάζων

185 4656 316 4735 ὑπὲρ
345 4657 546 4737 ἀνδρῶν
591 4654 754 4735 φίλοιν
782 4655 872 4713 καὶ
907 4651 1363 4735 προσφιλεστάτων
1393 4676 1482 4729 μοι
1521 4676 1734 4731 γεγενη-

185 4742 375 4820 μένων.

925 4836 993 4895 Ε.

710 4962 1187 5046 ΑΛΕΞΑΝΔΡῼ.

113 5114 162 5155 ω
263 5100 406 5181 Πρὸς
447 5099 534 5159 τὸν
577 5100 779 5182 πατέρα
819 5124 911 5160 σου
957 5101 1169 5181 γράφων
1218 5097 1493 5170 ἐπιστολὴν
1539 5098 1730 5159 ἄτοπον

183 5186 336 5271 ᾤμην
362 5185 618 5257 ποιήσειν,
647 5191 693 5245 εἷ
715 5187 830 5268 περὶ
853 5188 939 5247 τὸν
961 5188 1115 5246 αὐτὸν
1141 5186 1351 5268 ὄντα-σὲ
1374 5191 1530 5247 τόπον
1554 5188 1732 5247 ἐκείνω

401 5300 664 5337 nocua-ras.

1824 3274 2005 3337 integra
2026 3276 2207 3328 babens
2222 3312 2237 3338 ,
2256 3278 2385 3342 quod
2408 3280 2651 3331 existimet
2674 3283 2723 3331 in
2740 3284 2906 3333 multis
2934 3285 3027 3335 sibi
3056 3288 3203 3338 rebus
3232 3289 3377 3352 impe-

1824 3363 2037 3416 dimento
2060 3366 2171 3417 lore.

1893 3462 1967 3507 12.
2000 3460 2061 3507 Et
2081 3459 2161 3508 bic
2174 3460 2391 3523 quidem,
2410 3463 2539 3525 quod
2560 3477 2589 3513 e
2606 3475 2657 3513 re
2679 3476 2765 3513 sua
2786 3478 2893 3515 esse
2914 3467 3127 3530 putabit,
3144 3468 3192 3518 id
3219 3470 3372 3520 saciet.

1827 3556 1941 3605 Sive
1957 3560 2117 3608 autem
2140 3558 2202 3609 ad
2214 3572 2303 3611 vos
2320 3575 2371 3611 se
2390 3564 2669 3625 contulerit,
2688 3564 2791 3615 sive
2806 3566 2955 3627 quieti
2974 3567 3167 3629 otioque
3188 3568 3377 3619 deditus

1823 3653 1870 3703 in
1893 3656 2022 3706 bisce
2042 3656 2159 3708 locis
2179 3660 2465 3721 versabitur,
2488 3674 2619 3711 curm
2636 3663 2719 3712 tibi
2738 3676 2845 3715 esse
2865 3664 3010 3714 velim
3023 3701 3040 3727 ,
3052 3679 3205 3727 quum
3221 3672 3377 3717 cetera

1822 3752 1999 3816 quibus
2020 3755 2249 3815 indigebit
2264 3760 2421 3807 omnia
2440 3765 2495 3807 ιιι
2516 3759 2851 3810 subministres
2862 3796 2877 3821 ,
2904 3764 3007 3810 tum
3030 3775 3145 3811 vero
3162 3767 3213 3813 et
3230 3765 3375 3826 hujus

1823 3855 1872 3900 et
1895 3854 2100 3913 parentis
2118 3857 2220 3914 ejus
2240 3856 2339 3903 vita
2360 3856 2409 3904 in
2430 3858 2535 3905 tuto
2558 3860 2615 3906 ιιι
2631 3857 2899 3908 collocetur.
2932 3860 3217 3910 Existimat-e
3240 3865 3369 3911 enim

1823 3948 1969 3999 debes
1996 3954 2044 3999 te
2066 3950 2193 4000 bunc
2216 3955 2441 4015 tanquam
2469 3954 2739 4018 depositum
2764 3956 2938 4007 habere
2971 3971 3000 4006 a
3031 3964 3273 4009 senectute
3294 3974 3374 4009 n0;

1825 4052 1947 4109 stra,
1968 4062 2077 4113 quoe
2096 4050 2287 4101 minime
2306 4056 2432 4103 certe
2453 4054 2726 4115 negligenda
2753 4060 2825 4105 est
2838 4092 2853 4116 ‚
2874 4060 2923 4105 et
2939 4056 2999 4105 ab
3020 4070 3076 4105 ea
3094 4061 3375 4109 auctoritate

1824 4160 1969 4209 quam
2004 4148 2235 4199 habemus
2248 4186 2263 4211 ‚
2319 4150 2361 4199 si
2398 4164 2494 4215 qua
2533 4152 2653 4203 sorte
2684 4166 2797 4201 cura
2840 4154 3076 4203 videbitur
3117 4156 3281 4217 digna,
3324 4163 3373 4207 et

1823 4248 1884 4297 ab
1901 4262 1959 4297 ea
1976 4248 2301 4299 benevolentia
2315 4286 2330 4310 ,
2350 4264 2443 4312 qua
2460 4262 2549 4301 vos
2566 4265 2649 4312 per
2666 4265 2855 4302 omnem
2874 4258 3063 4302 oelatem
3078 4268 3187 4303 sum
3216 4268 3373 4317 prose·

1823 4349 1983 4393 cutus.
2018 4344 2113 4405 (13)
2138 4348 2301 4408 Neque
2322 4345 2537 4407 mireris,
2557 4346 2599 4394 si
2621 4346 2695 4394 vel
2724 4348 3029 4409 prolixiorem
3064 4350 3231 4411 scripsi
3269 4352 3371 4413 epi·

1822 4441 2019 4504 stolam,
2046 4442 2123 4491 vel
2155 4442 2333 4505 aliquid
2352 4444 2399 4491 in
2422 4457 2477 4493 ea
2494 4444 2709 4492 inutilius
2728 4450 2775 4493 et
2796 4446 2992 4494 senilius
3009 4445 3235 4496 diximus.
3274 4451 3373 4509 Ego

1823 4541 1951 4590 enim
1984 4542 2213 4603 neglectis
2242 4544 2410 4591 ceteris
2444 4543 2587 4591 rebus
2622 4544 2844 4593 omnibus
2872 4543 2921 4593 in
2964 4544 3055 4594 hoc
3086 4560 3233 4594 unum
3270 4550 3371 4595 ιοιο

1823 4636 1984 4685 animo
2011 4638 2219 4685 intentus
2237 4635 2333 4697 sui,
2358 4642 2411 4685 ut
2434 4640 2680 4699 appareret
2710 4639 2825 4687 mihi
2850 4642 3073 4689 maximae
3104 4655 3231 4691 curae
3262 4656 3369 4693 esse

1823 4733 2083 4781 amicorum
2106 4732 2381 4788 commoda,
2403 4746 2523 4796 quos
2541 4746 2729 4783 summa
2754 4736 2946 4785 caritate
2972 4738 3276 4799 complector.

2568 4850 2621 4899 5.

2331 4974 2814 5034 ALEXANDRO.

1881 5109 2042 5163 Quum
2066 5104 2127 5155 ad
2150 5110 2329 5167 patrem
2354 5109 2490 5154 tuum
2511 5104 2668 5154 literas
2688 5103 2847 5153 darem
2863 5141 2877 5165 ,
2897 5104 3104 5155 absurde
3128 5118 3203 5156 me
3222 5106 3365 5157 sactu·

1823 5209 1930 5246 rum
1954 5193 2179 5257 putabam
2194 5228 2209 5253 ,
2230 5193 2363 5253 site,
2381 5193 2463 5253 qui
2490 5191 2537 5241 ιιι
2558 5191 2724 5242 eodem
2748 5190 2852 5243 loco
2876 5206 2971 5256 quo
2990 5194 3067 5245 ille
3088 5196 3361 5257 versareris,

3103 5294 3152 5334 ιο
