<?xml version="1.0" encoding="UTF-8"?>
<!DOCTYPE html PUBLIC "-//W3C//DTD XHTML 1.0 Transitional//EN"
    "http://www.w3.org/TR/xhtml1/DTD/xhtml1-transitional.dtd">
<html xmlns="http://www.w3.org/1999/xhtml" xml:lang="en" lang="en">
 <head>
  <title>
</title>
<meta http-equiv="Content-Type" content="text/html;charset=utf-8" />
  <meta name='ocr-system' content='tesseract 3.04.00' />
  <meta name='ocr-capabilities' content='ocr_page ocr_carea ocr_par ocr_line ocrx_word'/>
</head>
<body>
  <div class='ocr_page' id='page_1' title='image "./oratoresatticia03unkngoog/oratoresatticia03unkngoog_0145.png"; bbox 0 0 3825 5842; ppageno 0'>
   <div class='ocr_carea' id='block_1_1' title="bbox 123 463 380 543">
    <p class='ocr_par' dir='ltr' id='par_1_1' title="bbox 123 463 380 543">
     <span class='ocr_line' id='line_1_1' title="bbox 123 463 380 543; baseline -0.012 -20"><span class='ocrx_word' id='word_1_1' title='bbox 123 463 380 543; x_wconf 70' lang='lat' dir='ltr'><strong>(eoi—su)</strong></span> 
     </span>
    </p>
   </div>
   <div class='ocr_carea' id='block_1_2' title="bbox 55 586 1625 3821">
    <p class='ocr_par' dir='ltr' id='par_1_2' title="bbox 62 586 1617 1461">
     <span class='ocr_line' id='line_1_2' title="bbox 110 586 1610 679; baseline -0.007 -23"><span class='ocrx_word' id='word_1_2' title='bbox 110 600 204 679; x_wconf 82' lang='grc' dir='ltr'>ριῑν.</span> <span class='ocrx_word' id='word_1_3' title='bbox 281 588 386 653; x_wconf 78' lang='grc' dir='ltr'><strong>Καὶ</strong></span> <span class='ocrx_word' id='word_1_4' title='bbox 407 594 576 655; x_wconf 78' lang='grc' dir='ltr'>ταῦτα</span> <span class='ocrx_word' id='word_1_5' title='bbox 601 586 832 667; x_wconf 85' lang='grc' dir='ltr'>λέγοντες</span> <span class='ocrx_word' id='word_1_6' title='bbox 852 586 1014 649; x_wconf 82' lang='grc' dir='ltr'>οἴεσθε</span> <span class='ocrx_word' id='word_1_7' title='bbox 1046 586 1140 666; x_wconf 81' lang='grc' dir='ltr'><strong>μὲν</strong></span> <span class='ocrx_word' id='word_1_8' title='bbox 1165 586 1260 667; x_wconf 76' lang='grc' dir='ltr'>ἐμὲ</span> <span class='ocrx_word' id='word_1_9' title='bbox 1286 590 1610 667; x_wconf 77' lang='grc' dir='ltr'>κακολογεῖν,</span> 
     </span>
     <span class='ocr_line' id='line_1_3' title="bbox 107 674 1614 763; baseline -0.005 -21"><span class='ocrx_word' id='word_1_10' title='bbox 107 680 376 763; x_wconf 70' lang='grc' dir='ltr'>ἀποφαίνετε</span> <span class='ocrx_word' id='word_1_11' title='bbox 413 676 469 737; x_wconf 86' lang='grc' dir='ltr'><strong>δὲ</strong></span> <span class='ocrx_word' id='word_1_12' title='bbox 506 675 846 743; x_wconf 77' lang='grc' dir='ltr'>σκαιοτάτους</span> <span class='ocrx_word' id='word_1_13' title='bbox 885 674 1128 752; x_wconf 80' lang='grc' dir='ltr'>ἑαυτούς,</span> <span class='ocrx_word' id='word_1_14' title='bbox 1158 674 1339 744; x_wconf 75' lang='grc' dir='ltr'>οἵτινες</span> <span class='ocrx_word' id='word_1_15' title='bbox 1377 674 1470 753; x_wconf 80' lang='grc' dir='ltr'><strong>μὲν</strong></span> <span class='ocrx_word' id='word_1_16' title='bbox 1513 676 1614 735; x_wconf 82' lang='grc' dir='ltr'><strong>ὑπὸ</strong></span> 
     </span>
     <span class='ocr_line' id='line_1_4' title="bbox 103 761 1614 847; baseline -0.005 -16"><span class='ocrx_word' id='word_1_17' title='bbox 103 772 170 831; x_wconf 68' lang='grc' dir='ltr'><strong>τὸν</strong></span> <span class='ocrx_word' id='word_1_18' title='bbox 203 768 344 829; x_wconf 72' lang='grc' dir='ltr'>αὑτὸν</span> <span class='ocrx_word' id='word_1_19' title='bbox 369 764 556 847; x_wconf 77' lang='grc' dir='ltr'>χρόνον</span> <span class='ocrx_word' id='word_1_20' title='bbox 593 765 682 822; x_wconf 83' lang='grc' dir='ltr'><strong>τὸν</strong></span> <span class='ocrx_word' id='word_1_21' title='bbox 710 761 860 823; x_wconf 76' lang='grc' dir='ltr'>αὐτὸν</span> <span class='ocrx_word' id='word_1_22' title='bbox 891 762 1056 845; x_wconf 80' lang='grc' dir='ltr'>ἄνδρα</span> <span class='ocrx_word' id='word_1_23' title='bbox 1085 763 1255 843; x_wconf 85' lang='grc' dir='ltr'>λοίθρα</span> <span class='ocrx_word' id='word_1_24' title='bbox 1285 763 1379 842; x_wconf 84' lang='grc' dir='ltr'><strong>μὲν</strong></span> <span class='ocrx_word' id='word_1_25' title='bbox 1414 765 1614 824; x_wconf 83' lang='grc' dir='ltr'>ἐλοιδο-</span> 
     </span>
     <span class='ocr_line' id='line_1_5' title="bbox 105 849 1616 939; baseline -0.007 -21"><span class='ocrx_word' id='word_1_26' title='bbox 105 868 238 939; x_wconf 82' lang='grc' dir='ltr'>ρεῖτε,</span> <span class='ocrx_word' id='word_1_27' title='bbox 265 857 490 937; x_wconf 83' lang='grc' dir='ltr'>φανερῶς</span> <span class='ocrx_word' id='word_1_28' title='bbox 515 850 568 912; x_wconf 80' lang='grc' dir='ltr'><strong>δὲ</strong></span> <span class='ocrx_word' id='word_1_29' title='bbox 593 850 741 934; x_wconf 86' lang='grc' dir='ltr'>φίλον</span> <span class='ocrx_word' id='word_1_30' title='bbox 767 850 1046 927; x_wconf 83' lang='grc' dir='ltr'>ἐνομίζετε.</span> <span class='ocrx_word' id='word_1_31' title='bbox 1094 850 1158 931; x_wconf 83' lang='grc' dir='ltr'>(ο)</span> <span class='ocrx_word' id='word_1_32' title='bbox 1181 852 1328 930; x_wconf 78' lang='grc' dir='ltr'><strong>Χρῆν</strong></span> <span class='ocrx_word' id='word_1_33' title='bbox 1356 849 1458 931; x_wconf 80' lang='grc' dir='ltr'><strong>γὰρ</strong></span> <span class='ocrx_word' id='word_1_34' title='bbox 1482 854 1616 928; x_wconf 81' lang='grc' dir='ltr'>ὑμᾶς</span> 
     </span>
     <span class='ocr_line' id='line_1_6' title="bbox 103 936 1617 1022; baseline -0.004 -19"><span class='ocrx_word' id='word_1_35' title='bbox 103 948 128 1017; x_wconf 79' lang='grc' dir='ltr'><strong>ἢ</strong></span> <span class='ocrx_word' id='word_1_36' title='bbox 151 944 212 1022; x_wconf 77' lang='grc' dir='ltr'>μὴ</span> <span class='ocrx_word' id='word_1_37' title='bbox 235 945 404 1009; x_wconf 82' lang='grc' dir='ltr'>κακῶς</span> <span class='ocrx_word' id='word_1_38' title='bbox 426 940 601 1019; x_wconf 87' lang='grc' dir='ltr'>λέγειν</span> <span class='ocrx_word' id='word_1_39' title='bbox 626 937 664 1011; x_wconf 80' lang='grc' dir='ltr'>ἢ</span> <span class='ocrx_word' id='word_1_40' title='bbox 691 936 766 1017; x_wconf 83' lang='grc' dir='ltr'>μὴ</span> <span class='ocrx_word' id='word_1_41' title='bbox 803 938 1052 1017; x_wconf 83' lang='grc' dir='ltr'>ξυνεῖναι,</span> <span class='ocrx_word' id='word_1_42' title='bbox 1079 936 1172 997; x_wconf 74' lang='grc' dir='ltr'><strong>καὶ</strong></span> <span class='ocrx_word' id='word_1_43' title='bbox 1196 943 1362 998; x_wconf 89' lang='grc' dir='ltr'>ταῦτα</span> <span class='ocrx_word' id='word_1_44' title='bbox 1387 942 1617 1020; x_wconf 88' lang='grc' dir='ltr'>φανερῶς</span> 
     </span>
     <span class='ocr_line' id='line_1_7' title="bbox 103 1024 1615 1107; baseline -0.003 -17"><span class='ocrx_word' id='word_1_45' title='bbox 103 1029 375 1098; x_wconf 71' lang='grc' dir='ltr'>ἀπειπόντας</span> <span class='ocrx_word' id='word_1_46' title='bbox 400 1028 634 1107; x_wconf 83' lang='grc' dir='ltr'>ὁμιλίαν.</span> <span class='ocrx_word' id='word_1_47' title='bbox 665 1029 734 1088; x_wconf 78' lang='grc' dir='ltr'><strong>Εἰ</strong></span> <span class='ocrx_word' id='word_1_48' title='bbox 754 1024 809 1085; x_wconf 76' lang='grc' dir='ltr'><strong>δὲ</strong></span> <span class='ocrx_word' id='word_1_49' title='bbox 837 1026 1052 1106; x_wconf 77' lang='grc' dir='ltr'>αἰσχρὸν</span> <span class='ocrx_word' id='word_1_50' title='bbox 1073 1030 1281 1103; x_wconf 83' lang='grc' dir='ltr'>ἡγεῖσθε</span> <span class='ocrx_word' id='word_1_51' title='bbox 1298 1032 1478 1105; x_wconf 88' lang='grc' dir='ltr'>τοῦτο,</span> <span class='ocrx_word' id='word_1_52' title='bbox 1506 1030 1615 1095; x_wconf 90' lang='grc' dir='ltr'><strong>πῶς</strong></span> 
     </span>
     <span class='ocr_line' id='line_1_8' title="bbox 62 1109 1614 1199; baseline -0.004 -20"><span class='ocrx_word' id='word_1_53' title='bbox 62 1144 84 1179; x_wconf 84' lang='lat' dir='ltr'><strong>o</strong></span> <span class='ocrx_word' id='word_1_54' title='bbox 103 1117 281 1199; x_wconf 64' lang='grc' dir='ltr'>αἰσχρὸν</span> <span class='ocrx_word' id='word_1_55' title='bbox 299 1109 364 1189; x_wconf 69' lang='grc' dir='ltr'><strong>ἧν</strong></span> <span class='ocrx_word' id='word_1_56' title='bbox 383 1118 506 1195; x_wconf 78' lang='grc' dir='ltr'>ὑμῖν</span> <span class='ocrx_word' id='word_1_57' title='bbox 538 1115 783 1189; x_wconf 84' lang='grc' dir='ltr'>ξυνεῖναι,</span> <span class='ocrx_word' id='word_1_58' title='bbox 811 1113 938 1196; x_wconf 80' lang='grc' dir='ltr'>πρὸς</span> <span class='ocrx_word' id='word_1_59' title='bbox 965 1113 1024 1173; x_wconf 84' lang='grc' dir='ltr'><strong>ὃν</strong></span> <span class='ocrx_word' id='word_1_60' title='bbox 1051 1112 1168 1174; x_wconf 76' lang='grc' dir='ltr'>οὐδὲ</span> <span class='ocrx_word' id='word_1_61' title='bbox 1196 1118 1434 1175; x_wconf 79' lang='grc' dir='ltr'>ἀπειπεῖν</span> <span class='ocrx_word' id='word_1_62' title='bbox 1454 1111 1614 1173; x_wconf 75' lang='grc' dir='ltr'>καλὸν</span> 
     </span>
     <span class='ocr_line' id='line_1_9' title="bbox 103 1188 1614 1287; baseline -0.004 -20"><span class='ocrx_word' id='word_1_63' title='bbox 103 1188 300 1287; x_wconf 63' lang='grc' dir='ltr'>ἡγεῖσθες</span> <span class='ocrx_word' id='word_1_64' title='bbox 403 1208 466 1285; x_wconf 81' lang='lat'><strong>(7)</strong></span> <span class='ocrx_word' id='word_1_65' title='bbox 493 1204 610 1265; x_wconf 78' lang='grc' dir='ltr'><strong>Καὶ</strong></span> <span class='ocrx_word' id='word_1_66' title='bbox 637 1201 743 1282; x_wconf 79' lang='grc' dir='ltr'><strong>μὴν</strong></span> <span class='ocrx_word' id='word_1_67' title='bbox 761 1200 906 1263; x_wconf 76' lang='grc' dir='ltr'>οὐδὲν</span> <span class='ocrx_word' id='word_1_68' title='bbox 929 1202 1084 1270; x_wconf 77' lang='grc' dir='ltr'>αὖτὸς</span> <span class='ocrx_word' id='word_1_69' title='bbox 1104 1200 1307 1283; x_wconf 76' lang='grc' dir='ltr'>ἐξεῦρον</span> <span class='ocrx_word' id='word_1_70' title='bbox 1334 1201 1518 1262; x_wconf 79' lang='grc' dir='ltr'>ὁπόθεν</span> <span class='ocrx_word' id='word_1_71' title='bbox 1551 1200 1614 1261; x_wconf 74' lang='grc' dir='ltr'><strong>ἂν</strong></span> 
     </span>
     <span class='ocr_line' id='line_1_10' title="bbox 104 1288 1617 1373; baseline -0.005 -19"><span class='ocrx_word' id='word_1_72' title='bbox 104 1296 277 1359; x_wconf 79' lang='grc' dir='ltr'>εἰκότως</span> <span class='ocrx_word' id='word_1_73' title='bbox 297 1292 588 1373; x_wconf 76' lang='grc' dir='ltr'>ὑπερείδετε</span> <span class='ocrx_word' id='word_1_74' title='bbox 615 1290 710 1364; x_wconf 78' lang='grc' dir='ltr'><strong>τὴν</strong></span> <span class='ocrx_word' id='word_1_75' title='bbox 739 1289 873 1369; x_wconf 75' lang='grc' dir='ltr'>ἐμὴν</span> <span class='ocrx_word' id='word_1_76' title='bbox 899 1290 1125 1369; x_wconf 83' lang='grc' dir='ltr'>ὁμιλίαν·</span> <span class='ocrx_word' id='word_1_77' title='bbox 1209 1289 1324 1349; x_wconf 74' lang='grc' dir='ltr'>οὗτε</span> <span class='ocrx_word' id='word_1_78' title='bbox 1351 1288 1452 1371; x_wconf 78' lang='grc' dir='ltr'><strong>γὰρ</strong></span> <span class='ocrx_word' id='word_1_79' title='bbox 1481 1292 1617 1367; x_wconf 64' lang='grc' dir='ltr'>ὑμᾶς</span> 
     </span>
     <span class='ocr_line' id='line_1_11' title="bbox 257 1377 1616 1461; baseline -0.003 -20"><span class='ocrx_word' id='word_1_80' title='bbox 257 1380 386 1448; x_wconf 89' lang='grc' dir='ltr'>’τους</span> <span class='ocrx_word' id='word_1_81' title='bbox 412 1378 592 1461; x_wconf 72' lang='grc' dir='ltr'>ἑώρων</span> <span class='ocrx_word' id='word_1_82' title='bbox 613 1379 798 1453; x_wconf 86' lang='grc' dir='ltr'>ὄντας,</span> <span class='ocrx_word' id='word_1_83' title='bbox 832 1378 1056 1458; x_wconf 81' lang='grc' dir='ltr'>ἐμαυτὸν</span> <span class='ocrx_word' id='word_1_84' title='bbox 1084 1377 1128 1436; x_wconf 87' lang='grc' dir='ltr'><strong>δ’</strong></span> <span class='ocrx_word' id='word_1_85' title='bbox 1153 1377 1534 1457; x_wconf 78' lang='grc' dir='ltr'>ἀμαθέστατον,</span> <span class='ocrx_word' id='word_1_86' title='bbox 1559 1380 1616 1437; x_wconf 84' lang='grc' dir='ltr'>οὗ</span> 
     </span>
    </p>

    <p class='ocr_par' dir='ltr' id='par_1_3' title="bbox 55 1463 1625 3821">
     <span class='ocr_line' id='line_1_12' title="bbox 105 1463 1615 1577; baseline -0.005 -48"><span class='ocrx_word' id='word_1_87' title='bbox 105 1471 186 1550; x_wconf 74' lang='grc' dir='ltr'><strong>μὴν</strong></span> <span class='ocrx_word' id='word_1_88' title='bbox 210 1468 312 1529; x_wconf 76' lang='grc' dir='ltr'>οὐδὲ</span> <span class='ocrx_word' id='word_1_89' title='bbox 335 1466 650 1549; x_wconf 82' lang='grc' dir='ltr'>πολυφίλους</span> <span class='ocrx_word' id='word_1_90' title='bbox 691 1470 854 1545; x_wconf 67' lang='grc' dir='ltr'>ὑμᾶς,</span> <span class='ocrx_word' id='word_1_91' title='bbox 881 1463 1104 1545; x_wconf 81' lang='grc' dir='ltr'>ἐμαυτὸν</span> <span class='ocrx_word' id='word_1_92' title='bbox 1135 1465 1180 1525; x_wconf 87' lang='grc' dir='ltr'><strong>δ’</strong></span> <span class='ocrx_word' id='word_1_93' title='bbox 1207 1466 1398 1547; x_wconf 77' lang='grc' dir='ltr'>ἔρημον</span> <span class='ocrx_word' id='word_1_94' title='bbox 1417 1465 1615 1577; x_wconf 52' lang='grc' dir='ltr'>φίλων,</span> 
     </span>
     <span class='ocr_line' id='line_1_13' title="bbox 103 1548 1618 1631; baseline -0.005 -13"><span class='ocrx_word' id='word_1_95' title='bbox 103 1560 186 1619; x_wconf 77' lang='grc' dir='ltr'>οὐδ’</span> <span class='ocrx_word' id='word_1_96' title='bbox 209 1548 270 1616; x_wconf 67' lang='grc' dir='ltr'><strong>αὖ</strong></span> <span class='ocrx_word' id='word_1_97' title='bbox 301 1557 680 1629; x_wconf 73' lang='grc' dir='ltr'>πλουτοῦντας,</span> <span class='ocrx_word' id='word_1_98' title='bbox 709 1554 801 1631; x_wconf 80' lang='grc' dir='ltr'><strong>ἐμὲ</strong></span> <span class='ocrx_word' id='word_1_99' title='bbox 836 1552 891 1613; x_wconf 64' lang='grc' dir='ltr'><strong>δὲ</strong></span> <span class='ocrx_word' id='word_1_100' title='bbox 925 1553 1222 1631; x_wconf 83' lang='grc' dir='ltr'>πενόμενον,</span> <span class='ocrx_word' id='word_1_101' title='bbox 1249 1551 1356 1611; x_wconf 79' lang='grc' dir='ltr'>οὐδ’</span> <span class='ocrx_word' id='word_1_102' title='bbox 1383 1576 1448 1611; x_wconf 92' lang='grc' dir='ltr'><strong>αυ</strong></span> <span class='ocrx_word' id='word_1_103' title='bbox 1483 1556 1618 1631; x_wconf 74' lang='grc' dir='ltr'>ὑμᾶς</span> 
     </span>
     <span class='ocr_line' id='line_1_14' title="bbox 103 1638 1613 1723; baseline -0.001 -22"><span class='ocrx_word' id='word_1_104' title='bbox 103 1645 180 1723; x_wconf 73' lang='grc' dir='ltr'><strong>μὲν</strong></span> <span class='ocrx_word' id='word_1_105' title='bbox 218 1643 762 1723; x_wconf 72' lang='grc' dir='ltr'>ὑπερευδοκιμοῦντας,</span> <span class='ocrx_word' id='word_1_106' title='bbox 809 1640 1034 1719; x_wconf 70' lang='grc' dir='ltr'>ἐμαυτὸν</span> <span class='ocrx_word' id='word_1_107' title='bbox 1077 1640 1132 1699; x_wconf 81' lang='grc' dir='ltr'><strong>δὲ</strong></span> <span class='ocrx_word' id='word_1_108' title='bbox 1181 1638 1613 1717; x_wconf 76' lang='grc' dir='ltr'>διαὸεὸλημένον,</span> 
     </span>
     <span class='ocr_line' id='line_1_15' title="bbox 103 1725 1615 1809; baseline -0.004 -18"><span class='ocrx_word' id='word_1_109' title='bbox 103 1732 194 1791; x_wconf 80' lang='grc' dir='ltr'>οὐδὲ</span> <span class='ocrx_word' id='word_1_110' title='bbox 217 1730 274 1789; x_wconf 74' lang='grc' dir='ltr'><strong>τὰ</strong></span> <span class='ocrx_word' id='word_1_111' title='bbox 301 1728 390 1808; x_wconf 78' lang='grc' dir='ltr'><strong>μὲν</strong></span> <span class='ocrx_word' id='word_1_112' title='bbox 426 1728 535 1807; x_wconf 72' lang='grc' dir='ltr'><strong>ἐμὰ</strong></span> <span class='ocrx_word' id='word_1_113' title='bbox 564 1726 854 1809; x_wconf 76' lang='grc' dir='ltr'>πράγματα</span> <span class='ocrx_word' id='word_1_114' title='bbox 889 1726 1277 1801; x_wconf 76' lang='grc' dir='ltr'>κινδυνεύοντα,</span> <span class='ocrx_word' id='word_1_115' title='bbox 1306 1726 1372 1786; x_wconf 72' lang='grc' dir='ltr'><strong>τὰ</strong></span> <span class='ocrx_word' id='word_1_116' title='bbox 1417 1728 1461 1785; x_wconf 88' lang='grc' dir='ltr'><strong>δ’</strong></span> <span class='ocrx_word' id='word_1_117' title='bbox 1483 1725 1615 1805; x_wconf 84' lang='grc' dir='ltr'>ὑμέ-</span> 
     </span>
     <span class='ocr_line' id='line_1_16' title="bbox 59 1805 1616 1899; baseline -0.004 -20"><span class='ocrx_word' id='word_1_118' title='bbox 59 1836 206 1899; x_wconf 67' lang='grc' dir='ltr'>ιετερα</span> <span class='ocrx_word' id='word_1_119' title='bbox 225 1820 454 1898; x_wconf 82' lang='grc' dir='ltr'>ἀσφαλῶς</span> <span class='ocrx_word' id='word_1_120' title='bbox 472 1816 687 1897; x_wconf 80' lang='grc' dir='ltr'>ἔχοντα.</span> <span class='ocrx_word' id='word_1_121' title='bbox 706 1815 876 1877; x_wconf 83' lang='grc' dir='ltr'>Πόθεν</span> <span class='ocrx_word' id='word_1_122' title='bbox 897 1814 960 1875; x_wconf 75' lang='grc' dir='ltr'><strong>ἂν</strong></span> <span class='ocrx_word' id='word_1_123' title='bbox 975 1805 1062 1875; x_wconf 69' lang='grc' dir='ltr'><strong>οὗν</strong></span> <span class='ocrx_word' id='word_1_124' title='bbox 1089 1814 1297 1883; x_wconf 81' lang='grc' dir='ltr'>εἰκότως</span> <span class='ocrx_word' id='word_1_125' title='bbox 1315 1812 1616 1875; x_wconf 83' lang='grc' dir='ltr'>ὑπώπτευον</span> 
     </span>
     <span class='ocr_line' id='line_1_17' title="bbox 101 1901 1615 1987; baseline -0.003 -22"><span class='ocrx_word' id='word_1_126' title='bbox 101 1906 314 1987; x_wconf 68' lang='grc' dir='ltr'>ἄχθεσθαί</span> <span class='ocrx_word' id='word_1_127' title='bbox 337 1928 423 1983; x_wconf 88' lang='grc' dir='ltr'><strong>μοι</strong></span> <span class='ocrx_word' id='word_1_128' title='bbox 441 1904 683 1983; x_wconf 81' lang='grc' dir='ltr'>συνόντι;</span> <span class='ocrx_word' id='word_1_129' title='bbox 739 1906 804 1983; x_wconf 86' lang='lat' dir='ltr'><strong>(s)</strong></span> <span class='ocrx_word' id='word_1_130' title='bbox 839 1903 948 1965; x_wconf 78' lang='grc' dir='ltr'><strong>Καὶ</strong></span> <span class='ocrx_word' id='word_1_131' title='bbox 969 1908 1138 1963; x_wconf 87' lang='grc' dir='ltr'>ταῦτα</span> <span class='ocrx_word' id='word_1_132' title='bbox 1161 1905 1228 1977; x_wconf 85' lang='grc' dir='ltr'>δ’,</span> <span class='ocrx_word' id='word_1_133' title='bbox 1250 1902 1328 1962; x_wconf 81' lang='grc' dir='ltr'><strong>ὅτι</strong></span> <span class='ocrx_word' id='word_1_134' title='bbox 1351 1903 1479 1984; x_wconf 78' lang='grc' dir='ltr'>πρὸς</span> <span class='ocrx_word' id='word_1_135' title='bbox 1497 1901 1615 1970; x_wconf 71' lang='grc' dir='ltr'>τοὺς</span> 
     </span>
     <span class='ocr_line' id='line_1_18' title="bbox 103 1991 1614 2074; baseline -0.004 -20"><span class='ocrx_word' id='word_1_136' title='bbox 103 1994 376 2061; x_wconf 82' lang='grc' dir='ltr'>τελευταίους</span> <span class='ocrx_word' id='word_1_137' title='bbox 399 1992 598 2073; x_wconf 62' lang='grc' dir='ltr'>ὒεγεν,</span> <span class='ocrx_word' id='word_1_138' title='bbox 627 1992 715 2061; x_wconf 72' lang='grc' dir='ltr'><strong>οὓς</strong></span> <span class='ocrx_word' id='word_1_139' title='bbox 753 1991 915 2074; x_wconf 82' lang='grc' dir='ltr'>ᾤεσθε</span> <span class='ocrx_word' id='word_1_140' title='bbox 941 1994 1256 2072; x_wconf 77' lang='grc' dir='ltr'>ἀπαγγελεῖν</span> <span class='ocrx_word' id='word_1_141' title='bbox 1283 1994 1412 2069; x_wconf 83' lang='grc' dir='ltr'>ἡμῖν</span> <span class='ocrx_word' id='word_1_142' title='bbox 1431 2012 1444 2025; x_wconf 95' lang='grc'><em>·</em></span> <span class='ocrx_word' id='word_1_143' title='bbox 1471 1992 1614 2049; x_wconf 88' lang='grc' dir='ltr'><strong>κάν-</strong></span> 
     </span>
     <span class='ocr_line' id='line_1_19' title="bbox 103 2070 1616 2163; baseline -0.003 -22"><span class='ocrx_word' id='word_1_144' title='bbox 103 2088 238 2141; x_wconf 85' lang='grc' dir='ltr'>ταῦθα</span> <span class='ocrx_word' id='word_1_145' title='bbox 259 2081 477 2163; x_wconf 84' lang='grc' dir='ltr'>σόφισμα</span> <span class='ocrx_word' id='word_1_146' title='bbox 499 2081 668 2140; x_wconf 78' lang='grc' dir='ltr'>καλὸν</span> <span class='ocrx_word' id='word_1_147' title='bbox 689 2070 848 2155; x_wconf 69' lang='grc' dir='ltr'>εἶναι,</span> <span class='ocrx_word' id='word_1_148' title='bbox 869 2080 917 2139; x_wconf 81' lang='grc' dir='ltr'><strong>εἰ</strong></span> <span class='ocrx_word' id='word_1_149' title='bbox 934 2078 1236 2162; x_wconf 82' lang='grc' dir='ltr'>περιήλθετε</span> <span class='ocrx_word' id='word_1_150' title='bbox 1260 2079 1450 2146; x_wconf 77' lang='grc' dir='ltr'>πάντες</span> <span class='ocrx_word' id='word_1_151' title='bbox 1473 2080 1616 2156; x_wconf 83' lang='grc' dir='ltr'>ὑμῶν</span> 
     </span>
     <span class='ocr_line' id='line_1_20' title="bbox 105 2166 1616 2250; baseline 0 -21"><span class='ocrx_word' id='word_1_152' title='bbox 105 2173 244 2229; x_wconf 63' lang='grc' dir='ltr'>αὐτῶν</span> <span class='ocrx_word' id='word_1_153' title='bbox 283 2176 686 2250; x_wconf 84' lang='grc' dir='ltr'>κατηγοροῦντες</span> <span class='ocrx_word' id='word_1_154' title='bbox 725 2170 806 2227; x_wconf 81' lang='grc' dir='ltr'><strong>δτι</strong></span> <span class='ocrx_word' id='word_1_155' title='bbox 849 2169 1093 2249; x_wconf 86' lang='grc' dir='ltr'>πονηροῖς</span> <span class='ocrx_word' id='word_1_156' title='bbox 1132 2166 1331 2235; x_wconf 79' lang='grc' dir='ltr'>ἑκόντες</span> <span class='ocrx_word' id='word_1_157' title='bbox 1371 2169 1616 2245; x_wconf 88' lang='grc' dir='ltr'>ὁμιλεῖτε.</span> 
     </span>
     <span class='ocr_line' id='line_1_21' title="bbox 65 2247 1618 2337; baseline 0.001 -25"><span class='ocrx_word' id='word_1_158' title='bbox 65 2274 86 2312; x_wconf 76' lang='grc' dir='ltr'><strong>ι</strong></span> <span class='ocrx_word' id='word_1_159' title='bbox 105 2257 215 2337; x_wconf 82' lang='grc' dir='ltr'>Περὶ</span> <span class='ocrx_word' id='word_1_160' title='bbox 240 2258 326 2335; x_wconf 78' lang='grc' dir='ltr'><strong>μὲν</strong></span> <span class='ocrx_word' id='word_1_161' title='bbox 350 2247 434 2315; x_wconf 70' lang='grc' dir='ltr'><strong>οῦν</strong></span> <span class='ocrx_word' id='word_1_162' title='bbox 455 2262 549 2316; x_wconf 89' lang='grc' dir='ltr'><strong>τοῦ</strong></span> <span class='ocrx_word' id='word_1_163' title='bbox 576 2256 818 2335; x_wconf 83' lang='grc' dir='ltr'>λέγοντος</span> <span class='ocrx_word' id='word_1_164' title='bbox 842 2254 988 2315; x_wconf 75' lang='grc' dir='ltr'>οὐδὲν</span> <span class='ocrx_word' id='word_1_165' title='bbox 1014 2253 1080 2315; x_wconf 72' lang='grc' dir='ltr'><strong>ἂν</strong></span> <span class='ocrx_word' id='word_1_166' title='bbox 1105 2253 1396 2337; x_wconf 81' lang='grc' dir='ltr'>περαίνοιτε</span> <span class='ocrx_word' id='word_1_167' title='bbox 1423 2258 1618 2313; x_wconf 85' lang='grc' dir='ltr'>πυνθα-</span> 
     </span>
     <span class='ocr_line' id='line_1_22' title="bbox 105 2340 1619 2425; baseline -0.003 -21"><span class='ocrx_word' id='word_1_168' title='bbox 105 2345 288 2423; x_wconf 76' lang='grc' dir='ltr'>νόμενοι·</span> <span class='ocrx_word' id='word_1_169' title='bbox 312 2347 511 2425; x_wconf 88' lang='grc' dir='ltr'>πρῶτον</span> <span class='ocrx_word' id='word_1_170' title='bbox 547 2343 650 2423; x_wconf 73' lang='grc' dir='ltr'><strong>μὲν</strong></span> <span class='ocrx_word' id='word_1_171' title='bbox 672 2342 775 2425; x_wconf 72' lang='grc' dir='ltr'><strong>γὰρ</strong></span> <span class='ocrx_word' id='word_1_172' title='bbox 796 2341 983 2410; x_wconf 78' lang='grc' dir='ltr'>εἰδότες</span> <span class='ocrx_word' id='word_1_173' title='bbox 1017 2342 1262 2425; x_wconf 78' lang='grc' dir='ltr'>ἐρήσεσθε</span> <span class='ocrx_word' id='word_1_174' title='bbox 1291 2342 1379 2402; x_wconf 81' lang='grc' dir='ltr'><strong>τὸν</strong></span> <span class='ocrx_word' id='word_1_175' title='bbox 1407 2340 1619 2401; x_wconf 82' lang='grc' dir='ltr'>εἰπόντα</span> 
     </span>
     <span class='ocr_line' id='line_1_23' title="bbox 107 2429 1618 2515; baseline -0.001 -23"><span class='ocrx_word' id='word_1_176' title='bbox 107 2455 191 2510; x_wconf 78' lang='grc' dir='ltr'>μοι’</span> <span class='ocrx_word' id='word_1_177' title='bbox 213 2437 312 2500; x_wconf 88' lang='grc' dir='ltr'><strong>πῶς</strong></span> <span class='ocrx_word' id='word_1_178' title='bbox 329 2432 426 2515; x_wconf 70' lang='grc' dir='ltr'><strong>γὰρ</strong></span> <span class='ocrx_word' id='word_1_179' title='bbox 451 2435 548 2493; x_wconf 79' lang='grc' dir='ltr'><strong>οὐκ</strong></span> <span class='ocrx_word' id='word_1_180' title='bbox 573 2432 692 2493; x_wconf 75' lang='grc' dir='ltr'>ἴστε</span> <span class='ocrx_word' id='word_1_181' title='bbox 719 2431 845 2514; x_wconf 81' lang='grc' dir='ltr'>πρὸς</span> <span class='ocrx_word' id='word_1_182' title='bbox 872 2431 929 2491; x_wconf 80' lang='grc' dir='ltr'><strong>ὃν</strong></span> <span class='ocrx_word' id='word_1_183' title='bbox 951 2430 1154 2512; x_wconf 77' lang='grc' dir='ltr'>ἐλέγετε</span> <span class='ocrx_word' id='word_1_184' title='bbox 1175 2431 1265 2491; x_wconf 78' lang='grc' dir='ltr'><strong>τὸν</strong></span> <span class='ocrx_word' id='word_1_185' title='bbox 1294 2429 1474 2509; x_wconf 76' lang='grc' dir='ltr'>λόγον;</span> <span class='ocrx_word' id='word_1_186' title='bbox 1559 2430 1618 2512; x_wconf 77' lang='grc' dir='ltr'><strong>(ν)</strong></span> 
     </span>
     <span class='ocr_line' id='line_1_24' title="bbox 109 2517 1618 2601; baseline -0.001 -20"><span class='ocrx_word' id='word_1_187' title='bbox 109 2521 254 2581; x_wconf 75' lang='grc' dir='ltr'>ἔπειτα</span> <span class='ocrx_word' id='word_1_188' title='bbox 277 2521 424 2589; x_wconf 81' lang='grc' dir='ltr'>κακὸς</span> <span class='ocrx_word' id='word_1_189' title='bbox 449 2520 514 2580; x_wconf 74' lang='grc' dir='ltr'><strong>ἂν</strong></span> <span class='ocrx_word' id='word_1_190' title='bbox 539 2520 683 2599; x_wconf 73' lang='grc' dir='ltr'>εἵην,</span> <span class='ocrx_word' id='word_1_191' title='bbox 727 2522 772 2579; x_wconf 80' lang='grc' dir='ltr'><strong>εἰ</strong></span> <span class='ocrx_word' id='word_1_192' title='bbox 797 2517 966 2580; x_wconf 64' lang='grc' dir='ltr'>ταῦτα</span> <span class='ocrx_word' id='word_1_193' title='bbox 991 2518 1272 2597; x_wconf 79' lang='grc' dir='ltr'>ποιήσαιμι</span> <span class='ocrx_word' id='word_1_194' title='bbox 1303 2517 1459 2578; x_wconf 77' lang='grc' dir='ltr'>αὐτὸν</span> <span class='ocrx_word' id='word_1_195' title='bbox 1487 2519 1618 2601; x_wconf 77' lang='grc' dir='ltr'>ἅπερ</span> 
     </span>
     <span class='ocr_line' id='line_1_25' title="bbox 107 2604 1621 2689; baseline -0.003 -21"><span class='ocrx_word' id='word_1_196' title='bbox 107 2610 258 2677; x_wconf 82' lang='grc' dir='ltr'>ἐκεῖνος</span> <span class='ocrx_word' id='word_1_197' title='bbox 269 2614 408 2685; x_wconf 75' lang='grc' dir='ltr'>ὑμᾶς.</span> <span class='ocrx_word' id='word_1_198' title='bbox 430 2611 512 2671; x_wconf 85' lang='grc' dir='ltr'><strong>Οὗ</strong></span> <span class='ocrx_word' id='word_1_199' title='bbox 529 2607 642 2689; x_wconf 71' lang='grc' dir='ltr'><strong>γὰρ</strong></span> <span class='ocrx_word' id='word_1_200' title='bbox 665 2607 750 2668; x_wconf 76' lang='grc' dir='ltr'><strong>ἐπὶ</strong></span> <span class='ocrx_word' id='word_1_201' title='bbox 773 2615 879 2675; x_wconf 83' lang='grc' dir='ltr'>τοῖς</span> <span class='ocrx_word' id='word_1_202' title='bbox 902 2609 1076 2673; x_wconf 75' lang='grc' dir='ltr'>αὐτοῖς</span> <span class='ocrx_word' id='word_1_203' title='bbox 1097 2608 1286 2674; x_wconf 86' lang='grc' dir='ltr'>ἐκεῖνος</span> <span class='ocrx_word' id='word_1_204' title='bbox 1304 2611 1431 2684; x_wconf 75' lang='grc' dir='ltr'>ἡμῖν</span> <span class='ocrx_word' id='word_1_205' title='bbox 1452 2604 1621 2685; x_wconf 85' lang='grc' dir='ltr'>ἀπήγ·</span> 
     </span>
     <span class='ocr_line' id='line_1_26' title="bbox 103 2688 1621 2777; baseline -0.004 -21"><span class='ocrx_word' id='word_1_206' title='bbox 103 2699 264 2775; x_wconf 82' lang='grc' dir='ltr'>γελλεν,</span> <span class='ocrx_word' id='word_1_207' title='bbox 287 2696 360 2777; x_wconf 79' lang='grc' dir='ltr'>ἐφ’</span> <span class='ocrx_word' id='word_1_208' title='bbox 380 2688 562 2777; x_wconf 76' lang='grc' dir='ltr'>οἷσπερ</span> <span class='ocrx_word' id='word_1_209' title='bbox 583 2696 736 2773; x_wconf 87' lang='grc' dir='ltr'>ὑμεῖς</span> <span class='ocrx_word' id='word_1_210' title='bbox 763 2693 966 2776; x_wconf 83' lang='grc' dir='ltr'>ἐλέγετε</span> <span class='ocrx_word' id='word_1_211' title='bbox 991 2692 1118 2774; x_wconf 74' lang='grc' dir='ltr'>πρὸς</span> <span class='ocrx_word' id='word_1_212' title='bbox 1145 2695 1359 2754; x_wconf 77' lang='grc' dir='ltr'>ἐκεῖνον.</span> <span class='ocrx_word' id='word_1_213' title='bbox 1387 2692 1621 2761; x_wconf 87' lang='grc' dir='ltr'>Ἐκεῖνος</span> 
     </span>
     <span class='ocr_line' id='line_1_27' title="bbox 106 2782 1621 2865; baseline -0.002 -22"><span class='ocrx_word' id='word_1_214' title='bbox 106 2784 180 2861; x_wconf 81' lang='grc' dir='ltr'><strong>μὲν</strong></span> <span class='ocrx_word' id='word_1_215' title='bbox 203 2784 292 2865; x_wconf 76' lang='grc' dir='ltr'><strong>γὰρ</strong></span> <span class='ocrx_word' id='word_1_216' title='bbox 311 2783 422 2862; x_wconf 78' lang='grc' dir='ltr'>ἐμοὶ</span> <span class='ocrx_word' id='word_1_217' title='bbox 447 2782 797 2865; x_wconf 79' lang='grc' dir='ltr'>χαριζόμενος</span> <span class='ocrx_word' id='word_1_218' title='bbox 835 2782 1120 2862; x_wconf 83' lang='grc' dir='ltr'>ἀπήγγειλε</span> <span class='ocrx_word' id='word_1_219' title='bbox 1146 2785 1252 2848; x_wconf 88' lang='grc' dir='ltr'>τοῖς</span> <span class='ocrx_word' id='word_1_220' title='bbox 1285 2784 1428 2859; x_wconf 82' lang='grc' dir='ltr'>ἐμοῖς</span> <span class='ocrx_word' id='word_1_221' title='bbox 1454 2784 1621 2861; x_wconf 85' lang='grc' dir='ltr'>ἀναγ-</span> 
     </span>
     <span class='ocr_line' id='line_1_28' title="bbox 107 2868 1617 2952; baseline -0.004 -20"><span class='ocrx_word' id='word_1_222' title='bbox 107 2876 258 2945; x_wconf 80' lang='grc' dir='ltr'>καίοις,</span> <span class='ocrx_word' id='word_1_223' title='bbox 286 2876 424 2949; x_wconf 82' lang='grc' dir='ltr'>ὑμεῖς</span> <span class='ocrx_word' id='word_1_224' title='bbox 450 2870 506 2931; x_wconf 76' lang='grc' dir='ltr'><strong>δὲ</strong></span> <span class='ocrx_word' id='word_1_225' title='bbox 531 2870 790 2952; x_wconf 77' lang='grc' dir='ltr'>βλάπτειν</span> <span class='ocrx_word' id='word_1_226' title='bbox 813 2868 907 2948; x_wconf 76' lang='grc' dir='ltr'>ἐμὲ</span> <span class='ocrx_word' id='word_1_227' title='bbox 939 2868 1241 2951; x_wconf 87' lang='grc' dir='ltr'>βουλόμενοι</span> <span class='ocrx_word' id='word_1_228' title='bbox 1268 2868 1398 2949; x_wconf 81' lang='grc' dir='ltr'>πρὸς</span> <span class='ocrx_word' id='word_1_229' title='bbox 1427 2870 1617 2929; x_wconf 85' lang='grc' dir='ltr'>ἐκεῖνον</span> 
     </span>
     <span class='ocr_line' id='line_1_29' title="bbox 57 2955 1620 3038; baseline -0.003 -19"><span class='ocrx_word' id='word_1_230' title='bbox 57 2976 90 3015; x_wconf 82' lang='lat'><strong>1⁰</strong></span> <span class='ocrx_word' id='word_1_231' title='bbox 109 2960 286 3038; x_wconf 77' lang='grc' dir='ltr'>ἐλέγετε.</span> <span class='ocrx_word' id='word_1_232' title='bbox 310 2960 412 3021; x_wconf 85' lang='grc' dir='ltr'><strong>Καὶ</strong></span> <span class='ocrx_word' id='word_1_233' title='bbox 432 2964 611 3019; x_wconf 84' lang='grc' dir='ltr'>ταῦτα</span> <span class='ocrx_word' id='word_1_234' title='bbox 631 2961 677 3018; x_wconf 82' lang='grc' dir='ltr'><strong>εἷ</strong></span> <span class='ocrx_word' id='word_1_235' title='bbox 694 2956 788 3037; x_wconf 72' lang='grc' dir='ltr'><strong>μὶν</strong></span> <span class='ocrx_word' id='word_1_236' title='bbox 812 2957 1083 3031; x_wconf 82' lang='grc' dir='ltr'>ἠπίστουν,</span> <span class='ocrx_word' id='word_1_237' title='bbox 1112 2955 1396 3035; x_wconf 78' lang='grc' dir='ltr'>ἐξελέγχειν</span> <span class='ocrx_word' id='word_1_238' title='bbox 1416 2955 1480 3015; x_wconf 67' lang='grc' dir='ltr'><strong>ἂν</strong></span> <span class='ocrx_word' id='word_1_239' title='bbox 1503 2956 1620 3027; x_wconf 85' lang='grc' dir='ltr'>ἐζή-</span> 
     </span>
     <span class='ocr_line' id='line_1_30' title="bbox 107 3044 1618 3126; baseline -0.003 -19"><span class='ocrx_word' id='word_1_240' title='bbox 107 3070 214 3106; x_wconf 85' lang='grc' dir='ltr'>τουν·</span> <span class='ocrx_word' id='word_1_241' title='bbox 237 3053 316 3106; x_wconf 87' lang='grc' dir='ltr'><strong>νῦν</strong></span> <span class='ocrx_word' id='word_1_242' title='bbox 339 3046 393 3107; x_wconf 85' lang='grc' dir='ltr'><strong>δέ</strong></span> <span class='ocrx_word' id='word_1_243' title='bbox 407 3071 422 3086; x_wconf 92' lang='grc'><em>·</em></span> <span class='ocrx_word' id='word_1_244' title='bbox 463 3046 745 3126; x_wconf 75' lang='grc' dir='ltr'>ξυμὸαίνει</span> <span class='ocrx_word' id='word_1_245' title='bbox 782 3044 884 3126; x_wconf 67' lang='grc' dir='ltr'><strong>γὰρ</strong></span> <span class='ocrx_word' id='word_1_246' title='bbox 911 3046 1000 3105; x_wconf 78' lang='grc' dir='ltr'><strong>καὶ</strong></span> <span class='ocrx_word' id='word_1_247' title='bbox 1032 3050 1200 3105; x_wconf 86' lang='grc' dir='ltr'>ταῦτα</span> <span class='ocrx_word' id='word_1_248' title='bbox 1239 3046 1344 3113; x_wconf 89' lang='grc' dir='ltr'>τοῖς</span> <span class='ocrx_word' id='word_1_249' title='bbox 1369 3044 1470 3126; x_wconf 82' lang='grc' dir='ltr'><strong>πρὸ</strong></span> <span class='ocrx_word' id='word_1_250' title='bbox 1497 3050 1587 3105; x_wconf 91' lang='grc' dir='ltr'><strong>τοῦ</strong></span> <span class='ocrx_word' id='word_1_251' title='bbox 1603 3090 1618 3119; x_wconf 94' lang='grc'>,</span> 
     </span>
     <span class='ocr_line' id='line_1_31' title="bbox 108 3130 1620 3213; baseline -0.003 -18"><span class='ocrx_word' id='word_1_252' title='bbox 108 3136 177 3195; x_wconf 80' lang='grc' dir='ltr'><strong>καὶ</strong></span> <span class='ocrx_word' id='word_1_253' title='bbox 209 3134 310 3213; x_wconf 78' lang='grc' dir='ltr'>ἐμοὶ</span> <span class='ocrx_word' id='word_1_254' title='bbox 345 3139 540 3212; x_wconf 84' lang='grc' dir='ltr'>σημεῖα.</span> <span class='ocrx_word' id='word_1_255' title='bbox 587 3138 760 3194; x_wconf 89' lang='grc' dir='ltr'>ταῦτα</span> <span class='ocrx_word' id='word_1_256' title='bbox 801 3132 896 3211; x_wconf 79' lang='grc' dir='ltr'><strong>μὲν</strong></span> <span class='ocrx_word' id='word_1_257' title='bbox 937 3132 1144 3193; x_wconf 81' lang='grc' dir='ltr'>ἐκείνων</span> <span class='ocrx_word' id='word_1_258' title='bbox 1177 3130 1334 3204; x_wconf 79' lang='grc' dir='ltr'>ἐστίν,</span> <span class='ocrx_word' id='word_1_259' title='bbox 1361 3132 1530 3190; x_wconf 82' lang='grc' dir='ltr'>ἐκεῖνα</span> <span class='ocrx_word' id='word_1_260' title='bbox 1565 3130 1620 3191; x_wconf 82' lang='grc' dir='ltr'><strong>δὲ</strong></span> 
     </span>
     <span class='ocr_line' id='line_1_32' title="bbox 107 3218 1620 3303; baseline -0.001 -22"><span class='ocrx_word' id='word_1_261' title='bbox 107 3222 266 3282; x_wconf 74' lang='grc' dir='ltr'>τούτων</span> <span class='ocrx_word' id='word_1_262' title='bbox 289 3222 457 3284; x_wconf 73' lang='grc' dir='ltr'>ἱκανοί.</span> <span class='ocrx_word' id='word_1_263' title='bbox 486 3222 580 3303; x_wconf 85' lang='grc' dir='ltr'>(ιο)</span> <span class='ocrx_word' id='word_1_264' title='bbox 613 3224 832 3301; x_wconf 86' lang='grc' dir='ltr'>Πρῶτον</span> <span class='ocrx_word' id='word_1_265' title='bbox 861 3221 955 3299; x_wconf 83' lang='grc' dir='ltr'><strong>μὲν</strong></span> <span class='ocrx_word' id='word_1_266' title='bbox 977 3219 1186 3280; x_wconf 76' lang='grc' dir='ltr'>ἅπαντα</span> <span class='ocrx_word' id='word_1_267' title='bbox 1219 3220 1284 3278; x_wconf 85' lang='grc' dir='ltr'><strong>δι’</strong></span> <span class='ocrx_word' id='word_1_268' title='bbox 1313 3221 1456 3296; x_wconf 83' lang='grc' dir='ltr'>ὑμῶν</span> <span class='ocrx_word' id='word_1_269' title='bbox 1479 3218 1620 3299; x_wconf 73' lang='grc' dir='ltr'>πρά-</span> 
     </span>
     <span class='ocr_line' id='line_1_33' title="bbox 106 3303 1621 3389; baseline -0.001 -22"><span class='ocrx_word' id='word_1_270' title='bbox 106 3308 230 3378; x_wconf 77' lang='grc' dir='ltr'>ξαντά</span> <span class='ocrx_word' id='word_1_271' title='bbox 253 3332 311 3385; x_wconf 85' lang='grc' dir='ltr'><strong>με</strong></span> <span class='ocrx_word' id='word_1_272' title='bbox 331 3308 566 3389; x_wconf 75' lang='grc' dir='ltr'>περὶτῆς</span> <span class='ocrx_word' id='word_1_273' title='bbox 593 3306 781 3375; x_wconf 78' lang='grc' dir='ltr'>θέσεως</span> <span class='ocrx_word' id='word_1_274' title='bbox 803 3312 892 3367; x_wconf 88' lang='grc' dir='ltr'><strong>τοῦ</strong></span> <span class='ocrx_word' id='word_1_275' title='bbox 909 3304 1090 3367; x_wconf 70' lang='grc' dir='ltr'>ἵππου.</span> <span class='ocrx_word' id='word_1_276' title='bbox 1117 3308 1361 3387; x_wconf 80' lang='grc' dir='ltr'>Προσῆγε</span> <span class='ocrx_word' id='word_1_277' title='bbox 1383 3303 1621 3385; x_wconf 85' lang='grc' dir='ltr'>μαχόμε-</span> 
     </span>
     <span class='ocr_line' id='line_1_34' title="bbox 108 3390 1622 3473; baseline -0.003 -18"><span class='ocrx_word' id='word_1_278' title='bbox 108 3418 170 3455; x_wconf 80' lang='grc' dir='ltr'><strong>νον</strong></span> <span class='ocrx_word' id='word_1_279' title='bbox 193 3395 434 3471; x_wconf 82' lang='grc' dir='ltr'>κάμνοντα</span> <span class='ocrx_word' id='word_1_280' title='bbox 461 3393 554 3453; x_wconf 77' lang='grc' dir='ltr'><strong>τὸν</strong></span> <span class='ocrx_word' id='word_1_281' title='bbox 586 3393 774 3453; x_wconf 79' lang='grc' dir='ltr'>ἵππον.</span> <span class='ocrx_word' id='word_1_282' title='bbox 807 3392 1038 3471; x_wconf 82' lang='grc' dir='ltr'>Ἀνοίγειν</span> <span class='ocrx_word' id='word_1_283' title='bbox 1061 3416 1128 3471; x_wconf 88' lang='grc' dir='ltr'><strong>με</strong></span> <span class='ocrx_word' id='word_1_284' title='bbox 1155 3391 1464 3473; x_wconf 83' lang='grc' dir='ltr'>βουλόμενον</span> <span class='ocrx_word' id='word_1_285' title='bbox 1493 3390 1622 3451; x_wconf 79' lang='grc' dir='ltr'>Διό·</span> 
     </span>
     <span class='ocr_line' id='line_1_35' title="bbox 109 3475 1624 3563; baseline -0.001 -22"><span class='ocrx_word' id='word_1_286' title='bbox 109 3486 236 3563; x_wconf 82' lang='grc' dir='ltr'>δωρος</span> <span class='ocrx_word' id='word_1_287' title='bbox 257 3475 392 3551; x_wconf 71' lang='grc' dir='ltr'>οὗτος</span> <span class='ocrx_word' id='word_1_288' title='bbox 411 3480 737 3562; x_wconf 77' lang='grc' dir='ltr'>ἀποτρέπειν</span> <span class='ocrx_word' id='word_1_289' title='bbox 765 3482 1037 3561; x_wconf 79' lang='grc' dir='ltr'>ἐπειρᾶτο,</span> <span class='ocrx_word' id='word_1_290' title='bbox 1069 3479 1280 3561; x_wconf 76' lang='grc' dir='ltr'>φάσκων</span> <span class='ocrx_word' id='word_1_291' title='bbox 1311 3478 1454 3539; x_wconf 75' lang='grc' dir='ltr'>οὐδὲν</span> <span class='ocrx_word' id='word_1_292' title='bbox 1484 3480 1624 3539; x_wconf 84' lang='grc' dir='ltr'>ἀντι·</span> 
     </span>
     <span class='ocr_line' id='line_1_36' title="bbox 107 3564 1625 3651; baseline -0.002 -23"><span class='ocrx_word' id='word_1_293' title='bbox 107 3569 234 3638; x_wconf 79' lang='grc' dir='ltr'>λέξειν</span> <span class='ocrx_word' id='word_1_294' title='bbox 263 3570 376 3651; x_wconf 79' lang='grc' dir='ltr'>περὶ</span> <span class='ocrx_word' id='word_1_295' title='bbox 395 3574 500 3629; x_wconf 88' lang='grc' dir='ltr'><strong>τῶν</strong></span> <span class='ocrx_word' id='word_1_296' title='bbox 528 3568 739 3628; x_wconf 82' lang='grc' dir='ltr'>δώδεκα</span> <span class='ocrx_word' id='word_1_297' title='bbox 768 3572 909 3648; x_wconf 89' lang='grc' dir='ltr'>μνῶν</span> <span class='ocrx_word' id='word_1_298' title='bbox 942 3567 1246 3641; x_wconf 83' lang='grc' dir='ltr'>Πολυκλέα,</span> <span class='ocrx_word' id='word_1_299' title='bbox 1274 3568 1390 3627; x_wconf 86' lang='grc' dir='ltr'>ἀλλ’</span> <span class='ocrx_word' id='word_1_300' title='bbox 1421 3564 1625 3626; x_wconf 82' lang='grc' dir='ltr'>ἀποδώ-</span> 
     </span>
     <span class='ocr_line' id='line_1_37' title="bbox 55 3654 1620 3739; baseline -0.004 -20"><span class='ocrx_word' id='word_1_301' title='bbox 55 3678 90 3719; x_wconf 77' lang='grc' dir='ltr'><strong>ιι</strong></span> <span class='ocrx_word' id='word_1_302' title='bbox 107 3680 208 3719; x_wconf 84' lang='grc' dir='ltr'>σειν.</span> <span class='ocrx_word' id='word_1_303' title='bbox 240 3658 366 3720; x_wconf 85' lang='grc' dir='ltr'>Τότε</span> <span class='ocrx_word' id='word_1_304' title='bbox 393 3656 566 3739; x_wconf 80' lang='grc' dir='ltr'>λέγων</span> <span class='ocrx_word' id='word_1_305' title='bbox 601 3662 766 3717; x_wconf 84' lang='grc' dir='ltr'>ταῦτα</span> <span class='ocrx_word' id='word_1_306' title='bbox 781 3702 798 3736; x_wconf 89' lang='grc'>,</span> <span class='ocrx_word' id='word_1_307' title='bbox 822 3654 957 3736; x_wconf 74' lang='grc' dir='ltr'>μετὰ</span> <span class='ocrx_word' id='word_1_308' title='bbox 983 3654 1072 3715; x_wconf 75' lang='grc' dir='ltr'><strong>τὸν</strong></span> <span class='ocrx_word' id='word_1_309' title='bbox 1103 3654 1320 3715; x_wconf 89' lang='grc' dir='ltr'>θοίνατον</span> <span class='ocrx_word' id='word_1_310' title='bbox 1347 3659 1440 3714; x_wconf 88' lang='grc' dir='ltr'><strong>τοῦ</strong></span> <span class='ocrx_word' id='word_1_311' title='bbox 1458 3654 1620 3715; x_wconf 72' lang='grc' dir='ltr'>ἵππου</span> 
     </span>
     <span class='ocr_line' id='line_1_38' title="bbox 107 3741 1622 3821; baseline -0.001 -19"><span class='ocrx_word' id='word_1_312' title='bbox 107 3744 292 3818; x_wconf 75' lang='grc' dir='ltr'>κατέστη</span> <span class='ocrx_word' id='word_1_313' title='bbox 316 3747 572 3806; x_wconf 76' lang='grc' dir='ltr'>τελευτῶν</span> <span class='ocrx_word' id='word_1_314' title='bbox 605 3744 857 3813; x_wconf 85' lang='grc' dir='ltr'>ἀντίδικος</span> <span class='ocrx_word' id='word_1_315' title='bbox 883 3741 1019 3821; x_wconf 72' lang='grc' dir='ltr'>μετὰ</span> <span class='ocrx_word' id='word_1_316' title='bbox 1041 3742 1257 3816; x_wconf 78' lang='grc' dir='ltr'>τούτων,</span> <span class='ocrx_word' id='word_1_317' title='bbox 1281 3742 1444 3820; x_wconf 85' lang='grc' dir='ltr'>λέγων</span> <span class='ocrx_word' id='word_1_318' title='bbox 1471 3746 1542 3811; x_wconf 82' lang='grc' dir='ltr'><strong>ὡς</strong></span> <span class='ocrx_word' id='word_1_319' title='bbox 1563 3743 1622 3801; x_wconf 82' lang='grc' dir='ltr'>οὗ</span> 
     </span>
    </p>
   </div>
   <div class='ocr_carea' id='block_1_3' title="bbox 107 3829 1653 3912">
    <p class='ocr_par' dir='ltr' id='par_1_4' title="bbox 107 3829 1653 3912">
     <span class='ocr_line' id='line_1_39' title="bbox 107 3829 1653 3912; baseline -0.001 -22"><span class='ocrx_word' id='word_1_320' title='bbox 107 3832 264 3891; x_wconf 82' lang='grc' dir='ltr'>δίκαιόν</span> <span class='ocrx_word' id='word_1_321' title='bbox 290 3856 353 3911; x_wconf 80' lang='grc' dir='ltr'><strong>με</strong></span> <span class='ocrx_word' id='word_1_322' title='bbox 376 3833 457 3906; x_wconf 76' lang='grc' dir='ltr'><strong>εἴη</strong></span> <span class='ocrx_word' id='word_1_323' title='bbox 475 3830 804 3912; x_wconf 82' lang='grc' dir='ltr'>κομίσασθαι</span> <span class='ocrx_word' id='word_1_324' title='bbox 829 3830 890 3890; x_wconf 73' lang='grc' dir='ltr'><strong>τὸ</strong></span> <span class='ocrx_word' id='word_1_325' title='bbox 909 3829 1170 3912; x_wconf 78' lang='grc' dir='ltr'>ἀργύριον.</span> <span class='ocrx_word' id='word_1_326' title='bbox 1256 3831 1344 3910; x_wconf 78' lang='grc' dir='ltr'>(ιι)</span> <span class='ocrx_word' id='word_1_327' title='bbox 1371 3830 1622 3909; x_wconf 84' lang='grc' dir='ltr'>Καίτοιγε</span> <span class='ocrx_word' id='word_1_328' title='bbox 1647 3897 1653 3910; x_wconf 44' lang='grc' dir='ltr'>Ι</span> 
     </span>
    </p>
   </div>
   <div class='ocr_carea' id='block_1_4' title="bbox 65 3915 1626 5385">
    <p class='ocr_par' dir='ltr' id='par_1_5' title="bbox 65 3915 1626 5385">
     <span class='ocr_line' id='line_1_40' title="bbox 109 3915 1622 4000; baseline -0.003 -21"><span class='ocrx_word' id='word_1_329' title='bbox 109 3922 220 3999; x_wconf 74' lang='grc' dir='ltr'>σφῶν</span> <span class='ocrx_word' id='word_1_330' title='bbox 245 3944 298 3999; x_wconf 90' lang='grc' dir='ltr'><strong>γε</strong></span> <span class='ocrx_word' id='word_1_331' title='bbox 319 3922 490 3979; x_wconf 81' lang='grc' dir='ltr'>αὗτῶν</span> <span class='ocrx_word' id='word_1_332' title='bbox 533 3918 749 3998; x_wconf 81' lang='grc' dir='ltr'>κατηγό</span> <span class='ocrx_word' id='word_1_333' title='bbox 809 3942 889 3979; x_wconf 87' lang='grc' dir='ltr'><strong>υν.</strong></span> <span class='ocrx_word' id='word_1_334' title='bbox 975 3920 1044 3979; x_wconf 77' lang='grc' dir='ltr'><strong>Εἰ</strong></span> <span class='ocrx_word' id='word_1_335' title='bbox 1071 3916 1172 4000; x_wconf 78' lang='grc' dir='ltr'><strong>γὰρ</strong></span> <span class='ocrx_word' id='word_1_336' title='bbox 1203 3917 1238 3977; x_wconf 75' lang='grc' dir='ltr'>ἃ</span> <span class='ocrx_word' id='word_1_337' title='bbox 1263 3915 1397 3996; x_wconf 77' lang='grc' dir='ltr'>μετὰ</span> <span class='ocrx_word' id='word_1_338' title='bbox 1426 3916 1622 3976; x_wconf 74' lang='grc' dir='ltr'>τούτων</span> 
     </span>
     <span class='ocr_line' id='line_1_41' title="bbox 108 3942 1624 4090; baseline 0.001 -28"><span class='ocrx_word' id='word_1_339' title='bbox 108 4006 382 4090; x_wconf 76' lang='grc' dir='ltr'>ἀδικουμένῳ</span> <span class='ocrx_word' id='word_1_340' title='bbox 409 4031 498 4087; x_wconf 88' lang='grc' dir='ltr'><strong>μοι</strong></span> <span class='ocrx_word' id='word_1_341' title='bbox 529 4006 700 4085; x_wconf 81' lang='grc' dir='ltr'>μηδὲν</span> <span class='ocrx_word' id='word_1_342' title='bbox 728 3942 808 4079; x_wconf 46' lang='grc' dir='ltr'><strong>ἧς)</strong></span> <span class='ocrx_word' id='word_1_343' title='bbox 819 4006 1015 4066; x_wconf 88' lang='grc' dir='ltr'>δίκαιον</span> <span class='ocrx_word' id='word_1_344' title='bbox 1056 4007 1238 4080; x_wconf 81' lang='grc' dir='ltr'>εἰπεῖν,</span> <span class='ocrx_word' id='word_1_345' title='bbox 1271 3996 1411 4078; x_wconf 72' lang='grc' dir='ltr'>ἦπου</span> <span class='ocrx_word' id='word_1_346' title='bbox 1453 4008 1624 4073; x_wconf 86' lang='grc' dir='ltr'>καλῶς</span> 
     </span>
     <span class='ocr_line' id='line_1_42' title="bbox 108 4092 1624 4177; baseline 0.001 -26"><span class='ocrx_word' id='word_1_347' title='bbox 108 4093 426 4177; x_wconf 86' lang='grc' dir='ltr'>συνέπραττον.</span> <span class='ocrx_word' id='word_1_348' title='bbox 452 4094 571 4155; x_wconf 79' lang='grc' dir='ltr'><strong>Καὶ</strong></span> <span class='ocrx_word' id='word_1_349' title='bbox 594 4093 700 4171; x_wconf 84' lang='grc' dir='ltr'><strong>ἐγὼ</strong></span> <span class='ocrx_word' id='word_1_350' title='bbox 716 4093 810 4171; x_wconf 82' lang='grc' dir='ltr'><strong>μὲν</strong></span> <span class='ocrx_word' id='word_1_351' title='bbox 836 4093 990 4177; x_wconf 82' lang='grc' dir='ltr'>ᾤμην</span> <span class='ocrx_word' id='word_1_352' title='bbox 1009 4096 1413 4176; x_wconf 74' lang='grc' dir='ltr'>φιλοσοφοῦντας</span> <span class='ocrx_word' id='word_1_353' title='bbox 1442 4092 1624 4161; x_wconf 77' lang='grc' dir='ltr'>αὖτοὺς</span> 
     </span>
     <span class='ocr_line' id='line_1_43' title="bbox 107 4178 1623 4265; baseline 0 -26"><span class='ocrx_word' id='word_1_354' title='bbox 107 4181 197 4261; x_wconf 77' lang='grc' dir='ltr'>περὶ</span> <span class='ocrx_word' id='word_1_355' title='bbox 236 4189 317 4243; x_wconf 90' lang='grc' dir='ltr'><strong>τοῦ</strong></span> <span class='ocrx_word' id='word_1_356' title='bbox 345 4184 659 4265; x_wconf 79' lang='grc' dir='ltr'>πράγματος</span> <span class='ocrx_word' id='word_1_357' title='bbox 689 4181 969 4261; x_wconf 84' lang='grc' dir='ltr'>ἀντιλέγειν</span> <span class='ocrx_word' id='word_1_358' title='bbox 997 4182 1082 4240; x_wconf 85' lang='grc' dir='ltr'><strong>τὸν</strong></span> <span class='ocrx_word' id='word_1_359' title='bbox 1124 4180 1350 4241; x_wconf 87' lang='grc' dir='ltr'>ἐναντίον</span> <span class='ocrx_word' id='word_1_360' title='bbox 1379 4178 1547 4260; x_wconf 85' lang='grc' dir='ltr'>λόγον·</span> <span class='ocrx_word' id='word_1_361' title='bbox 1575 4184 1623 4240; x_wconf 80' lang='grc' dir='ltr'>οἱ</span> 
     </span>
     <span class='ocr_line' id='line_1_44' title="bbox 65 4266 1624 4350; baseline 0.003 -26"><span class='ocrx_word' id='word_1_362' title='bbox 65 4285 98 4324; x_wconf 73' lang='lat' dir='ltr'><strong>s)</strong></span> <span class='ocrx_word' id='word_1_363' title='bbox 115 4268 146 4325; x_wconf 73' lang='grc' dir='ltr'><strong>δ’</strong></span> <span class='ocrx_word' id='word_1_364' title='bbox 169 4268 256 4349; x_wconf 77' lang='grc' dir='ltr'><strong>ἄρα</strong></span> <span class='ocrx_word' id='word_1_365' title='bbox 277 4274 365 4331; x_wconf 77' lang='grc' dir='ltr'><strong>οὔκ</strong></span> <span class='ocrx_word' id='word_1_366' title='bbox 388 4272 687 4350; x_wconf 78' lang='grc' dir='ltr'>ἀντέλεγον,</span> <span class='ocrx_word' id='word_1_367' title='bbox 711 4268 828 4329; x_wconf 79' lang='grc' dir='ltr'>ἀλλ’</span> <span class='ocrx_word' id='word_1_368' title='bbox 853 4268 1220 4350; x_wconf 80' lang='grc' dir='ltr'>ἀντέπραττον·</span> <span class='ocrx_word' id='word_1_369' title='bbox 1309 4270 1398 4347; x_wconf 85' lang='lat'><em>(12)</em></span> <span class='ocrx_word' id='word_1_370' title='bbox 1424 4268 1514 4328; x_wconf 79' lang='grc' dir='ltr'><strong>καὶ</strong></span> <span class='ocrx_word' id='word_1_371' title='bbox 1540 4266 1624 4329; x_wconf 74' lang='grc' dir='ltr'><strong>διὰ</strong></span> 
     </span>
     <span class='ocr_line' id='line_1_45' title="bbox 113 4354 1623 4439; baseline 0.003 -27"><span class='ocrx_word' id='word_1_372' title='bbox 113 4360 230 4414; x_wconf 80' lang='grc' dir='ltr'>τοῦτο</span> <span class='ocrx_word' id='word_1_373' title='bbox 265 4358 637 4439; x_wconf 79' lang='grc' dir='ltr'>ἀντέπραττον,</span> <span class='ocrx_word' id='word_1_374' title='bbox 674 4356 762 4415; x_wconf 72' lang='grc' dir='ltr'><strong>ἵνα</strong></span> <span class='ocrx_word' id='word_1_375' title='bbox 800 4355 886 4415; x_wconf 81' lang='grc' dir='ltr'><strong>τὸν</strong></span> <span class='ocrx_word' id='word_1_376' title='bbox 915 4355 1040 4433; x_wconf 83' lang='grc' dir='ltr'>ἐμὸν</span> <span class='ocrx_word' id='word_1_377' title='bbox 1065 4354 1216 4435; x_wconf 83' lang='grc' dir='ltr'>λόγον</span> <span class='ocrx_word' id='word_1_378' title='bbox 1254 4354 1412 4427; x_wconf 80' lang='grc' dir='ltr'>εἰδείη</span> <span class='ocrx_word' id='word_1_379' title='bbox 1443 4355 1623 4416; x_wconf 85' lang='grc' dir='ltr'>Πολυ-</span> 
     </span>
     <span class='ocr_line' id='line_1_46' title="bbox 111 4444 1623 4527; baseline 0.003 -28"><span class='ocrx_word' id='word_1_380' title='bbox 111 4444 222 4513; x_wconf 56' lang='lat' dir='ltr'><strong>ziz&lt;-</strong></span> <span class='ocrx_word' id='word_1_381' title='bbox 247 4445 470 4517; x_wconf 79' lang='grc' dir='ltr'>ἐδηλώθη</span> <span class='ocrx_word' id='word_1_382' title='bbox 497 4446 606 4527; x_wconf 73' lang='grc' dir='ltr'><strong>γὰρ</strong></span> <span class='ocrx_word' id='word_1_383' title='bbox 641 4450 826 4505; x_wconf 87' lang='grc' dir='ltr'>ταῦτα.</span> <span class='ocrx_word' id='word_1_384' title='bbox 877 4504 882 4509; x_wconf 80' lang='grc'>,</span> <span class='ocrx_word' id='word_1_385' title='bbox 909 4444 1195 4525; x_wconf 85' lang='grc' dir='ltr'>Παρόντων</span> <span class='ocrx_word' id='word_1_386' title='bbox 1221 4447 1324 4502; x_wconf 87' lang='grc' dir='ltr'><strong>τῶν</strong></span> <span class='ocrx_word' id='word_1_387' title='bbox 1349 4444 1623 4516; x_wconf 80' lang='grc' dir='ltr'>διαιτητῶν</span> 
     </span>
     <span class='ocr_line' id='line_1_47' title="bbox 113 4522 1625 4609; baseline 0.001 -20"><span class='ocrx_word' id='word_1_388' title='bbox 113 4531 384 4609; x_wconf 74' lang='grc' dir='ltr'>ὀργιζόμενος</span> <span class='ocrx_word' id='word_1_389' title='bbox 403 4538 434 4593; x_wconf 89' lang='grc' dir='ltr'>ὁ</span> <span class='ocrx_word' id='word_1_390' title='bbox 465 4534 746 4605; x_wconf 77' lang='grc' dir='ltr'>Πολυκλῆς</span> <span class='ocrx_word' id='word_1_391' title='bbox 767 4522 908 4591; x_wconf 72' lang='grc' dir='ltr'>εἶπεν</span> <span class='ocrx_word' id='word_1_392' title='bbox 929 4530 1008 4591; x_wconf 80' lang='grc' dir='ltr'><strong>ὅτι</strong></span> <span class='ocrx_word' id='word_1_393' title='bbox 1031 4532 1122 4591; x_wconf 74' lang='grc' dir='ltr'><strong>καὶ</strong></span> <span class='ocrx_word' id='word_1_394' title='bbox 1142 4532 1246 4599; x_wconf 92' lang='grc' dir='ltr'>τοῖς</span> <span class='ocrx_word' id='word_1_395' title='bbox 1265 4533 1406 4609; x_wconf 87' lang='grc' dir='ltr'>ἐμοῖς</span> <span class='ocrx_word' id='word_1_396' title='bbox 1429 4532 1625 4604; x_wconf 84' lang='grc' dir='ltr'>ἐπιτη-</span> 
     </span>
     <span class='ocr_line' id='line_1_48' title="bbox 118 4609 1623 4701; baseline 0.003 -27"><span class='ocrx_word' id='word_1_397' title='bbox 118 4615 232 4685; x_wconf 75' lang='grc' dir='ltr'>δείοις</span> <span class='ocrx_word' id='word_1_398' title='bbox 251 4620 438 4679; x_wconf 78' lang='grc' dir='ltr'>ἀδικεῖν</span> <span class='ocrx_word' id='word_1_399' title='bbox 465 4619 696 4693; x_wconf 81' lang='grc' dir='ltr'>δοκοίην,</span> <span class='ocrx_word' id='word_1_400' title='bbox 721 4622 792 4687; x_wconf 80' lang='grc' dir='ltr'><strong>ὡς</strong></span> <span class='ocrx_word' id='word_1_401' title='bbox 812 4618 940 4701; x_wconf 82' lang='grc' dir='ltr'>πρὸς</span> <span class='ocrx_word' id='word_1_402' title='bbox 959 4620 1152 4679; x_wconf 83' lang='grc' dir='ltr'>ἐκεῖνον</span> <span class='ocrx_word' id='word_1_403' title='bbox 1169 4618 1388 4699; x_wconf 88' lang='grc' dir='ltr'>λέγοιεν.</span> <span class='ocrx_word' id='word_1_404' title='bbox 1410 4609 1470 4679; x_wconf 59' lang='lat' dir='ltr'><strong>*A</strong></span> <span class='ocrx_word' id='word_1_405' title='bbox 1479 4619 1544 4700; x_wconf 83' lang='grc' dir='ltr'><strong>ροί</strong></span> <span class='ocrx_word' id='word_1_406' title='bbox 1564 4642 1623 4697; x_wconf 83' lang='grc' dir='ltr'><strong>γε</strong></span> 
     </span>
     <span class='ocr_line' id='line_1_49' title="bbox 117 4704 1626 4788; baseline 0.003 -25"><span class='ocrx_word' id='word_1_407' title='bbox 117 4704 182 4763; x_wconf 76' lang='grc' dir='ltr'><strong>καὶ</strong></span> <span class='ocrx_word' id='word_1_408' title='bbox 197 4712 343 4766; x_wconf 87' lang='grc' dir='ltr'>ταῦτα</span> <span class='ocrx_word' id='word_1_409' title='bbox 363 4706 640 4786; x_wconf 73' lang='grc' dir='ltr'>ξυμὸαίνει</span> <span class='ocrx_word' id='word_1_410' title='bbox 655 4708 761 4775; x_wconf 87' lang='grc' dir='ltr'>τοῖς</span> <span class='ocrx_word' id='word_1_411' title='bbox 784 4705 1287 4787; x_wconf 57' lang='grc' dir='ltr'>ἀπαγγελλομένοις</span> <span class='ocrx_word' id='word_1_412' title='bbox 1303 4711 1332 4767; x_wconf 91' lang='grc' dir='ltr'>ὁ</span> <span class='ocrx_word' id='word_1_413' title='bbox 1353 4706 1454 4788; x_wconf 79' lang='grc' dir='ltr'><strong>γὰρ</strong></span> <span class='ocrx_word' id='word_1_414' title='bbox 1475 4707 1626 4775; x_wconf 79' lang='grc' dir='ltr'>οὗτὸς</span> 
     </span>
     <span class='ocr_line' id='line_1_50' title="bbox 120 4792 1622 4877; baseline 0.001 -23"><span class='ocrx_word' id='word_1_415' title='bbox 120 4792 378 4871; x_wconf 76' lang='grc' dir='ltr'>ἆπῆγγειλεν</span> <span class='ocrx_word' id='word_1_416' title='bbox 404 4798 474 4864; x_wconf 80' lang='grc' dir='ltr'><strong>ὣς</strong></span> <span class='ocrx_word' id='word_1_417' title='bbox 510 4795 630 4864; x_wconf 70' lang='grc' dir='ltr'>τοὺς</span> <span class='ocrx_word' id='word_1_418' title='bbox 655 4795 789 4877; x_wconf 83' lang='grc' dir='ltr'>ὑπὲρ</span> <span class='ocrx_word' id='word_1_419' title='bbox 819 4798 946 4873; x_wconf 82' lang='grc' dir='ltr'>ἐμοῦ</span> <span class='ocrx_word' id='word_1_420' title='bbox 976 4794 1259 4875; x_wconf 87' lang='grc' dir='ltr'>μέλλοντας</span> <span class='ocrx_word' id='word_1_421' title='bbox 1287 4794 1454 4873; x_wconf 88' lang='grc' dir='ltr'>λέγειν</span> <span class='ocrx_word' id='word_1_422' title='bbox 1489 4797 1622 4855; x_wconf 82' lang='grc' dir='ltr'>ἀπο-</span> 
     </span>
     <span class='ocr_line' id='line_1_51' title="bbox 119 4879 1625 4964; baseline 0.003 -29"><span class='ocrx_word' id='word_1_423' title='bbox 119 4879 280 4959; x_wconf 75' lang='grc' dir='ltr'>τρέψειν</span> <span class='ocrx_word' id='word_1_424' title='bbox 289 4882 552 4963; x_wconf 73' lang='grc' dir='ltr'>φάσκοιτε,</span> <span class='ocrx_word' id='word_1_425' title='bbox 561 4882 677 4951; x_wconf 76' lang='grc' dir='ltr'>τοὺς</span> <span class='ocrx_word' id='word_1_426' title='bbox 691 4880 746 4941; x_wconf 77' lang='grc' dir='ltr'><strong>δέ</strong></span> <span class='ocrx_word' id='word_1_427' title='bbox 763 4904 904 4951; x_wconf 87' lang='grc' dir='ltr'>τινας</span> <span class='ocrx_word' id='word_1_428' title='bbox 917 4882 1020 4955; x_wconf 83' lang='grc' dir='ltr'><strong>ἤδη</strong></span> <span class='ocrx_word' id='word_1_429' title='bbox 1036 4882 1348 4944; x_wconf 83' lang='grc' dir='ltr'>κωλύσαιτε.</span> <span class='ocrx_word' id='word_1_430' title='bbox 1391 4884 1486 4964; x_wconf 77' lang='grc'>(13)</span> <span class='ocrx_word' id='word_1_431' title='bbox 1514 4882 1625 4943; x_wconf 75' lang='grc' dir='ltr'><strong>Καὶ</strong></span> 
     </span>
     <span class='ocr_line' id='line_1_52' title="bbox 71 4968 1625 5052; baseline 0.005 -31"><span class='ocrx_word' id='word_1_432' title='bbox 71 4968 247 5025; x_wconf 58' lang='lat' dir='ltr'><strong>satta</strong></span> <span class='ocrx_word' id='word_1_433' title='bbox 264 4968 312 5026; x_wconf 88' lang='grc' dir='ltr'><strong>τί</strong></span> <span class='ocrx_word' id='word_1_434' title='bbox 333 4993 396 5047; x_wconf 90' lang='grc' dir='ltr'><strong>με</strong></span> <span class='ocrx_word' id='word_1_435' title='bbox 422 4970 501 5028; x_wconf 87' lang='grc' dir='ltr'><strong>δεῖ</strong></span> <span class='ocrx_word' id='word_1_436' title='bbox 523 4968 874 5052; x_wconf 82' lang='grc' dir='ltr'>φανερώτερον</span> <span class='ocrx_word' id='word_1_437' title='bbox 898 4970 1183 5049; x_wconf 81' lang='grc' dir='ltr'>ἐξελέγχειν</span> <span class='ocrx_word' id='word_1_438' title='bbox 1192 4994 1209 5045; x_wconf 83' lang='lat'><em>3</em></span> <span class='ocrx_word' id='word_1_439' title='bbox 1239 4970 1362 5052; x_wconf 85' lang='grc' dir='ltr'>φέρε</span> <span class='ocrx_word' id='word_1_440' title='bbox 1387 4969 1490 5051; x_wconf 76' lang='grc' dir='ltr'><strong>γὰρ</strong></span> <span class='ocrx_word' id='word_1_441' title='bbox 1511 4972 1625 5050; x_wconf 76' lang='grc' dir='ltr'>ᾔδει</span> 
     </span>
     <span class='ocr_line' id='line_1_53' title="bbox 124 5050 1622 5137; baseline 0.005 -28"><span class='ocrx_word' id='word_1_442' title='bbox 124 5050 210 5109; x_wconf 76' lang='grc' dir='ltr'>τότ’</span> <span class='ocrx_word' id='word_1_443' title='bbox 231 5057 402 5124; x_wconf 85' lang='grc' dir='ltr'>ἐκεῖνος</span> <span class='ocrx_word' id='word_1_444' title='bbox 425 5056 508 5116; x_wconf 78' lang='grc' dir='ltr'><strong>ὅτι</strong></span> <span class='ocrx_word' id='word_1_445' title='bbox 540 5058 876 5117; x_wconf 82' lang='grc' dir='ltr'>Κλειτοδίκου</span> <span class='ocrx_word' id='word_1_446' title='bbox 900 5058 1094 5130; x_wconf 80' lang='grc' dir='ltr'>δεηθεὶς</span> <span class='ocrx_word' id='word_1_447' title='bbox 1120 5058 1375 5137; x_wconf 79' lang='grc' dir='ltr'>ἐπιλέγειν</span> <span class='ocrx_word' id='word_1_448' title='bbox 1403 5060 1495 5117; x_wconf 80' lang='grc' dir='ltr'><strong>οὐκ</strong></span> <span class='ocrx_word' id='word_1_449' title='bbox 1513 5056 1622 5116; x_wconf 82' lang='grc' dir='ltr'>ἔτυ·</span> 
     </span>
     <span class='ocr_line' id='line_1_54' title="bbox 125 5137 1624 5227; baseline 0.001 -26"><span class='ocrx_word' id='word_1_450' title='bbox 125 5159 218 5219; x_wconf 68' lang='grc' dir='ltr'>χσνς</span> <span class='ocrx_word' id='word_1_451' title='bbox 243 5144 294 5201; x_wconf 80' lang='grc' dir='ltr'>οὔ</span> <span class='ocrx_word' id='word_1_452' title='bbox 329 5142 428 5226; x_wconf 73' lang='grc' dir='ltr'><strong>γὰρ</strong></span> <span class='ocrx_word' id='word_1_453' title='bbox 466 5145 532 5218; x_wconf 74' lang='grc' dir='ltr'><strong>δὴ</strong></span> <span class='ocrx_word' id='word_1_454' title='bbox 561 5148 737 5227; x_wconf 73' lang='grc' dir='ltr'>παρῆν</span> <span class='ocrx_word' id='word_1_455' title='bbox 772 5145 995 5215; x_wconf 79' lang='grc' dir='ltr'>τούτοις·</span> <span class='ocrx_word' id='word_1_456' title='bbox 1026 5145 1140 5205; x_wconf 79' lang='grc' dir='ltr'>ἐπεὶ</span> <span class='ocrx_word' id='word_1_457' title='bbox 1177 5145 1354 5227; x_wconf 79' lang='grc' dir='ltr'>κέρδος</span> <span class='ocrx_word' id='word_1_458' title='bbox 1389 5137 1453 5218; x_wconf 76' lang='grc' dir='ltr'><strong>ἦν</strong></span> <span class='ocrx_word' id='word_1_459' title='bbox 1481 5148 1624 5227; x_wconf 77' lang='grc' dir='ltr'>αὐτῷ</span> 
     </span>
     <span class='ocr_line' id='line_1_55' title="bbox 122 5224 1624 5315; baseline 0.005 -30"><span class='ocrx_word' id='word_1_460' title='bbox 122 5224 365 5289; x_wconf 71' lang='grc' dir='ltr'>διαθᾶλλειν</span> <span class='ocrx_word' id='word_1_461' title='bbox 387 5231 480 5305; x_wconf 76' lang='grc' dir='ltr'>ἐμὲ</span> <span class='ocrx_word' id='word_1_462' title='bbox 497 5232 628 5312; x_wconf 84' lang='grc' dir='ltr'>πρὸς</span> <span class='ocrx_word' id='word_1_463' title='bbox 645 5235 786 5312; x_wconf 77' lang='grc' dir='ltr'>ὑμᾶς</span> <span class='ocrx_word' id='word_1_464' title='bbox 813 5231 949 5293; x_wconf 74' lang='grc' dir='ltr'>οὕτω</span> <span class='ocrx_word' id='word_1_465' title='bbox 969 5232 1275 5315; x_wconf 82' lang='grc' dir='ltr'>προθύμως,</span> <span class='ocrx_word' id='word_1_466' title='bbox 1297 5232 1434 5293; x_wconf 76' lang='grc' dir='ltr'>ὥστε</span> <span class='ocrx_word' id='word_1_467' title='bbox 1461 5256 1624 5293; x_wconf 86' lang='grc' dir='ltr'>σπου-</span> 
     </span>
     <span class='ocr_line' id='line_1_56' title="bbox 287 5344 534 5385; baseline 0.016 -4"><span class='ocrx_word' id='word_1_468' title='bbox 287 5344 534 5385; x_wconf 71' lang='lat' dir='ltr'><strong>curuam-</strong></span> 
     </span>
    </p>
   </div>
   <div class='ocr_carea' id='block_1_5' title="bbox 965 455 2385 521">
    <p class='ocr_par' dir='ltr' id='par_1_6' title="bbox 965 455 2385 521">
     <span class='ocr_line' id='line_1_57' title="bbox 965 455 2385 521; baseline 0 -3"><span class='ocrx_word' id='word_1_469' title='bbox 965 456 1207 518; x_wconf 82' lang='lat' dir='ltr'><strong>LYslAE</strong></span> <span class='ocrx_word' id='word_1_470' title='bbox 1251 455 1666 519; x_wconf 74' lang='lat' dir='ltr'><strong>AccUSATlo</strong></span> <span class='ocrx_word' id='word_1_471' title='bbox 1708 457 2385 521; x_wconf 84' lang='lat' dir='ltr'><strong>OBTRECTATIONIS.</strong></span> 
     </span>
    </p>
   </div>
   <div class='ocr_carea' id='block_1_6' title="bbox 3144 473 3253 525">
    <p class='ocr_par' dir='ltr' id='par_1_7' title="bbox 3144 473 3253 525">
     <span class='ocr_line' id='line_1_58' title="bbox 3144 473 3253 525; baseline 0.028 -3"><span class='ocrx_word' id='word_1_472' title='bbox 3144 473 3253 525; x_wconf 72' lang='lat'><strong>12⁹</strong></span> 
     </span>
    </p>
   </div>
   <div class='ocr_carea' id='block_1_7' title="bbox 1701 592 3263 1169">
    <p class='ocr_par' dir='ltr' id='par_1_8' title="bbox 1701 592 3263 1169">
     <span class='ocr_line' id='line_1_59' title="bbox 1701 592 3259 657; baseline 0.003 -14"><span class='ocrx_word' id='word_1_473' title='bbox 1701 592 1852 643; x_wconf 83' lang='lat' dir='ltr'><strong>sinem</strong></span> <span class='ocrx_word' id='word_1_474' title='bbox 1873 594 1935 643; x_wconf 89' lang='lat' dir='ltr'><strong>ad</strong></span> <span class='ocrx_word' id='word_1_475' title='bbox 1959 594 2199 657; x_wconf 82' lang='lat' dir='ltr'><strong>mysteria.</strong></span> <span class='ocrx_word' id='word_1_476' title='bbox 2234 596 2343 645; x_wconf 80' lang='lat' dir='ltr'><strong>istis</strong></span> <span class='ocrx_word' id='word_1_477' title='bbox 2367 606 2510 657; x_wconf 86' lang='lat' dir='ltr'><strong>porro</strong></span> <span class='ocrx_word' id='word_1_478' title='bbox 2544 594 2844 645; x_wconf 80' lang='lat' dir='ltr'>sermonibus</span> <span class='ocrx_word' id='word_1_479' title='bbox 2866 593 3147 647; x_wconf 84' lang='lat' dir='ltr'><strong>existimatis</strong></span> <span class='ocrx_word' id='word_1_480' title='bbox 3170 610 3259 648; x_wconf 79' lang='lat' dir='ltr'><strong>vos</strong></span> 
     </span>
     <span class='ocr_line' id='line_1_60' title="bbox 1701 682 3260 748; baseline 0.003 -17"><span class='ocrx_word' id='word_1_481' title='bbox 1701 694 1780 732; x_wconf 90' lang='lat' dir='ltr'><strong>me</strong></span> <span class='ocrx_word' id='word_1_482' title='bbox 1793 682 2095 745; x_wconf 89' lang='lat' dir='ltr'><strong>calumniari,</strong></span> <span class='ocrx_word' id='word_1_483' title='bbox 2114 684 2324 733; x_wconf 81' lang='lat' dir='ltr'><strong>vestram</strong></span> <span class='ocrx_word' id='word_1_484' title='bbox 2347 696 2465 733; x_wconf 79' lang='lat' dir='ltr'><strong>vero</strong></span> <span class='ocrx_word' id='word_1_485' title='bbox 2486 682 2736 733; x_wconf 76' lang='lat' dir='ltr'><strong>ostenditis</strong></span> <span class='ocrx_word' id='word_1_486' title='bbox 2764 683 3037 748; x_wconf 78' lang='lat' dir='ltr'><strong>stultitiam,</strong></span> <span class='ocrx_word' id='word_1_487' title='bbox 3056 683 3141 748; x_wconf 86' lang='lat' dir='ltr'><strong>qui</strong></span> <span class='ocrx_word' id='word_1_488' title='bbox 3174 697 3260 735; x_wconf 89' lang='lat' dir='ltr'><strong>eo-</strong></span> 
     </span>
     <span class='ocr_line' id='line_1_61' title="bbox 1701 768 3263 836; baseline 0.002 -16"><span class='ocrx_word' id='word_1_489' title='bbox 1701 768 1812 819; x_wconf 90' lang='lat' dir='ltr'><strong>dem</strong></span> <span class='ocrx_word' id='word_1_490' title='bbox 1835 772 2052 834; x_wconf 89' lang='lat' dir='ltr'><strong>tempore</strong></span> <span class='ocrx_word' id='word_1_491' title='bbox 2070 770 2226 821; x_wconf 90' lang='lat' dir='ltr'><strong>eidem</strong></span> <span class='ocrx_word' id='word_1_492' title='bbox 2260 771 2444 821; x_wconf 85' lang='lat' dir='ltr'><strong>homini</strong></span> <span class='ocrx_word' id='word_1_493' title='bbox 2478 771 2760 823; x_wconf 73' lang='lat' dir='ltr'><strong>maledicitis</strong></span> <span class='ocrx_word' id='word_1_494' title='bbox 2785 771 3058 822; x_wconf 87' lang='lat' dir='ltr'><strong>clanculum</strong></span> <span class='ocrx_word' id='word_1_495' title='bbox 3069 808 3085 835; x_wconf 85' lang='lat'><em>,</em></span> <span class='ocrx_word' id='word_1_496' title='bbox 3117 785 3263 836; x_wconf 88' lang='lat' dir='ltr'><strong>quem</strong></span> 
     </span>
     <span class='ocr_line' id='line_1_62' title="bbox 1703 858 3263 925; baseline 0.001 -17"><span class='ocrx_word' id='word_1_497' title='bbox 1703 858 1860 921; x_wconf 85' lang='lat' dir='ltr'><strong>palam</strong></span> <span class='ocrx_word' id='word_1_498' title='bbox 1876 872 1965 921; x_wconf 89' lang='lat' dir='ltr'><strong>pro</strong></span> <span class='ocrx_word' id='word_1_499' title='bbox 1999 859 2156 909; x_wconf 86' lang='lat' dir='ltr'><strong>amico</strong></span> <span class='ocrx_word' id='word_1_500' title='bbox 2172 860 2375 910; x_wconf 84' lang='lat' dir='ltr'><strong>habetis.</strong></span> <span class='ocrx_word' id='word_1_501' title='bbox 2442 860 2512 925; x_wconf 81' lang='lat'><strong>(6)</strong></span> <span class='ocrx_word' id='word_1_502' title='bbox 2532 863 2633 911; x_wconf 79' lang='lat' dir='ltr'><strong>Vos</strong></span> <span class='ocrx_word' id='word_1_503' title='bbox 2646 860 2774 911; x_wconf 92' lang='lat' dir='ltr'><strong>enim</strong></span> <span class='ocrx_word' id='word_1_504' title='bbox 2791 860 3005 924; x_wconf 82' lang='lat' dir='ltr'><strong>oportuit</strong></span> <span class='ocrx_word' id='word_1_505' title='bbox 3032 864 3116 911; x_wconf 86' lang='lat' dir='ltr'><strong>aut</strong></span> <span class='ocrx_word' id='word_1_506' title='bbox 3136 862 3263 911; x_wconf 89' lang='lat' dir='ltr'><strong>male</strong></span> 
     </span>
     <span class='ocr_line' id='line_1_63' title="bbox 1701 935 3263 1003; baseline 0.003 -18"><span class='ocrx_word' id='word_1_507' title='bbox 1701 935 1834 999; x_wconf 86' lang='lat' dir='ltr'><strong>loqui</strong></span> <span class='ocrx_word' id='word_1_508' title='bbox 1855 936 2069 988; x_wconf 86' lang='lat' dir='ltr'><strong>desinere</strong></span> <span class='ocrx_word' id='word_1_509' title='bbox 2082 974 2099 1001; x_wconf 87' lang='lat'>,</span> <span class='ocrx_word' id='word_1_510' title='bbox 2131 940 2218 989; x_wconf 85' lang='lat' dir='ltr'><strong>aut</strong></span> <span class='ocrx_word' id='word_1_511' title='bbox 2242 952 2339 989; x_wconf 89' lang='lat' dir='ltr'><strong>una</strong></span> <span class='ocrx_word' id='word_1_512' title='bbox 2368 940 2641 991; x_wconf 80' lang='lat' dir='ltr'><strong>conversari</strong></span> <span class='ocrx_word' id='word_1_513' title='bbox 2652 976 2668 1003; x_wconf 87' lang='lat'>‚</span> <span class='ocrx_word' id='word_1_514' title='bbox 2700 942 2847 1003; x_wconf 89' lang='lat' dir='ltr'><strong>atque</strong></span> <span class='ocrx_word' id='word_1_515' title='bbox 2871 940 2992 990; x_wconf 85' lang='lat' dir='ltr'><strong>adeo</strong></span> <span class='ocrx_word' id='word_1_516' title='bbox 3022 940 3263 991; x_wconf 81' lang='lat' dir='ltr'><strong>familiari·</strong></span> 
     </span>
     <span class='ocr_line' id='line_1_64' title="bbox 1701 1024 3261 1093; baseline 0.004 -20"><span class='ocrx_word' id='word_1_517' title='bbox 1701 1024 1853 1074; x_wconf 83' lang='lat' dir='ltr'><strong>tatem</strong></span> <span class='ocrx_word' id='word_1_518' title='bbox 1887 1037 2081 1075; x_wconf 88' lang='lat' dir='ltr'><strong>omnem</strong></span> <span class='ocrx_word' id='word_1_519' title='bbox 2120 1028 2282 1089; x_wconf 85' lang='lat' dir='ltr'><strong>aperte</strong></span> <span class='ocrx_word' id='word_1_520' title='bbox 2315 1028 2609 1078; x_wconf 88' lang='lat' dir='ltr'><strong>renunciare.</strong></span> <span class='ocrx_word' id='word_1_521' title='bbox 2672 1027 2856 1087; x_wconf 84' lang='lat' dir='ltr'><strong>Quodsi</strong></span> <span class='ocrx_word' id='word_1_522' title='bbox 2884 1028 2975 1078; x_wconf 87' lang='lat' dir='ltr'><strong>boc</strong></span> <span class='ocrx_word' id='word_1_523' title='bbox 3006 1030 3146 1093; x_wconf 89' lang='lat' dir='ltr'><strong>turpe</strong></span> <span class='ocrx_word' id='word_1_524' title='bbox 3170 1028 3261 1079; x_wconf 90' lang='lat' dir='ltr'><strong>du·</strong></span> 
     </span>
     <span class='ocr_line' id='line_1_65' title="bbox 1702 1101 3262 1169; baseline 0.003 -18"><span class='ocrx_word' id='word_1_525' title='bbox 1702 1101 1909 1163; x_wconf 84' lang='lat' dir='ltr'><strong>cebatis,</strong></span> <span class='ocrx_word' id='word_1_526' title='bbox 1932 1105 2019 1169; x_wconf 83' lang='lat' dir='ltr'><strong>qui</strong></span> <span class='ocrx_word' id='word_1_527' title='bbox 2034 1104 2175 1167; x_wconf 89' lang='lat' dir='ltr'><strong>turpe</strong></span> <span class='ocrx_word' id='word_1_528' title='bbox 2201 1105 2306 1155; x_wconf 89' lang='lat' dir='ltr'><strong>erat</strong></span> <span class='ocrx_word' id='word_1_529' title='bbox 2328 1104 2466 1155; x_wconf 77' lang='lat' dir='ltr'><strong>vobis</strong></span> <span class='ocrx_word' id='word_1_530' title='bbox 2484 1118 2597 1156; x_wconf 88' lang='lat' dir='ltr'><strong>cum</strong></span> <span class='ocrx_word' id='word_1_531' title='bbox 2615 1118 2673 1156; x_wconf 90' lang='lat' dir='ltr'><strong>eo</strong></span> <span class='ocrx_word' id='word_1_532' title='bbox 2696 1106 2968 1156; x_wconf 78' lang='lat' dir='ltr'><strong>conversari</strong></span> <span class='ocrx_word' id='word_1_533' title='bbox 2986 1106 3123 1168; x_wconf 80' lang='lat' dir='ltr'><strong>quus</strong></span> <span class='ocrx_word' id='word_1_534' title='bbox 3140 1107 3262 1156; x_wconf 90' lang='lat' dir='ltr'><strong>ami-</strong></span> 
     </span>
    </p>
   </div>
   <div class='ocr_carea' id='block_1_8' title="bbox 1703 1186 3262 1333">
    <p class='ocr_par' dir='ltr' id='par_1_9' title="bbox 1703 1186 3262 1333">
     <span class='ocr_line' id='line_1_66' title="bbox 1703 1186 3262 1256; baseline 0.004 -19"><span class='ocrx_word' id='word_1_535' title='bbox 1703 1186 1865 1240; x_wconf 86' lang='lat' dir='ltr'><strong>citiam</strong></span> <span class='ocrx_word' id='word_1_536' title='bbox 1879 1190 2129 1254; x_wconf 82' lang='lat' dir='ltr'><strong>repudiare</strong></span> <span class='ocrx_word' id='word_1_537' title='bbox 2142 1191 2446 1243; x_wconf 79' lang='lat' dir='ltr'><strong>inhonestum</strong></span> <span class='ocrx_word' id='word_1_538' title='bbox 2460 1206 2561 1244; x_wconf 72' lang='lat' dir='ltr'><strong>esse</strong></span> <span class='ocrx_word' id='word_1_539' title='bbox 2570 1192 2933 1243; x_wconf 69' lang='lat' dir='ltr'><strong>arbitrabamini</strong></span> <span class='ocrx_word' id='word_1_540' title='bbox 2942 1195 2965 1241; x_wconf 78' lang='lat' dir='ltr'><strong>i·</strong></span> <span class='ocrx_word' id='word_1_541' title='bbox 2976 1192 3044 1256; x_wconf 89' lang='lat'><strong>(7)</strong></span> <span class='ocrx_word' id='word_1_542' title='bbox 3064 1196 3123 1244; x_wconf 75' lang='lat' dir='ltr'><strong>At</strong></span> <span class='ocrx_word' id='word_1_543' title='bbox 3133 1194 3262 1244; x_wconf 88' lang='lat' dir='ltr'><strong>enim</strong></span> 
     </span>
     <span class='ocr_line' id='line_1_67' title="bbox 1703 1265 3262 1333; baseline 0.004 -19"><span class='ocrx_word' id='word_1_544' title='bbox 1703 1265 1821 1316; x_wconf 87' lang='lat' dir='ltr'><strong>nibil</strong></span> <span class='ocrx_word' id='word_1_545' title='bbox 1847 1279 1936 1329; x_wconf 82' lang='lat' dir='ltr'><strong>ego</strong></span> <span class='ocrx_word' id='word_1_546' title='bbox 1957 1267 2245 1331; x_wconf 80' lang='lat' dir='ltr'><strong>deprehendi</strong></span> <span class='ocrx_word' id='word_1_547' title='bbox 2265 1270 2394 1333; x_wconf 87' lang='lat' dir='ltr'><strong>apud</strong></span> <span class='ocrx_word' id='word_1_548' title='bbox 2418 1282 2499 1321; x_wconf 91' lang='lat' dir='ltr'><strong>me</strong></span> <span class='ocrx_word' id='word_1_549' title='bbox 2528 1269 2655 1321; x_wconf 87' lang='lat' dir='ltr'><strong>unde</strong></span> <span class='ocrx_word' id='word_1_550' title='bbox 2681 1282 2841 1321; x_wconf 90' lang='lat' dir='ltr'><strong>meam</strong></span> <span class='ocrx_word' id='word_1_551' title='bbox 2868 1270 3262 1321; x_wconf 88' lang='lat' dir='ltr'><strong>consuetudinem</strong></span> 
     </span>
    </p>
   </div>
   <div class='ocr_carea' id='block_1_9' title="bbox 1703 1352 3331 3542">
    <p class='ocr_par' dir='ltr' id='par_1_10' title="bbox 1703 1352 3331 3542">
     <span class='ocr_line' id='line_1_68' title="bbox 1703 1352 3263 1420; baseline 0.004 -17"><span class='ocrx_word' id='word_1_552' title='bbox 1703 1352 2023 1417; x_wconf 77' lang='lat' dir='ltr'><strong>despiceretis.</strong></span> <span class='ocrx_word' id='word_1_553' title='bbox 2044 1359 2151 1406; x_wconf 86' lang='lat' dir='ltr'><strong>Non</strong></span> <span class='ocrx_word' id='word_1_554' title='bbox 2176 1355 2306 1407; x_wconf 86' lang='lat' dir='ltr'><strong>enim</strong></span> <span class='ocrx_word' id='word_1_555' title='bbox 2340 1370 2429 1408; x_wconf 78' lang='lat' dir='ltr'><strong>vos</strong></span> <span class='ocrx_word' id='word_1_556' title='bbox 2455 1357 2677 1408; x_wconf 79' lang='lat' dir='ltr'><strong>videbam</strong></span> <span class='ocrx_word' id='word_1_557' title='bbox 2700 1371 2803 1409; x_wconf 85' lang='lat' dir='ltr'><strong>esse</strong></span> <span class='ocrx_word' id='word_1_558' title='bbox 2823 1357 3147 1420; x_wconf 85' lang='lat' dir='ltr'><strong>doctissimos,</strong></span> <span class='ocrx_word' id='word_1_559' title='bbox 3184 1372 3263 1410; x_wconf 90' lang='lat' dir='ltr'><strong>me</strong></span> 
     </span>
     <span class='ocr_line' id='line_1_69' title="bbox 1703 1432 3262 1502; baseline 0.003 -17"><span class='ocrx_word' id='word_1_560' title='bbox 1703 1432 2109 1499; x_wconf 81' lang='lat' dir='ltr'><strong>indoctissimum3</strong></span> <span class='ocrx_word' id='word_1_561' title='bbox 2127 1448 2224 1486; x_wconf 90' lang='lat' dir='ltr'><strong>non</strong></span> <span class='ocrx_word' id='word_1_562' title='bbox 2245 1449 2329 1487; x_wconf 82' lang='lat' dir='ltr'><strong>vos</strong></span> <span class='ocrx_word' id='word_1_563' title='bbox 2344 1438 2563 1488; x_wconf 77' lang='lat' dir='ltr'><strong>amicitiis</strong></span> <span class='ocrx_word' id='word_1_564' title='bbox 2580 1438 2831 1502; x_wconf 73' lang='lat' dir='ltr'><strong>pollentes,</strong></span> <span class='ocrx_word' id='word_1_565' title='bbox 2854 1453 2932 1489; x_wconf 91' lang='lat' dir='ltr'><strong>me</strong></span> <span class='ocrx_word' id='word_1_566' title='bbox 2947 1441 3079 1490; x_wconf 89' lang='lat' dir='ltr'><strong>omni</strong></span> <span class='ocrx_word' id='word_1_567' title='bbox 3102 1441 3262 1490; x_wconf 83' lang='lat' dir='ltr'><strong>amici·</strong></span> 
     </span>
     <span class='ocr_line' id='line_1_70' title="bbox 1703 1520 3261 1592; baseline 0.004 -20"><span class='ocrx_word' id='word_1_568' title='bbox 1703 1522 1772 1572; x_wconf 87' lang='lat' dir='ltr'><strong>tia</strong></span> <span class='ocrx_word' id='word_1_569' title='bbox 1783 1520 2069 1574; x_wconf 85' lang='lat' dir='ltr'><strong>destitutum</strong></span> <span class='ocrx_word' id='word_1_570' title='bbox 2082 1541 2098 1587; x_wconf 71' lang='grc' dir='ltr'><strong>ς</strong></span> <span class='ocrx_word' id='word_1_571' title='bbox 2114 1536 2212 1573; x_wconf 88' lang='lat' dir='ltr'><strong>non</strong></span> <span class='ocrx_word' id='word_1_572' title='bbox 2221 1537 2309 1575; x_wconf 78' lang='lat' dir='ltr'><strong>vos</strong></span> <span class='ocrx_word' id='word_1_573' title='bbox 2324 1524 2505 1575; x_wconf 75' lang='lat' dir='ltr'><strong>divItiis</strong></span> <span class='ocrx_word' id='word_1_574' title='bbox 2520 1525 2839 1589; x_wconf 75' lang='lat' dir='ltr'><strong>abundantes,</strong></span> <span class='ocrx_word' id='word_1_575' title='bbox 2858 1540 2937 1577; x_wconf 87' lang='lat' dir='ltr'><strong>me</strong></span> <span class='ocrx_word' id='word_1_576' title='bbox 2950 1528 3111 1592; x_wconf 83' lang='lat' dir='ltr'><strong>inopia</strong></span> <span class='ocrx_word' id='word_1_577' title='bbox 3128 1541 3261 1591; x_wconf 89' lang='lat' dir='ltr'><strong>pres-</strong></span> 
     </span>
     <span class='ocr_line' id='line_1_71' title="bbox 1703 1602 3263 1668; baseline 0.003 -17"><span class='ocrx_word' id='word_1_578' title='bbox 1703 1614 1840 1663; x_wconf 84' lang='lat' dir='ltr'><strong>sum;</strong></span> <span class='ocrx_word' id='word_1_579' title='bbox 1861 1614 1961 1650; x_wconf 90' lang='lat' dir='ltr'><strong>non</strong></span> <span class='ocrx_word' id='word_1_580' title='bbox 1976 1614 2065 1652; x_wconf 80' lang='lat' dir='ltr'><strong>vos</strong></span> <span class='ocrx_word' id='word_1_581' title='bbox 2079 1613 2270 1652; x_wconf 88' lang='lat' dir='ltr'><strong>summo</strong></span> <span class='ocrx_word' id='word_1_582' title='bbox 2296 1602 2349 1651; x_wconf 90' lang='lat' dir='ltr'><strong>in</strong></span> <span class='ocrx_word' id='word_1_583' title='bbox 2364 1602 2544 1653; x_wconf 88' lang='lat' dir='ltr'><strong>bonore</strong></span> <span class='ocrx_word' id='word_1_584' title='bbox 2563 1604 2751 1655; x_wconf 81' lang='lat' dir='ltr'><strong>habitos</strong></span> <span class='ocrx_word' id='word_1_585' title='bbox 2760 1639 2777 1668; x_wconf 87' lang='lat'><em>,</em></span> <span class='ocrx_word' id='word_1_586' title='bbox 2797 1618 2877 1657; x_wconf 89' lang='lat' dir='ltr'><strong>me</strong></span> <span class='ocrx_word' id='word_1_587' title='bbox 2894 1606 3023 1655; x_wconf 83' lang='lat' dir='ltr'><strong>mala</strong></span> <span class='ocrx_word' id='word_1_588' title='bbox 3045 1607 3170 1656; x_wconf 80' lang='lat' dir='ltr'><strong>fama</strong></span> <span class='ocrx_word' id='word_1_589' title='bbox 3187 1607 3263 1656; x_wconf 88' lang='lat' dir='ltr'><strong>la-</strong></span> 
     </span>
     <span class='ocr_line' id='line_1_72' title="bbox 1703 1687 3261 1757; baseline 0.004 -19"><span class='ocrx_word' id='word_1_590' title='bbox 1703 1687 1956 1739; x_wconf 81' lang='lat' dir='ltr'><strong>borantem</strong></span> <span class='ocrx_word' id='word_1_591' title='bbox 1967 1706 1983 1751; x_wconf 79' lang='lat'><em>3</em></span> <span class='ocrx_word' id='word_1_592' title='bbox 2001 1702 2099 1739; x_wconf 90' lang='lat' dir='ltr'><strong>non</strong></span> <span class='ocrx_word' id='word_1_593' title='bbox 2116 1689 2337 1740; x_wconf 80' lang='lat' dir='ltr'><strong>videbam</strong></span> <span class='ocrx_word' id='word_1_594' title='bbox 2354 1690 2561 1754; x_wconf 88' lang='lat' dir='ltr'><strong>denique</strong></span> <span class='ocrx_word' id='word_1_595' title='bbox 2582 1704 2714 1742; x_wconf 85' lang='lat' dir='ltr'><strong>meas</strong></span> <span class='ocrx_word' id='word_1_596' title='bbox 2740 1706 2816 1743; x_wconf 88' lang='lat' dir='ltr'><strong>res</strong></span> <span class='ocrx_word' id='word_1_597' title='bbox 2840 1706 2945 1743; x_wconf 87' lang='lat' dir='ltr'><strong>esse</strong></span> <span class='ocrx_word' id='word_1_598' title='bbox 2976 1694 3027 1743; x_wconf 88' lang='lat' dir='ltr'><strong>in</strong></span> <span class='ocrx_word' id='word_1_599' title='bbox 3050 1693 3261 1757; x_wconf 75' lang='lat' dir='ltr'><strong>ancipiti,</strong></span> 
     </span>
     <span class='ocr_line' id='line_1_73' title="bbox 1705 1767 3263 1836; baseline 0.003 -18"><span class='ocrx_word' id='word_1_600' title='bbox 1705 1772 1886 1819; x_wconf 83' lang='lat' dir='ltr'><strong>vestras</strong></span> <span class='ocrx_word' id='word_1_601' title='bbox 1900 1767 1953 1818; x_wconf 88' lang='lat' dir='ltr'><strong>in</strong></span> <span class='ocrx_word' id='word_1_602' title='bbox 1973 1768 2097 1819; x_wconf 79' lang='lat' dir='ltr'><strong>tuto.</strong></span> <span class='ocrx_word' id='word_1_603' title='bbox 2161 1769 2300 1819; x_wconf 84' lang='lat' dir='ltr'><strong>Unde</strong></span> <span class='ocrx_word' id='word_1_604' title='bbox 2321 1770 2464 1833; x_wconf 84' lang='lat' dir='ltr'><strong>igitur</strong></span> <span class='ocrx_word' id='word_1_605' title='bbox 2484 1772 2713 1836; x_wconf 85' lang='lat' dir='ltr'><strong>suspicari</strong></span> <span class='ocrx_word' id='word_1_606' title='bbox 2730 1772 2865 1835; x_wconf 89' lang='lat' dir='ltr'><strong>potui</strong></span> <span class='ocrx_word' id='word_1_607' title='bbox 2888 1786 3044 1824; x_wconf 83' lang='lat' dir='ltr'><strong>meam</strong></span> <span class='ocrx_word' id='word_1_608' title='bbox 3062 1774 3263 1823; x_wconf 81' lang='lat' dir='ltr'><strong>familia-</strong></span> 
     </span>
     <span class='ocr_line' id='line_1_74' title="bbox 1705 1856 3265 1923; baseline 0.003 -17"><span class='ocrx_word' id='word_1_609' title='bbox 1705 1856 1898 1907; x_wconf 81' lang='lat' dir='ltr'><strong>ritatem</strong></span> <span class='ocrx_word' id='word_1_610' title='bbox 1931 1856 2069 1907; x_wconf 84' lang='lat' dir='ltr'><strong>vobis</strong></span> <span class='ocrx_word' id='word_1_611' title='bbox 2102 1856 2247 1909; x_wconf 79' lang='lat' dir='ltr'><strong>fuisse</strong></span> <span class='ocrx_word' id='word_1_612' title='bbox 2277 1861 2502 1921; x_wconf 73' lang='lat' dir='ltr'><strong>gravem?</strong></span> <span class='ocrx_word' id='word_1_613' title='bbox 2567 1860 2634 1923; x_wconf 82' lang='lat'><strong>(8)</strong></span> <span class='ocrx_word' id='word_1_614' title='bbox 2668 1862 2784 1911; x_wconf 78' lang='lat' dir='ltr'><strong>Haec</strong></span> <span class='ocrx_word' id='word_1_615' title='bbox 2823 1863 2987 1911; x_wconf 88' lang='lat' dir='ltr'><strong>autem</strong></span> <span class='ocrx_word' id='word_1_616' title='bbox 3024 1862 3107 1913; x_wconf 85' lang='lat' dir='ltr'><strong>ille</strong></span> <span class='ocrx_word' id='word_1_617' title='bbox 3146 1862 3265 1912; x_wconf 78' lang='lat' dir='ltr'><strong>milii</strong></span> 
     </span>
     <span class='ocr_line' id='line_1_75' title="bbox 1705 1938 3264 2007; baseline 0.004 -19"><span class='ocrx_word' id='word_1_618' title='bbox 1705 1938 1864 1990; x_wconf 80' lang='lat' dir='ltr'><strong>aiebat</strong></span> <span class='ocrx_word' id='word_1_619' title='bbox 1892 1952 1982 1989; x_wconf 82' lang='lat' dir='ltr'><strong>vos</strong></span> <span class='ocrx_word' id='word_1_620' title='bbox 2004 1939 2181 1991; x_wconf 81' lang='lat' dir='ltr'><strong>dixisse</strong></span> <span class='ocrx_word' id='word_1_621' title='bbox 2212 1940 2275 1989; x_wconf 90' lang='lat' dir='ltr'><strong>ad</strong></span> <span class='ocrx_word' id='word_1_622' title='bbox 2307 1941 2561 1992; x_wconf 71' lang='lat' dir='ltr'><strong>familiares</strong></span> <span class='ocrx_word' id='word_1_623' title='bbox 2594 1943 2973 2006; x_wconf 77' lang='grc' dir='ltr'>(ἐπιτηδείους),</span> <span class='ocrx_word' id='word_1_624' title='bbox 3014 1958 3139 2007; x_wconf 90' lang='lat' dir='ltr'><strong>quos</strong></span> <span class='ocrx_word' id='word_1_625' title='bbox 3164 1958 3264 1995; x_wconf 83' lang='lat' dir='ltr'><strong>non</strong></span> 
     </span>
     <span class='ocr_line' id='line_1_76' title="bbox 1705 2026 3264 2096; baseline 0.004 -19"><span class='ocrx_word' id='word_1_626' title='bbox 1705 2026 2052 2078; x_wconf 79' lang='lat' dir='ltr'><strong>existimabatis</strong></span> <span class='ocrx_word' id='word_1_627' title='bbox 2074 2041 2176 2078; x_wconf 90' lang='lat' dir='ltr'><strong>rem</strong></span> <span class='ocrx_word' id='word_1_628' title='bbox 2205 2028 2325 2077; x_wconf 86' lang='lat' dir='ltr'><strong>mihi</strong></span> <span class='ocrx_word' id='word_1_629' title='bbox 2345 2029 2713 2081; x_wconf 83' lang='lat' dir='ltr'><strong>renunciaturos</strong></span> <span class='ocrx_word' id='word_1_630' title='bbox 2729 2044 2858 2093; x_wconf 88' lang='lat' dir='ltr'><strong>esse;</strong></span> <span class='ocrx_word' id='word_1_631' title='bbox 2882 2032 3098 2096; x_wconf 89' lang='lat' dir='ltr'><strong>illudque</strong></span> <span class='ocrx_word' id='word_1_632' title='bbox 3120 2035 3264 2096; x_wconf 86' lang='lat' dir='ltr'><strong>puta-</strong></span> 
     </span>
     <span class='ocr_line' id='line_1_77' title="bbox 1705 2108 3266 2177; baseline 0.004 -18"><span class='ocrx_word' id='word_1_633' title='bbox 1705 2108 1790 2159; x_wconf 76' lang='lat' dir='ltr'><strong>stis</strong></span> <span class='ocrx_word' id='word_1_634' title='bbox 1805 2121 2009 2160; x_wconf 66' lang='lat' dir='ltr'><strong>summae</strong></span> <span class='ocrx_word' id='word_1_635' title='bbox 2026 2109 2127 2161; x_wconf 80' lang='lat' dir='ltr'><strong>rore</strong></span> <span class='ocrx_word' id='word_1_636' title='bbox 2142 2110 2347 2173; x_wconf 79' lang='lat' dir='ltr'><strong>astutiae,</strong></span> <span class='ocrx_word' id='word_1_637' title='bbox 2360 2111 2492 2175; x_wconf 87' lang='lat' dir='ltr'><strong>quod</strong></span> <span class='ocrx_word' id='word_1_638' title='bbox 2507 2112 2603 2162; x_wconf 85' lang='lat' dir='ltr'><strong>huc</strong></span> <span class='ocrx_word' id='word_1_639' title='bbox 2620 2113 2737 2163; x_wconf 89' lang='lat' dir='ltr'><strong>illuc</strong></span> <span class='ocrx_word' id='word_1_640' title='bbox 2752 2113 3140 2177; x_wconf 87' lang='lat' dir='ltr'><strong>obambularetis,</strong></span> <span class='ocrx_word' id='word_1_641' title='bbox 3161 2129 3266 2167; x_wconf 85' lang='lat' dir='ltr'><strong>vos-</strong></span> 
     </span>
     <span class='ocr_line' id='line_1_78' title="bbox 1709 2196 3266 2266; baseline 0.004 -19"><span class='ocrx_word' id='word_1_642' title='bbox 1709 2196 1935 2260; x_wconf 84' lang='lat' dir='ltr'><strong>metipsos</strong></span> <span class='ocrx_word' id='word_1_643' title='bbox 1953 2199 2233 2248; x_wconf 83' lang='lat' dir='ltr'><strong>accusantes</strong></span> <span class='ocrx_word' id='word_1_644' title='bbox 2254 2198 2611 2251; x_wconf 76' lang='lat' dir='ltr'><strong>consuetudinis</strong></span> <span class='ocrx_word' id='word_1_645' title='bbox 2632 2214 2747 2251; x_wconf 88' lang='lat' dir='ltr'><strong>cum</strong></span> <span class='ocrx_word' id='word_1_646' title='bbox 2768 2201 2883 2251; x_wconf 82' lang='lat' dir='ltr'><strong>viris</strong></span> <span class='ocrx_word' id='word_1_647' title='bbox 2914 2202 3145 2266; x_wconf 83' lang='lat' dir='ltr'><strong>improbis</strong></span> <span class='ocrx_word' id='word_1_648' title='bbox 3176 2217 3266 2253; x_wconf 85' lang='lat' dir='ltr'><strong>vo-</strong></span> 
     </span>
     <span class='ocr_line' id='line_1_79' title="bbox 1706 2279 3267 2347; baseline 0.005 -18"><span class='ocrx_word' id='word_1_649' title='bbox 1706 2279 1914 2331; x_wconf 86' lang='lat' dir='ltr'><strong>luntario</strong></span> <span class='ocrx_word' id='word_1_650' title='bbox 1944 2280 2138 2333; x_wconf 80' lang='lat' dir='ltr'><strong>babitae.</strong></span> <span class='ocrx_word' id='word_1_651' title='bbox 2170 2284 2337 2346; x_wconf 83' lang='lat' dir='ltr'><strong>Neque</strong></span> <span class='ocrx_word' id='word_1_652' title='bbox 2352 2281 2413 2333; x_wconf 90' lang='lat' dir='ltr'><strong>de</strong></span> <span class='ocrx_word' id='word_1_653' title='bbox 2446 2296 2505 2333; x_wconf 88' lang='lat' dir='ltr'><strong>eo</strong></span> <span class='ocrx_word' id='word_1_654' title='bbox 2538 2284 2623 2347; x_wconf 86' lang='lat' dir='ltr'><strong>qui</strong></span> <span class='ocrx_word' id='word_1_655' title='bbox 2648 2297 2890 2335; x_wconf 68' lang='lat' dir='ltr'><strong>sermones</strong></span> <span class='ocrx_word' id='word_1_656' title='bbox 2905 2288 3089 2337; x_wconf 78' lang='lat' dir='ltr'><strong>vestros</strong></span> <span class='ocrx_word' id='word_1_657' title='bbox 3105 2286 3168 2336; x_wconf 87' lang='lat' dir='ltr'><strong>ad</strong></span> <span class='ocrx_word' id='word_1_658' title='bbox 3190 2300 3267 2337; x_wconf 88' lang='lat' dir='ltr'><strong>me</strong></span> 
     </span>
     <span class='ocr_line' id='line_1_80' title="bbox 1709 2368 3268 2433; baseline 0.005 -15"><span class='ocrx_word' id='word_1_659' title='bbox 1709 2368 1895 2429; x_wconf 86' lang='lat' dir='ltr'><strong>retulit,</strong></span> <span class='ocrx_word' id='word_1_660' title='bbox 1915 2369 2183 2433; x_wconf 86' lang='lat' dir='ltr'><strong>quidquam</strong></span> <span class='ocrx_word' id='word_1_661' title='bbox 2206 2371 2530 2433; x_wconf 87' lang='lat' dir='ltr'><strong>percontando</strong></span> <span class='ocrx_word' id='word_1_662' title='bbox 2548 2372 2781 2423; x_wconf 80' lang='lat' dir='ltr'><strong>efficietis.</strong></span> <span class='ocrx_word' id='word_1_663' title='bbox 2801 2374 3017 2423; x_wconf 89' lang='lat' dir='ltr'><strong>Primum</strong></span> <span class='ocrx_word' id='word_1_664' title='bbox 3034 2375 3163 2425; x_wconf 85' lang='lat' dir='ltr'><strong>enim</strong></span> <span class='ocrx_word' id='word_1_665' title='bbox 3182 2389 3268 2426; x_wconf 75' lang='lat' dir='ltr'><strong>vos</strong></span> 
     </span>
     <span class='ocr_line' id='line_1_81' title="bbox 1707 2450 3268 2518; baseline 0.004 -18"><span class='ocrx_word' id='word_1_666' title='bbox 1707 2450 1792 2513; x_wconf 88' lang='lat' dir='ltr'><strong>qui</strong></span> <span class='ocrx_word' id='word_1_667' title='bbox 1808 2451 1996 2502; x_wconf 76' lang='lat' dir='ltr'><strong>dixistis</strong></span> <span class='ocrx_word' id='word_1_668' title='bbox 2013 2454 2306 2515; x_wconf 85' lang='lat' dir='ltr'><strong>cognoscetis</strong></span> <span class='ocrx_word' id='word_1_669' title='bbox 2322 2454 2494 2517; x_wconf 87' lang='lat' dir='ltr'><strong>utique</strong></span> <span class='ocrx_word' id='word_1_670' title='bbox 2509 2466 2621 2504; x_wconf 89' lang='lat' dir='ltr'><strong>eum</strong></span> <span class='ocrx_word' id='word_1_671' title='bbox 2646 2455 2731 2518; x_wconf 89' lang='lat' dir='ltr'><strong>qui</strong></span> <span class='ocrx_word' id='word_1_672' title='bbox 2748 2455 2866 2505; x_wconf 87' lang='lat' dir='ltr'><strong>mihi</strong></span> <span class='ocrx_word' id='word_1_673' title='bbox 2888 2456 3081 2507; x_wconf 78' lang='lat' dir='ltr'><strong>dixerit.</strong></span> <span class='ocrx_word' id='word_1_674' title='bbox 3147 2460 3268 2509; x_wconf 75' lang='lat' dir='ltr'><strong>Nam</strong></span> 
     </span>
     <span class='ocr_line' id='line_1_82' title="bbox 1707 2538 3265 2607; baseline 0.004 -19"><span class='ocrx_word' id='word_1_675' title='bbox 1707 2538 1951 2601; x_wconf 88' lang='lat' dir='ltr'><strong>quomodo</strong></span> <span class='ocrx_word' id='word_1_676' title='bbox 1966 2552 2065 2589; x_wconf 89' lang='lat' dir='ltr'><strong>non</strong></span> <span class='ocrx_word' id='word_1_677' title='bbox 2082 2540 2309 2591; x_wconf 81' lang='lat' dir='ltr'><strong>noveritis</strong></span> <span class='ocrx_word' id='word_1_678' title='bbox 2322 2554 2433 2591; x_wconf 89' lang='lat' dir='ltr'><strong>eum</strong></span> <span class='ocrx_word' id='word_1_679' title='bbox 2451 2554 2567 2591; x_wconf 88' lang='lat' dir='ltr'><strong>cum</strong></span> <span class='ocrx_word' id='word_1_680' title='bbox 2584 2555 2683 2605; x_wconf 90' lang='lat' dir='ltr'><strong>quo</strong></span> <span class='ocrx_word' id='word_1_681' title='bbox 2703 2542 2858 2593; x_wconf 75' lang='lat' dir='ltr'><strong>fuistis</strong></span> <span class='ocrx_word' id='word_1_682' title='bbox 2871 2544 3129 2595; x_wconf 82' lang='lat' dir='ltr'><strong>collocuti?</strong></span> <span class='ocrx_word' id='word_1_683' title='bbox 3194 2546 3265 2607; x_wconf 89' lang='grc'><strong>(9)</strong></span> 
     </span>
     <span class='ocr_line' id='line_1_83' title="bbox 1707 2621 3267 2690; baseline 0.004 -17"><span class='ocrx_word' id='word_1_684' title='bbox 1707 2621 1890 2673; x_wconf 84' lang='lat' dir='ltr'><strong>Deinde</strong></span> <span class='ocrx_word' id='word_1_685' title='bbox 1906 2636 2059 2674; x_wconf 88' lang='lat' dir='ltr'><strong>essem</strong></span> <span class='ocrx_word' id='word_1_686' title='bbox 2079 2624 2316 2688; x_wconf 83' lang='lat' dir='ltr'><strong>pertidus,</strong></span> <span class='ocrx_word' id='word_1_687' title='bbox 2340 2625 2381 2675; x_wconf 90' lang='lat' dir='ltr'><strong>si</strong></span> <span class='ocrx_word' id='word_1_688' title='bbox 2404 2638 2515 2675; x_wconf 88' lang='lat' dir='ltr'><strong>cum</strong></span> <span class='ocrx_word' id='word_1_689' title='bbox 2539 2626 2623 2675; x_wconf 87' lang='lat' dir='ltr'><strong>illo</strong></span> <span class='ocrx_word' id='word_1_690' title='bbox 2640 2627 2707 2677; x_wconf 89' lang='lat' dir='ltr'><strong>ita</strong></span> <span class='ocrx_word' id='word_1_691' title='bbox 2723 2640 2909 2690; x_wconf 87' lang='lat' dir='ltr'><strong>agerem</strong></span> <span class='ocrx_word' id='word_1_692' title='bbox 2929 2629 2984 2678; x_wconf 91' lang='lat' dir='ltr'><strong>ut</strong></span> <span class='ocrx_word' id='word_1_693' title='bbox 3006 2628 3085 2679; x_wconf 87' lang='lat' dir='ltr'><strong>ille</strong></span> <span class='ocrx_word' id='word_1_694' title='bbox 3106 2630 3267 2679; x_wconf 82' lang='lat' dir='ltr'><strong>vobis-</strong></span> 
     </span>
     <span class='ocr_line' id='line_1_84' title="bbox 1708 2711 3269 2776; baseline 0.004 -16"><span class='ocrx_word' id='word_1_695' title='bbox 1708 2723 1822 2761; x_wconf 88' lang='lat' dir='ltr'><strong>cum</strong></span> <span class='ocrx_word' id='word_1_696' title='bbox 1839 2711 1950 2775; x_wconf 83' lang='lat' dir='ltr'><strong>egit.</strong></span> <span class='ocrx_word' id='word_1_697' title='bbox 1970 2711 2158 2776; x_wconf 83' lang='lat' dir='ltr'><strong>Quippe</strong></span> <span class='ocrx_word' id='word_1_698' title='bbox 2182 2724 2281 2763; x_wconf 89' lang='lat' dir='ltr'><strong>non</strong></span> <span class='ocrx_word' id='word_1_699' title='bbox 2306 2712 2474 2764; x_wconf 87' lang='lat' dir='ltr'><strong>eodem</strong></span> <span class='ocrx_word' id='word_1_700' title='bbox 2508 2714 2591 2765; x_wconf 89' lang='lat' dir='ltr'><strong>ille</strong></span> <span class='ocrx_word' id='word_1_701' title='bbox 2607 2714 2769 2765; x_wconf 89' lang='lat' dir='ltr'><strong>animo</strong></span> <span class='ocrx_word' id='word_1_702' title='bbox 2808 2716 2945 2766; x_wconf 90' lang='lat' dir='ltr'><strong>nobis</strong></span> <span class='ocrx_word' id='word_1_703' title='bbox 2975 2718 3269 2769; x_wconf 84' lang='lat' dir='ltr'><strong>renuntiavit</strong></span> 
     </span>
     <span class='ocr_line' id='line_1_85' title="bbox 1707 2795 3267 2863; baseline 0.004 -19"><span class='ocrx_word' id='word_1_704' title='bbox 1707 2808 1806 2859; x_wconf 86' lang='lat' dir='ltr'><strong>quo</strong></span> <span class='ocrx_word' id='word_1_705' title='bbox 1823 2808 1909 2845; x_wconf 84' lang='lat' dir='ltr'><strong>vos</strong></span> <span class='ocrx_word' id='word_1_706' title='bbox 1931 2795 2002 2845; x_wconf 90' lang='lat' dir='ltr'><strong>illi</strong></span> <span class='ocrx_word' id='word_1_707' title='bbox 2022 2796 2263 2848; x_wconf 84' lang='lat' dir='ltr'><strong>narrastis.</strong></span> <span class='ocrx_word' id='word_1_708' title='bbox 2290 2798 2376 2848; x_wconf 83' lang='lat' dir='ltr'><strong>lile</strong></span> <span class='ocrx_word' id='word_1_709' title='bbox 2388 2833 2404 2859; x_wconf 93' lang='lat'>,</span> <span class='ocrx_word' id='word_1_710' title='bbox 2424 2799 2480 2849; x_wconf 82' lang='lat' dir='ltr'><strong>ut</strong></span> <span class='ocrx_word' id='word_1_711' title='bbox 2498 2798 2615 2849; x_wconf 86' lang='lat' dir='ltr'><strong>mihi</strong></span> <span class='ocrx_word' id='word_1_712' title='bbox 2638 2812 2741 2849; x_wconf 87' lang='lat' dir='ltr'><strong>rem</strong></span> <span class='ocrx_word' id='word_1_713' title='bbox 2757 2800 2939 2862; x_wconf 79' lang='lat' dir='ltr'><strong>gratam</strong></span> <span class='ocrx_word' id='word_1_714' title='bbox 2971 2801 3173 2863; x_wconf 75' lang='lat' dir='ltr'><strong>faceret,</strong></span> <span class='ocrx_word' id='word_1_715' title='bbox 3190 2815 3267 2851; x_wconf 90' lang='lat' dir='ltr'><strong>re-</strong></span> 
     </span>
     <span class='ocr_line' id='line_1_86' title="bbox 1709 2882 3269 2951; baseline 0.005 -20"><span class='ocrx_word' id='word_1_716' title='bbox 1709 2883 1949 2932; x_wconf 83' lang='lat' dir='ltr'><strong>nuntiavit</strong></span> <span class='ocrx_word' id='word_1_717' title='bbox 1970 2882 2090 2934; x_wconf 90' lang='lat' dir='ltr'><strong>meis</strong></span> <span class='ocrx_word' id='word_1_718' title='bbox 2111 2884 2387 2935; x_wconf 86' lang='lat' dir='ltr'><strong>necessariis</strong></span> <span class='ocrx_word' id='word_1_719' title='bbox 2411 2904 2425 2937; x_wconf 71' lang='grc' dir='ltr'><strong>ε</strong></span> <span class='ocrx_word' id='word_1_720' title='bbox 2445 2899 2532 2936; x_wconf 78' lang='lat' dir='ltr'><strong>vos</strong></span> <span class='ocrx_word' id='word_1_721' title='bbox 2548 2900 2629 2936; x_wconf 91' lang='lat' dir='ltr'><strong>me</strong></span> <span class='ocrx_word' id='word_1_722' title='bbox 2648 2884 2853 2937; x_wconf 76' lang='lat' dir='ltr'><strong>laedendi</strong></span> <span class='ocrx_word' id='word_1_723' title='bbox 2884 2886 3043 2937; x_wconf 81' lang='lat' dir='ltr'><strong>studio</strong></span> <span class='ocrx_word' id='word_1_724' title='bbox 3061 2888 3166 2938; x_wconf 82' lang='lat' dir='ltr'><strong>haec</strong></span> <span class='ocrx_word' id='word_1_725' title='bbox 3199 2890 3269 2951; x_wconf 80' lang='lat' dir='ltr'><strong>illi</strong></span> 
     </span>
     <span class='ocr_line' id='line_1_87' title="bbox 1708 2962 3266 3031; baseline 0.002 -16"><span class='ocrx_word' id='word_1_726' title='bbox 1708 2962 1911 3015; x_wconf 73' lang='lat' dir='ltr'><strong>dixIstis.</strong></span> <span class='ocrx_word' id='word_1_727' title='bbox 1942 2964 2130 3024; x_wconf 88' lang='lat' dir='ltr'><strong>Quibus</strong></span> <span class='ocrx_word' id='word_1_728' title='bbox 2149 2966 2189 3015; x_wconf 85' lang='lat' dir='ltr'><strong>si</strong></span> <span class='ocrx_word' id='word_1_729' title='bbox 2212 2979 2309 3015; x_wconf 91' lang='lat' dir='ltr'><strong>non</strong></span> <span class='ocrx_word' id='word_1_730' title='bbox 2335 2965 2481 3017; x_wconf 87' lang='lat' dir='ltr'><strong>fidem</strong></span> <span class='ocrx_word' id='word_1_731' title='bbox 2507 2967 2809 3031; x_wconf 83' lang='lat' dir='ltr'><strong>adhiberem,</strong></span> <span class='ocrx_word' id='word_1_732' title='bbox 2842 2967 3081 3031; x_wconf 85' lang='lat' dir='ltr'><strong>inquirere</strong></span> <span class='ocrx_word' id='word_1_733' title='bbox 3108 2971 3159 3019; x_wconf 89' lang='lat' dir='ltr'><strong>et</strong></span> <span class='ocrx_word' id='word_1_734' title='bbox 3180 2983 3266 3019; x_wconf 82' lang='lat' dir='ltr'><strong>ex-</strong></span> 
     </span>
     <span class='ocr_line' id='line_1_88' title="bbox 1708 3051 3293 3117; baseline 0 -16"><span class='ocrx_word' id='word_1_735' title='bbox 1708 3051 1896 3116; x_wconf 90' lang='lat' dir='ltr'><strong>plorare</strong></span> <span class='ocrx_word' id='word_1_736' title='bbox 1918 3054 2209 3115; x_wconf 79' lang='lat' dir='ltr'><strong>satagerem3</strong></span> <span class='ocrx_word' id='word_1_737' title='bbox 2228 3053 2281 3102; x_wconf 90' lang='lat' dir='ltr'><strong>at</strong></span> <span class='ocrx_word' id='word_1_738' title='bbox 2294 3053 2413 3103; x_wconf 89' lang='lat' dir='ltr'><strong>nibil</strong></span> <span class='ocrx_word' id='word_1_739' title='bbox 2427 3054 2529 3115; x_wconf 74' lang='lat' dir='ltr'><strong>iam</strong></span> <span class='ocrx_word' id='word_1_740' title='bbox 2546 3054 2782 3105; x_wconf 90' lang='lat' dir='ltr'><strong>attinebat</strong></span> <span class='ocrx_word' id='word_1_741' title='bbox 2791 3070 2808 3117; x_wconf 78' lang='lat'>3</span> <span class='ocrx_word' id='word_1_742' title='bbox 2828 3052 2959 3103; x_wconf 85' lang='lat' dir='ltr'><strong>baud</strong></span> <span class='ocrx_word' id='word_1_743' title='bbox 2975 3054 3265 3105; x_wconf 82' lang='lat' dir='ltr'><strong>diffidebam.</strong></span> <span class='ocrx_word' id='word_1_744' title='bbox 3285 3061 3293 3070; x_wconf 90' lang='lat'><strong>·</strong></span> 
     </span>
     <span class='ocr_line' id='line_1_89' title="bbox 1709 3120 3269 3205; baseline 0.004 -19"><span class='ocrx_word' id='word_1_745' title='bbox 1709 3137 1953 3201; x_wconf 66' lang='lat' dir='ltr'><strong>Siqffidem</strong></span> <span class='ocrx_word' id='word_1_746' title='bbox 1966 3120 2217 3200; x_wconf 71' lang='lat' dir='ltr'><strong>praesentia</strong></span> <span class='ocrx_word' id='word_1_747' title='bbox 2230 3151 2343 3188; x_wconf 89' lang='lat' dir='ltr'><strong>cum</strong></span> <span class='ocrx_word' id='word_1_748' title='bbox 2357 3139 2609 3201; x_wconf 82' lang='lat' dir='ltr'><strong>praeteritis</strong></span> <span class='ocrx_word' id='word_1_749' title='bbox 2618 3140 2739 3190; x_wconf 89' lang='lat' dir='ltr'><strong>mire</strong></span> <span class='ocrx_word' id='word_1_750' title='bbox 2751 3143 3038 3205; x_wconf 85' lang='lat' dir='ltr'><strong>congruunt,</strong></span> <span class='ocrx_word' id='word_1_751' title='bbox 3053 3142 3269 3204; x_wconf 79' lang='lat' dir='ltr'><strong>miliique</strong></span> 
     </span>
     <span class='ocr_line' id='line_1_90' title="bbox 1710 3224 3267 3293; baseline 0.003 -19"><span class='ocrx_word' id='word_1_752' title='bbox 1710 3224 1816 3275; x_wconf 68' lang='lat' dir='ltr'><strong>baec</strong></span> <span class='ocrx_word' id='word_1_753' title='bbox 1837 3225 2050 3288; x_wconf 79' lang='lat' dir='ltr'><strong>illorum,</strong></span> <span class='ocrx_word' id='word_1_754' title='bbox 2074 3225 2201 3276; x_wconf 90' lang='lat' dir='ltr'><strong>sicut</strong></span> <span class='ocrx_word' id='word_1_755' title='bbox 2218 3226 2299 3275; x_wconf 87' lang='lat' dir='ltr'><strong>illa</strong></span> <span class='ocrx_word' id='word_1_756' title='bbox 2316 3226 2507 3289; x_wconf 89' lang='lat' dir='ltr'><strong>borum,</strong></span> <span class='ocrx_word' id='word_1_757' title='bbox 2528 3226 2699 3278; x_wconf 88' lang='lat' dir='ltr'><strong>idonea</strong></span> <span class='ocrx_word' id='word_1_758' title='bbox 2714 3230 2829 3279; x_wconf 85' lang='lat' dir='ltr'><strong>sunt</strong></span> <span class='ocrx_word' id='word_1_759' title='bbox 2850 3231 3144 3293; x_wconf 80' lang='lat' dir='ltr'><strong>argumenta.</strong></span> <span class='ocrx_word' id='word_1_760' title='bbox 3169 3230 3267 3291; x_wconf 83' lang='grc' dir='ltr'>(ιο)</span> 
     </span>
     <span class='ocr_line' id='line_1_91' title="bbox 1712 3306 3269 3373; baseline 0.001 -17"><span class='ocrx_word' id='word_1_761' title='bbox 1712 3312 1783 3357; x_wconf 85' lang='grc' dir='ltr'>Αο</span> <span class='ocrx_word' id='word_1_762' title='bbox 1799 3307 1957 3371; x_wconf 87' lang='lat' dir='ltr'><strong>primo</strong></span> <span class='ocrx_word' id='word_1_763' title='bbox 1973 3306 2135 3357; x_wconf 86' lang='lat' dir='ltr'><strong>omnia</strong></span> <span class='ocrx_word' id='word_1_764' title='bbox 2152 3320 2230 3357; x_wconf 90' lang='lat' dir='ltr'><strong>me</strong></span> <span class='ocrx_word' id='word_1_765' title='bbox 2251 3309 2469 3370; x_wconf 86' lang='lat' dir='ltr'><strong>agentem</strong></span> <span class='ocrx_word' id='word_1_766' title='bbox 2482 3308 2619 3358; x_wconf 81' lang='lat' dir='ltr'><strong>vobis</strong></span> <span class='ocrx_word' id='word_1_767' title='bbox 2632 3309 2912 3360; x_wconf 87' lang='lat' dir='ltr'><strong>auctoribus</strong></span> <span class='ocrx_word' id='word_1_768' title='bbox 2928 3309 2989 3361; x_wconf 88' lang='lat' dir='ltr'><strong>de</strong></span> <span class='ocrx_word' id='word_1_769' title='bbox 3010 3310 3119 3373; x_wconf 89' lang='lat' dir='ltr'><strong>equi</strong></span> <span class='ocrx_word' id='word_1_770' title='bbox 3138 3310 3269 3373; x_wconf 90' lang='lat' dir='ltr'><strong>oppi-</strong></span> 
     </span>
     <span class='ocr_line' id='line_1_92' title="bbox 1709 3394 3269 3461; baseline 0.001 -15"><span class='ocrx_word' id='word_1_771' title='bbox 1709 3395 2009 3458; x_wconf 84' lang='lat' dir='ltr'><strong>gneratione,</strong></span> <span class='ocrx_word' id='word_1_772' title='bbox 2043 3408 2132 3446; x_wconf 83' lang='lat' dir='ltr'><strong>vos</strong></span> <span class='ocrx_word' id='word_1_773' title='bbox 2164 3394 2429 3459; x_wconf 87' lang='lat' dir='ltr'><strong>decepistis.</strong></span> <span class='ocrx_word' id='word_1_774' title='bbox 2489 3395 2770 3447; x_wconf 80' lang='lat' dir='ltr'><strong>Adducebat</strong></span> <span class='ocrx_word' id='word_1_775' title='bbox 2806 3410 2985 3460; x_wconf 86' lang='lat' dir='ltr'><strong>equum</strong></span> <span class='ocrx_word' id='word_1_776' title='bbox 3014 3397 3269 3461; x_wconf 87' lang='lat' dir='ltr'><strong>pugnando</strong></span> 
     </span>
     <span class='ocr_line' id='line_1_93' title="bbox 1711 3476 3331 3542; baseline 0.002 -16"><span class='ocrx_word' id='word_1_777' title='bbox 1711 3476 1964 3528; x_wconf 63' lang='lat' dir='ltr'><strong>deseaeum.</strong></span> <span class='ocrx_word' id='word_1_778' title='bbox 1993 3480 2148 3536; x_wconf 90' lang='lat' dir='ltr'><strong>Quem</strong></span> <span class='ocrx_word' id='word_1_779' title='bbox 2166 3490 2319 3542; x_wconf 87' lang='lat' dir='ltr'><strong>quum</strong></span> <span class='ocrx_word' id='word_1_780' title='bbox 2343 3476 2571 3528; x_wconf 89' lang='lat' dir='ltr'><strong>reducere</strong></span> <span class='ocrx_word' id='word_1_781' title='bbox 2594 3478 2768 3529; x_wconf 82' lang='lat' dir='ltr'><strong>vellem</strong></span> <span class='ocrx_word' id='word_1_782' title='bbox 2782 3515 2798 3541; x_wconf 93' lang='lat'>,</span> <span class='ocrx_word' id='word_1_783' title='bbox 2822 3478 3060 3529; x_wconf 91' lang='lat' dir='ltr'><strong>Diodorus</strong></span> <span class='ocrx_word' id='word_1_784' title='bbox 3084 3479 3135 3529; x_wconf 90' lang='lat' dir='ltr'><strong>id</strong></span> <span class='ocrx_word' id='word_1_785' title='bbox 3150 3480 3269 3529; x_wconf 79' lang='lat' dir='ltr'><strong>milii</strong></span> <span class='ocrx_word' id='word_1_786' title='bbox 3322 3532 3331 3541; x_wconf 65' lang='grc'>,</span> 
     </span>
    </p>
   </div>
   <div class='ocr_carea' id='block_1_10' title="bbox 1711 3564 3268 3712">
    <p class='ocr_par' dir='ltr' id='par_1_11' title="bbox 1711 3564 3268 3712">
     <span class='ocr_line' id='line_1_94' title="bbox 1711 3564 3267 3629; baseline 0.001 -14"><span class='ocrx_word' id='word_1_787' title='bbox 1711 3564 1983 3615; x_wconf 87' lang='lat' dir='ltr'><strong>dissuadere</strong></span> <span class='ocrx_word' id='word_1_788' title='bbox 2005 3564 2283 3623; x_wconf 84' lang='lat' dir='ltr'><strong>conabatur,</strong></span> <span class='ocrx_word' id='word_1_789' title='bbox 2301 3578 2514 3615; x_wconf 86' lang='lat' dir='ltr'><strong>asserens</strong></span> <span class='ocrx_word' id='word_1_790' title='bbox 2532 3565 2773 3629; x_wconf 76' lang='lat' dir='ltr'><strong>Polyclem</strong></span> <span class='ocrx_word' id='word_1_791' title='bbox 2802 3566 2919 3616; x_wconf 87' lang='lat' dir='ltr'><strong>nibil</strong></span> <span class='ocrx_word' id='word_1_792' title='bbox 2946 3566 3267 3617; x_wconf 86' lang='lat' dir='ltr'><strong>contradictu-</strong></span> 
     </span>
     <span class='ocr_line' id='line_1_95' title="bbox 1711 3645 3268 3712; baseline 0.001 -18"><span class='ocrx_word' id='word_1_793' title='bbox 1711 3658 1822 3695; x_wconf 88' lang='lat' dir='ltr'><strong>rum</strong></span> <span class='ocrx_word' id='word_1_794' title='bbox 1843 3645 1904 3695; x_wconf 89' lang='lat' dir='ltr'><strong>de</strong></span> <span class='ocrx_word' id='word_1_795' title='bbox 1930 3645 2183 3695; x_wconf 89' lang='lat' dir='ltr'><strong>duodecim</strong></span> <span class='ocrx_word' id='word_1_796' title='bbox 2206 3646 2364 3708; x_wconf 87' lang='lat' dir='ltr'><strong>minis,</strong></span> <span class='ocrx_word' id='word_1_797' title='bbox 2396 3646 2477 3696; x_wconf 91' lang='lat' dir='ltr'><strong>sed</strong></span> <span class='ocrx_word' id='word_1_798' title='bbox 2503 3659 2582 3697; x_wconf 81' lang='lat' dir='ltr'><strong>eas</strong></span> <span class='ocrx_word' id='word_1_799' title='bbox 2612 3646 2728 3696; x_wconf 86' lang='lat' dir='ltr'><strong>mihi</strong></span> <span class='ocrx_word' id='word_1_800' title='bbox 2757 3646 3072 3698; x_wconf 88' lang='lat' dir='ltr'><strong>redditurum.</strong></span> <span class='ocrx_word' id='word_1_801' title='bbox 3099 3651 3160 3700; x_wconf 83' lang='lat' dir='ltr'><strong>Et</strong></span> <span class='ocrx_word' id='word_1_802' title='bbox 3184 3649 3268 3712; x_wconf 88' lang='lat' dir='ltr'><strong>qui</strong></span> 
     </span>
    </p>
   </div>
   <div class='ocr_carea' id='block_1_11' title="bbox 1707 3732 3269 4398">
    <p class='ocr_par' dir='ltr' id='par_1_12' title="bbox 1707 3732 3269 4398">
     <span class='ocr_line' id='line_1_96' title="bbox 1709 3732 3268 3797; baseline 0.003 -15"><span class='ocrx_word' id='word_1_803' title='bbox 1709 3732 1814 3783; x_wconf 79' lang='lat' dir='ltr'><strong>hoec</strong></span> <span class='ocrx_word' id='word_1_804' title='bbox 1842 3735 1961 3783; x_wconf 91' lang='lat' dir='ltr'><strong>tunc</strong></span> <span class='ocrx_word' id='word_1_805' title='bbox 2000 3733 2217 3795; x_wconf 87' lang='lat' dir='ltr'><strong>dicebat,</strong></span> <span class='ocrx_word' id='word_1_806' title='bbox 2250 3736 2359 3797; x_wconf 91' lang='lat' dir='ltr'><strong>post</strong></span> <span class='ocrx_word' id='word_1_807' title='bbox 2404 3736 2608 3784; x_wconf 89' lang='lat' dir='ltr'><strong>mortem</strong></span> <span class='ocrx_word' id='word_1_808' title='bbox 2645 3735 2757 3797; x_wconf 90' lang='lat' dir='ltr'><strong>equi</strong></span> <span class='ocrx_word' id='word_1_809' title='bbox 2788 3735 2851 3784; x_wconf 90' lang='lat' dir='ltr'><strong>ab</strong></span> <span class='ocrx_word' id='word_1_810' title='bbox 2888 3734 3268 3787; x_wconf 79' lang='lat' dir='ltr'><strong>adversariorum</strong></span> 
     </span>
     <span class='ocr_line' id='line_1_97' title="bbox 1709 3814 3268 3881; baseline 0.002 -17"><span class='ocrx_word' id='word_1_811' title='bbox 1709 3828 1929 3865; x_wconf 88' lang='lat' dir='ltr'><strong>meorum</strong></span> <span class='ocrx_word' id='word_1_812' title='bbox 1941 3814 2157 3879; x_wconf 88' lang='lat' dir='ltr'><strong>partibus</strong></span> <span class='ocrx_word' id='word_1_813' title='bbox 2168 3817 2294 3865; x_wconf 87' lang='lat' dir='ltr'><strong>stare</strong></span> <span class='ocrx_word' id='word_1_814' title='bbox 2307 3829 2404 3865; x_wconf 90' lang='lat' dir='ltr'><strong>non</strong></span> <span class='ocrx_word' id='word_1_815' title='bbox 2421 3816 2688 3879; x_wconf 82' lang='lat' dir='ltr'><strong>dubitavit,</strong></span> <span class='ocrx_word' id='word_1_816' title='bbox 2704 3816 2951 3867; x_wconf 84' lang='lat' dir='ltr'><strong>affirmans</strong></span> <span class='ocrx_word' id='word_1_817' title='bbox 2962 3831 3059 3867; x_wconf 89' lang='lat' dir='ltr'><strong>non</strong></span> <span class='ocrx_word' id='word_1_818' title='bbox 3072 3832 3268 3881; x_wconf 82' lang='lat' dir='ltr'><strong>aequum</strong></span> 
     </span>
     <span class='ocr_line' id='line_1_98' title="bbox 1709 3888 3266 3968; baseline 0.001 -15"><span class='ocrx_word' id='word_1_819' title='bbox 1709 3916 1811 3953; x_wconf 85' lang='lat' dir='ltr'><strong>esse</strong></span> <span class='ocrx_word' id='word_1_820' title='bbox 1843 3915 1924 3953; x_wconf 87' lang='lat' dir='ltr'><strong>me</strong></span> <span class='ocrx_word' id='word_1_821' title='bbox 1966 3904 2177 3967; x_wconf 86' lang='lat' dir='ltr'><strong>recipere</strong></span> <span class='ocrx_word' id='word_1_822' title='bbox 2218 3903 2487 3967; x_wconf 86' lang='lat' dir='ltr'><strong>pecuniam.</strong></span> <span class='ocrx_word' id='word_1_823' title='bbox 2532 3904 2630 3967; x_wconf 85' lang='lat'><em>(11)</em></span> <span class='ocrx_word' id='word_1_824' title='bbox 2668 3906 2812 3968; x_wconf 79' lang='lat' dir='ltr'><strong>Atqui</strong></span> <span class='ocrx_word' id='word_1_825' title='bbox 2844 3904 2974 3967; x_wconf 79' lang='lat' dir='ltr'><strong>ipsos</strong></span> <span class='ocrx_word' id='word_1_826' title='bbox 3010 3888 3113 3968; x_wconf 44' lang='lat' dir='ltr'><strong>ego‘</strong></span> <span class='ocrx_word' id='word_1_827' title='bbox 3138 3906 3266 3955; x_wconf 82' lang='lat' dir='ltr'><strong>haud</strong></span> 
     </span>
     <span class='ocr_line' id='line_1_99' title="bbox 1707 3984 3268 4039; baseline 0.003 -5"><span class='ocrx_word' id='word_1_828' title='bbox 1707 3984 1951 4036; x_wconf 85' lang='lat' dir='ltr'><strong>immerito</strong></span> <span class='ocrx_word' id='word_1_829' title='bbox 1967 3985 2255 4038; x_wconf 87' lang='lat' dir='ltr'><strong>incusarem.</strong></span> <span class='ocrx_word' id='word_1_830' title='bbox 2276 3988 2397 4037; x_wconf 79' lang='lat' dir='ltr'><strong>Nam</strong></span> <span class='ocrx_word' id='word_1_831' title='bbox 2420 3987 2459 4037; x_wconf 89' lang='lat' dir='ltr'><strong>si</strong></span> <span class='ocrx_word' id='word_1_832' title='bbox 2485 3987 2607 4037; x_wconf 90' lang='lat' dir='ltr'><strong>mibi</strong></span> <span class='ocrx_word' id='word_1_833' title='bbox 2628 3988 2691 4037; x_wconf 85' lang='lat' dir='ltr'><strong>ab</strong></span> <span class='ocrx_word' id='word_1_834' title='bbox 2712 3988 2995 4039; x_wconf 84' lang='lat' dir='ltr'><strong>adversariis</strong></span> <span class='ocrx_word' id='word_1_835' title='bbox 3014 3988 3135 4038; x_wconf 86' lang='lat' dir='ltr'><strong>meis</strong></span> <span class='ocrx_word' id='word_1_836' title='bbox 3155 3991 3268 4039; x_wconf 72' lang='lat' dir='ltr'><strong>laiso</strong></span> 
     </span>
     <span class='ocr_line' id='line_1_100' title="bbox 1709 4068 3267 4140; baseline 0.002 -17"><span class='ocrx_word' id='word_1_837' title='bbox 1709 4072 1828 4123; x_wconf 88' lang='lat' dir='ltr'><strong>nibil</strong></span> <span class='ocrx_word' id='word_1_838' title='bbox 1861 4074 1990 4137; x_wconf 80' lang='lat' dir='ltr'><strong>oequi</strong></span> <span class='ocrx_word' id='word_1_839' title='bbox 2032 4074 2289 4124; x_wconf 89' lang='lat' dir='ltr'><strong>dicendum</strong></span> <span class='ocrx_word' id='word_1_840' title='bbox 2329 4075 2521 4135; x_wconf 78' lang='lat' dir='ltr'><strong>fuisset,</strong></span> <span class='ocrx_word' id='word_1_841' title='bbox 2557 4068 2771 4137; x_wconf 69' lang='lat' dir='ltr'><strong>profecto</strong></span> <span class='ocrx_word' id='word_1_842' title='bbox 2804 4078 2915 4140; x_wconf 83' lang='lat' dir='ltr'><strong>jure</strong></span> <span class='ocrx_word' id='word_1_843' title='bbox 2959 4088 3267 4126; x_wconf 87' lang='lat' dir='ltr'><strong>communem</strong></span> 
     </span>
     <span class='ocr_line' id='line_1_101' title="bbox 1711 4157 3269 4221; baseline 0.003 -15"><span class='ocrx_word' id='word_1_844' title='bbox 1711 4160 1879 4207; x_wconf 83' lang='lat' dir='ltr'><strong>contra</strong></span> <span class='ocrx_word' id='word_1_845' title='bbox 1902 4171 1981 4207; x_wconf 90' lang='lat' dir='ltr'><strong>me</strong></span> <span class='ocrx_word' id='word_1_846' title='bbox 2003 4170 2195 4209; x_wconf 59' lang='lat' dir='ltr'><strong>cauam</strong></span> <span class='ocrx_word' id='word_1_847' title='bbox 2222 4158 2474 4207; x_wconf 77' lang='lat' dir='ltr'><strong>faciebant.</strong></span> <span class='ocrx_word' id='word_1_848' title='bbox 2496 4157 2733 4221; x_wconf 86' lang='lat' dir='ltr'><strong>Equidem</strong></span> <span class='ocrx_word' id='word_1_849' title='bbox 2754 4158 3022 4209; x_wconf 83' lang='lat' dir='ltr'><strong>arbitrabar</strong></span> <span class='ocrx_word' id='word_1_850' title='bbox 3035 4172 3116 4209; x_wconf 86' lang='lat' dir='ltr'><strong>eos</strong></span> <span class='ocrx_word' id='word_1_851' title='bbox 3134 4172 3269 4210; x_wconf 84' lang='lat' dir='ltr'><strong>more</strong></span> 
     </span>
     <span class='ocr_line' id='line_1_102' title="bbox 1711 4243 3268 4307; baseline 0.003 -14"><span class='ocrx_word' id='word_1_852' title='bbox 1711 4243 2106 4307; x_wconf 85' lang='lat' dir='ltr'><strong>pbilosophorum</strong></span> <span class='ocrx_word' id='word_1_853' title='bbox 2143 4244 2205 4294; x_wconf 92' lang='lat' dir='ltr'><strong>de</strong></span> <span class='ocrx_word' id='word_1_854' title='bbox 2234 4244 2327 4293; x_wconf 89' lang='lat' dir='ltr'><strong>boc</strong></span> <span class='ocrx_word' id='word_1_855' title='bbox 2352 4258 2463 4295; x_wconf 90' lang='lat' dir='ltr'><strong>meo</strong></span> <span class='ocrx_word' id='word_1_856' title='bbox 2498 4245 2687 4306; x_wconf 85' lang='lat' dir='ltr'><strong>negotio</strong></span> <span class='ocrx_word' id='word_1_857' title='bbox 2724 4245 2842 4295; x_wconf 85' lang='lat' dir='ltr'><strong>mibi</strong></span> <span class='ocrx_word' id='word_1_858' title='bbox 2887 4246 3268 4297; x_wconf 87' lang='lat' dir='ltr'><strong>contradicturos</strong></span> 
     </span>
     <span class='ocr_line' id='line_1_103' title="bbox 1711 4332 3265 4398; baseline 0.001 -15"><span class='ocrx_word' id='word_1_859' title='bbox 1711 4344 1840 4394; x_wconf 62' lang='grc' dir='ltr'>οπεος</span> <span class='ocrx_word' id='word_1_860' title='bbox 1866 4333 1919 4382; x_wconf 83' lang='lat' dir='ltr'><strong>at</strong></span> <span class='ocrx_word' id='word_1_861' title='bbox 1946 4332 2125 4383; x_wconf 86' lang='lat' dir='ltr'><strong>scilicet</strong></span> <span class='ocrx_word' id='word_1_862' title='bbox 2146 4343 2244 4382; x_wconf 88' lang='lat' dir='ltr'><strong>non</strong></span> <span class='ocrx_word' id='word_1_863' title='bbox 2262 4332 2488 4383; x_wconf 84' lang='lat' dir='ltr'><strong>dicebant</strong></span> <span class='ocrx_word' id='word_1_864' title='bbox 2510 4333 2729 4394; x_wconf 87' lang='lat' dir='ltr'><strong>tantum,</strong></span> <span class='ocrx_word' id='word_1_865' title='bbox 2757 4332 2839 4383; x_wconf 87' lang='lat' dir='ltr'><strong>sed</strong></span> <span class='ocrx_word' id='word_1_866' title='bbox 2862 4333 3009 4384; x_wconf 87' lang='lat' dir='ltr'><strong>etiam</strong></span> <span class='ocrx_word' id='word_1_867' title='bbox 3035 4334 3265 4398; x_wconf 82' lang='lat' dir='ltr'><strong>agebant,</strong></span> 
     </span>
    </p>
   </div>
   <div class='ocr_carea' id='block_1_12' title="bbox 1712 4413 3393 4480">
    <p class='ocr_par' dir='ltr' id='par_1_13' title="bbox 1712 4413 3393 4480">
     <span class='ocr_line' id='line_1_104' title="bbox 1712 4413 3393 4480; baseline 0.001 -15"><span class='ocrx_word' id='word_1_868' title='bbox 1712 4415 1809 4478; x_wconf 73' lang='lat'>(12)</span> <span class='ocrx_word' id='word_1_869' title='bbox 1827 4415 1878 4465; x_wconf 88' lang='lat' dir='ltr'><strong>et</strong></span> <span class='ocrx_word' id='word_1_870' title='bbox 1895 4414 2003 4465; x_wconf 89' lang='lat' dir='ltr'><strong>ideo</strong></span> <span class='ocrx_word' id='word_1_871' title='bbox 2023 4415 2253 4479; x_wconf 86' lang='lat' dir='ltr'><strong>agebant,</strong></span> <span class='ocrx_word' id='word_1_872' title='bbox 2288 4418 2344 4465; x_wconf 91' lang='lat' dir='ltr'><strong>ut</strong></span> <span class='ocrx_word' id='word_1_873' title='bbox 2361 4413 2655 4465; x_wconf 75' lang='lat' dir='ltr'><strong>exhibendas</strong></span> <span class='ocrx_word' id='word_1_874' title='bbox 2672 4428 2701 4463; x_wconf 89' lang='lat' dir='ltr'><strong>a</strong></span> <span class='ocrx_word' id='word_1_875' title='bbox 2724 4427 2802 4465; x_wconf 88' lang='lat' dir='ltr'><strong>me</strong></span> <span class='ocrx_word' id='word_1_876' title='bbox 2824 4416 3033 4467; x_wconf 78' lang='lat' dir='ltr'><strong>rationes</strong></span> <span class='ocrx_word' id='word_1_877' title='bbox 3050 4416 3269 4480; x_wconf 77' lang='lat' dir='ltr'><strong>Polycles</strong></span> <span class='ocrx_word' id='word_1_878' title='bbox 3384 4418 3393 4428; x_wconf 88' lang='lat'>&#39;</span> 
     </span>
    </p>
   </div>
   <div class='ocr_carea' id='block_1_13' title="bbox 1709 4497 3269 5292">
    <p class='ocr_par' dir='ltr' id='par_1_14' title="bbox 1709 4497 3269 5292">
     <span class='ocr_line' id='line_1_105' title="bbox 1710 4497 3266 4560; baseline 0 -13"><span class='ocrx_word' id='word_1_879' title='bbox 1710 4498 2032 4560; x_wconf 85' lang='lat' dir='ltr'><strong>cognosceret.</strong></span> <span class='ocrx_word' id='word_1_880' title='bbox 2050 4497 2291 4547; x_wconf 75' lang='lat' dir='ltr'><strong>patefacta</strong></span> <span class='ocrx_word' id='word_1_881' title='bbox 2308 4497 2435 4547; x_wconf 90' lang='lat' dir='ltr'><strong>enim</strong></span> <span class='ocrx_word' id='word_1_882' title='bbox 2450 4497 2555 4547; x_wconf 79' lang='lat' dir='ltr'><strong>liaec</strong></span> <span class='ocrx_word' id='word_1_883' title='bbox 2576 4500 2707 4547; x_wconf 86' lang='lat' dir='ltr'><strong>sunt.</strong></span> <span class='ocrx_word' id='word_1_884' title='bbox 2726 4502 2904 4550; x_wconf 85' lang='lat' dir='ltr'><strong>coram</strong></span> <span class='ocrx_word' id='word_1_885' title='bbox 2924 4498 3119 4549; x_wconf 83' lang='lat' dir='ltr'><strong>arbitris</strong></span> <span class='ocrx_word' id='word_1_886' title='bbox 3138 4498 3266 4549; x_wconf 90' lang='lat' dir='ltr'><strong>enim</strong></span> 
     </span>
     <span class='ocr_line' id='line_1_106' title="bbox 1709 4579 3267 4644; baseline 0.001 -14"><span class='ocrx_word' id='word_1_887' title='bbox 1709 4579 2015 4631; x_wconf 82' lang='lat' dir='ltr'><strong>stomachans</strong></span> <span class='ocrx_word' id='word_1_888' title='bbox 2031 4580 2244 4644; x_wconf 76' lang='lat' dir='ltr'><strong>Polycles</strong></span> <span class='ocrx_word' id='word_1_889' title='bbox 2257 4579 2470 4631; x_wconf 80' lang='lat' dir='ltr'><strong>dixitme</strong></span> <span class='ocrx_word' id='word_1_890' title='bbox 2502 4580 2579 4631; x_wconf 77' lang='lat' dir='ltr'><strong>vel</strong></span> <span class='ocrx_word' id='word_1_891' title='bbox 2614 4580 2781 4631; x_wconf 90' lang='lat' dir='ltr'><strong>amicis</strong></span> <span class='ocrx_word' id='word_1_892' title='bbox 2806 4582 2927 4631; x_wconf 87' lang='lat' dir='ltr'><strong>meis</strong></span> <span class='ocrx_word' id='word_1_893' title='bbox 2960 4581 3111 4632; x_wconf 80' lang='lat' dir='ltr'><strong>videri</strong></span> <span class='ocrx_word' id='word_1_894' title='bbox 3150 4583 3267 4644; x_wconf 80' lang='lat' dir='ltr'><strong>inju-</strong></span> 
     </span>
     <span class='ocr_line' id='line_1_107' title="bbox 1711 4661 3267 4729; baseline 0.001 -15"><span class='ocrx_word' id='word_1_895' title='bbox 1711 4666 1864 4729; x_wconf 84' lang='lat' dir='ltr'><strong>rium,</strong></span> <span class='ocrx_word' id='word_1_896' title='bbox 1901 4677 2079 4728; x_wconf 88' lang='lat' dir='ltr'><strong>eosque</strong></span> <span class='ocrx_word' id='word_1_897' title='bbox 2114 4664 2209 4714; x_wconf 87' lang='lat' dir='ltr'><strong>boc</strong></span> <span class='ocrx_word' id='word_1_898' title='bbox 2230 4663 2321 4714; x_wconf 84' lang='lat' dir='ltr'><strong>sibi</strong></span> <span class='ocrx_word' id='word_1_899' title='bbox 2353 4661 2545 4714; x_wconf 82' lang='lat' dir='ltr'><strong>dixisse.</strong></span> <span class='ocrx_word' id='word_1_900' title='bbox 2570 4666 2702 4716; x_wconf 76' lang='lat' dir='ltr'><strong>Num</strong></span> <span class='ocrx_word' id='word_1_901' title='bbox 2720 4664 2864 4715; x_wconf 86' lang='lat' dir='ltr'><strong>etiam</strong></span> <span class='ocrx_word' id='word_1_902' title='bbox 2888 4666 3133 4728; x_wconf 86' lang='lat' dir='ltr'><strong>sequentia</strong></span> <span class='ocrx_word' id='word_1_903' title='bbox 3146 4678 3267 4715; x_wconf 88' lang='lat' dir='ltr'><strong>con·-</strong></span> 
     </span>
     <span class='ocr_line' id='line_1_108' title="bbox 1709 4745 3267 4810; baseline 0.001 -14"><span class='ocrx_word' id='word_1_904' title='bbox 1709 4749 1889 4810; x_wconf 85' lang='lat' dir='ltr'><strong>gruunt</strong></span> <span class='ocrx_word' id='word_1_905' title='bbox 1946 4760 2059 4797; x_wconf 92' lang='lat' dir='ltr'><strong>cum</strong></span> <span class='ocrx_word' id='word_1_906' title='bbox 2120 4745 2223 4809; x_wconf 81' lang='lat' dir='ltr'><strong>jam</strong></span> <span class='ocrx_word' id='word_1_907' title='bbox 2258 4745 2577 4796; x_wconf 77' lang='lat' dir='ltr'><strong>renuntiatis?</strong></span> <span class='ocrx_word' id='word_1_908' title='bbox 2618 4745 2751 4797; x_wconf 89' lang='lat' dir='ltr'><strong>ldem</strong></span> <span class='ocrx_word' id='word_1_909' title='bbox 2798 4746 3029 4797; x_wconf 86' lang='lat' dir='ltr'><strong>nimirum</strong></span> <span class='ocrx_word' id='word_1_910' title='bbox 3068 4747 3149 4797; x_wconf 86' lang='lat' dir='ltr'><strong>ille</strong></span> <span class='ocrx_word' id='word_1_911' title='bbox 3192 4746 3267 4798; x_wconf 81' lang='lat' dir='ltr'><strong>vir</strong></span> 
     </span>
     <span class='ocr_line' id='line_1_109' title="bbox 1711 4826 3265 4891; baseline 0.001 -13"><span class='ocrx_word' id='word_1_912' title='bbox 1711 4828 2013 4879; x_wconf 87' lang='lat' dir='ltr'><strong>renuntiabat</strong></span> <span class='ocrx_word' id='word_1_913' title='bbox 2034 4827 2166 4891; x_wconf 91' lang='lat' dir='ltr'><strong>quod</strong></span> <span class='ocrx_word' id='word_1_914' title='bbox 2194 4826 2439 4877; x_wconf 87' lang='lat' dir='ltr'><strong>nonnullis</strong></span> <span class='ocrx_word' id='word_1_915' title='bbox 2472 4840 2630 4877; x_wconf 84' lang='lat' dir='ltr'><strong>meam</strong></span> <span class='ocrx_word' id='word_1_916' title='bbox 2661 4841 2855 4878; x_wconf 86' lang='lat' dir='ltr'><strong>causam</strong></span> <span class='ocrx_word' id='word_1_917' title='bbox 2879 4830 3057 4878; x_wconf 85' lang='lat' dir='ltr'><strong>acturis</strong></span> <span class='ocrx_word' id='word_1_918' title='bbox 3081 4828 3265 4879; x_wconf 89' lang='lat' dir='ltr'><strong>dicere-</strong></span> 
     </span>
     <span class='ocr_line' id='line_1_110' title="bbox 1709 4909 3269 4973; baseline 0.002 -14"><span class='ocrx_word' id='word_1_919' title='bbox 1709 4911 1773 4959; x_wconf 85' lang='lat' dir='ltr'><strong>tis</strong></span> <span class='ocrx_word' id='word_1_920' title='bbox 1800 4923 1888 4961; x_wconf 83' lang='lat' dir='ltr'><strong>vos</strong></span> <span class='ocrx_word' id='word_1_921' title='bbox 1920 4924 2022 4961; x_wconf 70' lang='lat' dir='ltr'><strong>esse</strong></span> <span class='ocrx_word' id='word_1_922' title='bbox 2054 4910 2378 4972; x_wconf 85' lang='lat' dir='ltr'><strong>dissuasurus,</strong></span> <span class='ocrx_word' id='word_1_923' title='bbox 2413 4909 2766 4973; x_wconf 86' lang='lat' dir='ltr'><strong>nonnullosque</strong></span> <span class='ocrx_word' id='word_1_924' title='bbox 2801 4911 2903 4972; x_wconf 72' lang='lat' dir='ltr'><strong>iam</strong></span> <span class='ocrx_word' id='word_1_925' title='bbox 2933 4909 3269 4972; x_wconf 83' lang='lat' dir='ltr'><strong>prohibueritis</strong></span> 
     </span>
     <span class='ocr_line' id='line_1_111' title="bbox 1709 4991 3265 5056; baseline -0.001 -13"><span class='ocrx_word' id='word_1_926' title='bbox 1709 5006 1771 5043; x_wconf 90' lang='lat' dir='ltr'><strong>ne</strong></span> <span class='ocrx_word' id='word_1_927' title='bbox 1784 4995 1994 5056; x_wconf 81' lang='lat' dir='ltr'><strong>agerent.</strong></span> <span class='ocrx_word' id='word_1_928' title='bbox 2021 4991 2122 5056; x_wconf 75' lang='lat' dir='ltr'><strong>(ta)</strong></span> <span class='ocrx_word' id='word_1_929' title='bbox 2132 4992 2258 5051; x_wconf 88' lang='lat' dir='ltr'><strong>Quid</strong></span> <span class='ocrx_word' id='word_1_930' title='bbox 2285 4993 2392 5042; x_wconf 79' lang='lat' dir='ltr'><strong>baec</strong></span> <span class='ocrx_word' id='word_1_931' title='bbox 2414 4992 2712 5042; x_wconf 73' lang='lat' dir='ltr'><strong>manifestius</strong></span> <span class='ocrx_word' id='word_1_932' title='bbox 2734 4992 2895 5041; x_wconf 87' lang='lat' dir='ltr'><strong>adbuc</strong></span> <span class='ocrx_word' id='word_1_933' title='bbox 2912 5005 3108 5055; x_wconf 85' lang='lat' dir='ltr'><strong>arguere</strong></span> <span class='ocrx_word' id='word_1_934' title='bbox 3120 5006 3265 5056; x_wconf 90' lang='lat' dir='ltr'><strong>opor-</strong></span> 
     </span>
     <span class='ocr_line' id='line_1_112' title="bbox 1709 5073 3265 5138; baseline -0.001 -13"><span class='ocrx_word' id='word_1_935' title='bbox 1709 5078 1814 5126; x_wconf 75' lang='lat' dir='ltr'><strong>tet?</strong></span> <span class='ocrx_word' id='word_1_936' title='bbox 1847 5081 1945 5138; x_wconf 80' lang='lat' dir='ltr'><strong>Age</strong></span> <span class='ocrx_word' id='word_1_937' title='bbox 1974 5076 2129 5136; x_wconf 86' lang='lat' dir='ltr'><strong>enim,</strong></span> <span class='ocrx_word' id='word_1_938' title='bbox 2155 5074 2349 5138; x_wconf 83' lang='lat' dir='ltr'><strong>quando</strong></span> <span class='ocrx_word' id='word_1_939' title='bbox 2371 5076 2514 5125; x_wconf 87' lang='lat' dir='ltr'><strong>norat</strong></span> <span class='ocrx_word' id='word_1_940' title='bbox 2535 5074 2615 5125; x_wconf 88' lang='lat' dir='ltr'><strong>ille</strong></span> <span class='ocrx_word' id='word_1_941' title='bbox 2632 5073 2764 5138; x_wconf 85' lang='lat' dir='ltr'><strong>quod</strong></span> <span class='ocrx_word' id='word_1_942' title='bbox 2788 5087 2817 5123; x_wconf 90' lang='lat' dir='ltr'><strong>a</strong></span> <span class='ocrx_word' id='word_1_943' title='bbox 2858 5074 3094 5125; x_wconf 81' lang='lat' dir='ltr'><strong>Clilodico</strong></span> <span class='ocrx_word' id='word_1_944' title='bbox 3119 5087 3265 5136; x_wconf 84' lang='lat' dir='ltr'><strong>quern</strong></span> 
     </span>
     <span class='ocr_line' id='line_1_113' title="bbox 1709 5154 3267 5219; baseline -0.001 -13"><span class='ocrx_word' id='word_1_945' title='bbox 1709 5168 1948 5219; x_wconf 81' lang='lat' dir='ltr'><strong>rogassem</strong></span> <span class='ocrx_word' id='word_1_946' title='bbox 2008 5157 2062 5206; x_wconf 86' lang='lat' dir='ltr'><strong>ut</strong></span> <span class='ocrx_word' id='word_1_947' title='bbox 2116 5168 2204 5219; x_wconf 88' lang='lat' dir='ltr'><strong>pro</strong></span> <span class='ocrx_word' id='word_1_948' title='bbox 2248 5168 2329 5207; x_wconf 91' lang='lat' dir='ltr'><strong>me</strong></span> <span class='ocrx_word' id='word_1_949' title='bbox 2367 5156 2576 5219; x_wconf 87' lang='lat' dir='ltr'><strong>diceret,</strong></span> <span class='ocrx_word' id='word_1_950' title='bbox 2613 5156 2853 5219; x_wconf 84' lang='lat' dir='ltr'><strong>repulsam</strong></span> <span class='ocrx_word' id='word_1_951' title='bbox 2890 5154 3121 5205; x_wconf 82' lang='lat' dir='ltr'><strong>tulerim?</strong></span> <span class='ocrx_word' id='word_1_952' title='bbox 3161 5157 3267 5205; x_wconf 87' lang='lat' dir='ltr'><strong>Non</strong></span> 
     </span>
     <span class='ocr_line' id='line_1_114' title="bbox 1709 5238 3266 5292; baseline -0.001 -2"><span class='ocrx_word' id='word_1_953' title='bbox 1709 5240 1838 5291; x_wconf 86' lang='lat' dir='ltr'><strong>enim</strong></span> <span class='ocrx_word' id='word_1_954' title='bbox 1869 5240 1998 5290; x_wconf 86' lang='lat' dir='ltr'><strong>bisce</strong></span> <span class='ocrx_word' id='word_1_955' title='bbox 2042 5240 2273 5292; x_wconf 86' lang='lat' dir='ltr'><strong>intererat</strong></span> <span class='ocrx_word' id='word_1_956' title='bbox 2298 5256 2310 5290; x_wconf 92' lang='lat'><strong>:</strong></span> <span class='ocrx_word' id='word_1_957' title='bbox 2348 5254 2411 5291; x_wconf 96' lang='lat' dir='ltr'><strong>an</strong></span> <span class='ocrx_word' id='word_1_958' title='bbox 2443 5242 2634 5291; x_wconf 86' lang='lat' dir='ltr'><strong>lucrum</strong></span> <span class='ocrx_word' id='word_1_959' title='bbox 2666 5240 2710 5290; x_wconf 87' lang='lat' dir='ltr'><strong>ei</strong></span> <span class='ocrx_word' id='word_1_960' title='bbox 2734 5239 2999 5289; x_wconf 75' lang='lat' dir='ltr'><strong>asserebant</strong></span> <span class='ocrx_word' id='word_1_961' title='bbox 3032 5238 3141 5289; x_wconf 83' lang='lat' dir='ltr'><strong>baec</strong></span> <span class='ocrx_word' id='word_1_962' title='bbox 3186 5238 3266 5288; x_wconf 91' lang='lat' dir='ltr'><strong>ad-</strong></span> 
     </span>
    </p>
   </div>
   <div class='ocr_carea' id='block_1_14' title="bbox 3080 5341 3107 5379">
    <p class='ocr_par' dir='ltr' id='par_1_15' title="bbox 3080 5341 3107 5379">
     <span class='ocr_line' id='line_1_115' title="bbox 3080 5341 3107 5379; baseline 0 0"><span class='ocrx_word' id='word_1_963' title='bbox 3080 5341 3107 5379; x_wconf 78' lang='grc'>9</span> 
     </span>
    </p>
   </div>
  </div>
 </body>
</html>
