3825 5842
197 464 466 548 ‹ess-0⁷1)

194 595 528 679 πραχθέντων
553 593 663 655 ὑπό
687 616 745 653 τε
778 598 868 654 τοῦ
897 592 1058 673 νόμου
1085 592 1201 653 καθ’
1236 592 1294 653 ὃν
1323 592 1568 655 διώκεται
1585 638 1604 669 ,
1635 590 1752 653 οὐδὲ

195 689 290 745 τῶν
341 682 776 762 ἐπιτηδευμάτων
821 680 992 743 εἵνεκα
1045 682 1236 742 δίκαιοι
1285 682 1528 743 τοιούτων
1575 685 1752 743 κακῶν

194 771 458 841 ὰξιοῦσθαί
483 774 662 850 ἐσμεν.
707 760 876 839 Οὗτός
898 793 958 829 τε
993 768 1095 850 γὰρ
1118 771 1300 830 ἀνόσια
1323 771 1561 831 πείσεται
1575 768 1668 838 τὰς
1692 772 1753 831 οὗ

191 858 557 941 προσηκούσας
589 858 759 942 φέρων
781 858 1061 939 ἁμαρτίας·
1101 858 1204 938 ἐγώ
1223 884 1281 919 τε
1311 862 1510 938 μᾶλλον
1543 857 1638 938 μὲν
1663 860 1754 917 οὗ·

116 962 165 1001 15
191 946 292 1019 δέν,
315 948 508 1026 ὁμοίως
535 946 593 1007 δὲ
628 945 800 1027 τούτῳ
825 945 1192 1028 ἀναμάρτητος
1221 947 1316 1019 ὤν,
1345 948 1416 1013 εἷς
1441 947 1755 1006 πολλαπλα-

190 1036 328 1103 σίους
371 1034 560 1096 τούτου
602 1034 878 1117 συμφορὰς
917 1033 1058 1107 ἥξω·
1105 1034 1194 1095 ἐπί
1231 1058 1290 1095 τε
1331 1034 1436 1116 γὰρ
1467 1039 1532 1115 τῇ
1569 1033 1752 1094 τούτου

191 1125 442 1206 διαφθορᾷ
475 1122 703 1183 ἀὸίωτον
743 1121 804 1182 τὸ
835 1122 1141 1194 λειπόμενον
1175 1127 1266 1182 τοῦ
1291 1120 1408 1203 βίου
1440 1120 1601 1191 διάξω
1622 1166 1640 1201 ‚
1666 1120 1754 1181 ἐπί

187 1235 244 1271 τε
262 1217 330 1293 τῇ
357 1215 590 1288 ἐμαυτοῦ
617 1209 840 1293 ἀπαιδίᾳ
867 1212 970 1279 ζῶν
994 1209 1072 1270 ἔτι
1094 1208 1578 1291 κατορυχθήσομαι.

269 1322 339 1362 11.
383 1299 686 1368 Ἐλεοῦντες
721 1290 810 1360 οῦν
837 1299 988 1358 τοῦδε
1025 1301 1122 1377 μὲν
1158 1303 1250 1357 τοῦ
1279 1297 1468 1369 νηπίου
1498 1298 1592 1371 τὴν
1622 1300 1751 1356 ἀνα-

187 1387 448 1469 μάρτητον
495 1386 787 1469 συμφοράν,
826 1389 957 1463 ἐμοῦ
985 1385 1041 1445 δὲ
1070 1391 1164 1445 τοῦ
1185 1386 1416 1467 ’γηραιοῦ
1448 1385 1550 1445 καὶ·
1572 1384 1750 1445 ἀθλίου

184 1475 279 1549 τὴν
306 1475 698 1557 ἀπροσδόκητον
724 1473 1098 1548 κακοπάθειαν,
1139 1473 1212 1553 μὴ
1260 1474 1754 1556 καταψηφισάμενοι

189 1564 480 1645 δυσμόρως
507 1567 649 1641 ἡμᾶς
683 1562 1085 1636 καταστήσητε,
1114 1562 1230 1622 ἀλλ’
1262 1564 1571 1629 ἀπολύοντες
1606 1565 1752 1621 εὗσε-

107 1666 163 1709 20
189 1650 346 1713 δεῖτε.
385 1647 467 1712 ‘¹0
485 1675 544 1710 τε
569 1650 672 1732 γὰρ
699 1650 997 1729 ἀποθανών,
1021 1658 1310 1733 συμφοραῖς
1338 1650 1630 1732 περιπεσὼν
1657 1653 1753 1709 οὐκ

187 1736 510 1820 ἀτιμώρητός
526 1740 683 1812 ἔστιν,
707 1742 857 1816 ἡμεῖς
882 1761 939 1797 τε
959 1740 1016 1796 οὗ
1038 1738 1226 1797 δίκαιοι
1245 1737 1337 1805 τὰς
1363 1738 1559 1797 τούτων
1579 1739 1752 1816 ἆμαρ-

183 1826 296 1895 τίας
322 1826 603 1907 συμφέρειν
631 1826 812 1905 ἐσμέν.
883 1825 974 1908 (12)
1001 1826 1118 1899 Τήν
1143 1850 1200 1886 τε
1229 1820 1316 1885 οὖν
1346 1825 1610 1886 εὖσέὸειαν
1638 1824 1752 1885 τού·

181 1937 284 1973 των
321 1918 427 1973 τῶν
461 1912 802 1995 πραχθέντων
836 1912 928 1974 καὶ
962 1912 1023 1974 τὸ
1051 1912 1248 1973 δίκαιον
1273 1914 1568 1993 αἰδούμενοι
1597 1913 1748 1981 ὁσίως

181 2001 272 2063 καὶ
314 2001 530 2071 δικαίως
565 2000 822 2061 ἀπολύετε
855 2005 1024 2075 ἡμᾶς,
1068 2001 1161 2061 καὶ
1199 2001 1273 2079 μὴ
1317 2001 1626 2062 ἀθλιωτᾶτω
1658 2000 1750 2061 δύο

183 2090 390 2174 πατέρα
415 2088 508 2152 καὶ
533 2092 699 2151 παῖδα
727 2089 913 2173 ἀώροις
935 2092 1224 2174 συμφοραῖς
1245 2090 1582 2175 περιὸἀλητε.

933 2427 981 2477 γ.

99 2587 154 2626 as
500 2570 590 2622 Ex
617 2567 1014 2623 nanoPm
1047 2571 1092 2621 0
1122 2570 1423 2623 ΥΣΤΕΡΟΣ.

251 2720 388 2785 Ὅτι
411 2720 509 2800 μὲν
550 2718 684 2793 αὕτη
709 2724 747 2793 ἡ
785 2718 940 2801 χρεία
968 2718 1116 2801 παρὰ
1146 2716 1298 2799 φύσιν
1335 2716 1426 2778 καὶ
1449 2716 1618 2797 λέγειν
1657 2710 1750 2777 καὶ

183 2812 310 2893 δρᾶν
349 2808 588 2878 ἅπαντας
615 2808 898 2887 ἀναγκάζει
912 2852 930 2882 ,
962 2806 1098 2889 ἱργῳ
1129 2807 1220 2866 καὶ
1247 2810 1304 2866 οὗ
1326 2806 1466 2887 λόγῳ
1495 2809 1638 2867 δοκεῖ
1660 2830 1748 2885 μοι

182 2897 461 2977 σημαίνειν
509 2888 686 2963 οὗτος·
731 2895 925 2968 ἥκιστα
969 2894 1072 2977 γὰρ
1113 2892 1165 2953 ἔν
1214 2917 1274 2973 γε
1329 2897 1408 2975 τῷ
1458 2892 1748 2974 ἔμπροσθεν

41 3042 48 3049 ,
177 2986 352 3067 χρόνῳ
393 2982 610 3055 ἀναιδὴς
654 2982 746 3043 καὶ
787 2981 1042 3061 τολμηρὸς
1081 2979 1174 3056 ὤν,
1201 2986 1292 3039 νῦν
1333 2981 1421 3039 ὑπ’
1451 2983 1610 3054 αὐτῆς
1652 2986 1746 3054 τῆς

97 3095 154 3135 ao
177 3082 462 3155 συμφορᾶς
497 3072 834 3151 ἠνάγκασται
867 3068 1035 3149 λέγειν
1077 3061 1160 3128 οἶα
1198 3070 1292 3127 οὐκ
1331 3068 1394 3126 ἄν
1434 3092 1560 3127 ποτε
1593 3068 1745 3149 ᾤμην

177 3156 282 3240 ἷγῶ
305 3167 490 3221 τοῦτον
519 3162 698 3220 εἰπεῖν.
747 3160 810 3236 (2)
835 3156 976 3235 Ἐγώ
998 3180 1054 3215 τε
1081 3155 1184 3237 γὰρ
1213 3158 1384 3237 πολλῇ
1417 3156 1562 3239 ἀνοίᾳ
1592 3158 1748 3238 χρώ-

177 3274 331 3329 μενος
351 3250 448 3309 οὔκ
479 3248 544 3307 ἂν
577 3246 841 3306 ὗπέλαὸον
870 3251 1049 3305 τοῦτον
1092 3246 1378 3304 ἀντειπεῖν·
1409 3246 1525 3305 οὐδὲ
1555 3246 1654 3327 γὰρ
1680 3246 1746 3305 ἂν

180 3336 274 3398 ἕνα
309 3338 468 3415 λόγον
508 3336 624 3395 ἀντὶ
665 3336 806 3395 δυοῖν
833 3332 984 3404 λέξας
1009 3333 1070 3393 τὸ
1103 3332 1269 3411 ἥμισυ
1299 3337 1392 3405 τῆς
1429 3332 1746 3415 κατηγορίας

179 3424 409 3505 ἐμαυτὸν
441 3424 507 3485 ἂν
539 3423 873 3504 ἀπέστέρησα
891 3445 906 3461 ·
951 3414 1098 3489 οὗτός
1136 3445 1194 3481 τε
1222 3421 1297 3499 μὴ
1327 3423 1532 3497 τολμῶν
1564 3425 1658 3482 οὐκ
1683 3421 1746 3481 ἂν

175 3522 398 3596 προεῖχε
434 3516 514 3595 τῷ
550 3511 812 3592 διπλασίῳ
853 3533 980 3587 μου,
1022 3510 1112 3569 ἕνα
1160 3508 1258 3587 μὲν
1302 3509 1428 3589 πρὸς
1463 3508 1554 3569 ἕνα
1594 3509 1746 3587 λόγον

178 3599 526 3678 ἀπολογηθείς
542 3646 562 3679 ,
593 3598 627 3657 ἃ
656 3599 711 3658 δὲ
751 3596 1128 3679 κατηγόρησεν,
1171 3596 1530 3677 ἀναποκρίτως
1565 3598 1743 3661 εἰπών.

95 3708 148 3747 ss
177 3691 243 3765 (3)
269 3692 536 3749 Τοσοῦτον
565 3686 621 3746 δὲ
649 3686 888 3767 προέχων
906 3688 957 3745 ἐν
985 3688 1093 3752 τοῖς
1115 3684 1284 3760 λόγοις
1303 3688 1478 3763 ἡμῶν,
1505 3684 1580 3744 ἔτι
1609 3687 1662 3744 δὲ
1691 3690 1743 3746 ἐν

176 3768 250 3843 οἷς
278 3774 518 3855 ἔπρασσε
535 3774 910 3833 πολλαπλάσια
929 3771 1148 3850 τούτων,
1175 3765 1323 3840 οἶτος
1348 3772 1441 3851 μὲν
1472 3775 1570 3851 οὐχ
1592 3774 1743 3843 ὁσίως

175 3866 344 3924 δεῖται
370 3866 520 3941 ὑμῶν
543 3865 748 3942 συχνῶς
760 3860 856 3932 τὴν
879 3860 1164 3940 ἀπολογίαν
1184 3857 1530 3940 ἀποδέχεσθαι
1556 3864 1712 3921 αὐτοῦ
1727 3886 1742 3900 ·

180 3951 286 4031 ἐγὼ
317 3952 366 4011 δ’
401 3951 599 4031 ἔδρασα
645 3947 742 4026 μὲν
767 3948 914 4007 οὐδὲν
943 3948 1138 4026 κακόν,
1168 3947 1350 4007 παθὼν
1379 3946 1434 4009 δὲ
1464 3950 1616 4007 ἄθλια
1655 3949 1745 4009 καὶ

173 4040 320 4100 δεινὰ
337 4084 358 4118 ,
383 4038 476 4099 καὶ
494 4043 584 4097 νῦν
605 4035 682 4096 ἔτι
709 4035 967 4117 δεινότερα
999 4033 1194 4094 τούτων
1225 4034 1361 4117 ἔργῳ
1385 4036 1478 4096 καὶ
1502 4040 1560 4096 οὗ
1579 4038 1739 4118 λόγῳ,

173 4132 244 4197 εἷς
267 4128 362 4187 τὸν
396 4124 652 4207 ὓμέτερον
681 4124 822 4183 ἔλεον
852 4121 1260 4204 καταπεφευγὼς
1297 4122 1482 4200 δέομαι
1509 4128 1677 4202 ὖμῶν,
1701 4114 1745 4185 ὦ

175 4216 366 4297 ἄνδρες
398 4214 622 4273 ἀνοσίων
650 4212 817 4291 ἔργων
839 4211 1086 4292 τιμωροί,
1123 4210 1276 4270 ὁσίων
1300 4208 1355 4270 δὲ
1379 4211 1744 4290 διαγνῶμονες,

95 4323 152 4362 40
175 4304 253 4382 μὴ
279 4302 414 4382 ἔργα
435 4298 634 4381 φανερὰ
660 4300 764 4359 ὕπὸ
785 4308 1018 4380 πονηρᾶς
1035 4298 1204 4377 λόγων
1223 4298 1489 4380 ἀκριὸείας
1507 4300 1746 4359 πεισθέν-

173 4416 289 4465 τες,
318 4390 492 4471 ψευδῆ
529 4388 628 4459 τὴν
655 4386 902 4458 ἀλήθειαν
925 4390 1044 4464 (τῶν
1069 4386 1407 4465 πραχθέντων
1442 4387 1743 4466 ἡγήσησθε·

177 4482 244 4557 (ς)
277 4484 314 4551 ἡ
344 4476 442 4553 μὲν
469 4474 574 4557 γὰρ
600 4474 900 4556 πιστότερον
937 4471 971 4546 ἢ
1005 4474 1346 4553 ἀληθέστερον
1374 4474 1642 4555 σύγκειται
1660 4523 1675 4547 ,
1710 4480 1744 4551 ἡ

176 4570 224 4626 δ’
262 4564 589 4645 ἅδολώτερον
615 4564 705 4624 καὶ
733 4562 1124 4644 ἀδυνατώτερον
1149 4562 1483 4644 λεχθήσεται.
1531 4567 1625 4646 Τῷ
1651 4564 1744 4643 μὲν

177 4647 268 4715 οὗν
303 4653 498 4731 δικαίῳ
527 4652 789 4712 πιστεύων
824 4654 1060 4731 ὑπερορῶ
1109 4656 1202 4721 τῆς
1241 4651 1520 4729 ἀπολογίας
1541 4676 1555 4690 ·
1589 4658 1655 4732 τῇ
1691 4652 1747 4712 δὲ

177 4740 504 4824 σκληρότητι
525 4746 616 4799 τοῦ
644 4738 883 4817 δαίμονος
911 4740 1142 4797 ἀπιστῶν
1165 4738 1377 4817 ὀρρωδῶ
1407 4738 1480 4815 μὴ
1505 4742 1562 4798 οὐ
1593 4740 1744 4817 μόνον

179 4836 270 4902 τῆς
295 4828 483 4911 χρείας
507 4833 600 4888 τοῦ
623 4828 813 4893 παιδὸς
832 4828 1170 4905 ἀποστερηθῶ
1188 4871 1204 4899 ,
1230 4826 1366 4885 ἀλλὰ
1384 4827 1475 4886 καὶ
1499 4828 1746 4899 αὐθέντην

81 4915 758 4999 123προσκαταγνωσθέντα
801 4914 884 4995 ὑφ’
919 4916 1066 4991 ὑμῶν
1094 4913 1257 4973 ἐπίδω
1293 4914 1465 4976 αὐτόν.
1547 4914 1619 4995 (s)
1659 4918 1748 4983 Εἰς

177 5012 331 5065 τοῦτο
371 5005 476 5087 γὰρ
511 5004 714 5081 τόλμης
751 5001 844 5061 καὶ
884 5000 1145 5068 ἀναιδείας
1177 5001 1320 5076 ἥκει,
1351 5000 1487 5061 ὥστε
1525 5002 1614 5059 τὸν
1651 5001 1744 5080 μὲν

183 5093 411 5173 βαλόντα
438 5092 532 5151 καὶ
573 5089 958 5151 ἀποκτείναντα
985 5088 1104 5149 οὔτε
1132 5092 1332 5169 τρῶσαι
1357 5088 1474 5148 οὔτε
1501 5091 1748 5149 ἀποκτεῖ-

181 5182 269 5240 ναί
311 5206 438 5259 φησι
458 5226 477 5254 ,
517 5180 612 5240 τὸν
652 5178 710 5239 δὲ
757 5177 878 5237 οὔτε

1180 462 1701 526 ANTIPHONTIS
1741 462 2233 527 TETRALOOEA
2272 466 2355 541 11,
2403 476 2458 528 a.
3068 431 3077 440 ’
3328 480 3400 530 ιε

1841 603 2043 666 Propter
2072 618 2233 655 mores
2257 608 2419 657 cutem
2448 607 2637 658 nostros
2667 609 2717 657 et
2748 606 2909 658 studia
2932 606 3130 659 minime
3158 619 3406 657 meremur

1842 721 2019 785 quibus
2035 724 2171 773 tanta
2186 724 2315 773 mala
2332 724 2622 788 infligantur.
2687 728 2809 776 Nam
2825 726 2952 777 iilius
2973 738 3112 776 meus
3123 724 3267 776 alieni
3282 738 3409 775 erro·

1843 842 1910 892 ris
1930 856 2121 907 poenam
2144 844 2282 895 luens
2302 844 2486 896 nefasta
2511 845 2719 909 patietur
2730 862 2746 909 3
2766 859 2852 909 ego
2888 859 3004 895 vero
3020 858 3119 895 non
3150 844 3300 909 magis
3322 844 3407 895 sed

1843 964 2024 1027 pariter
2040 965 2190 1029 etque
2221 964 2303 1017 ille
2316 964 2381 1016 ab
2396 963 2530 1015 omni
2548 962 2748 1015 crimine
2773 976 2927 1029 purus
2944 962 2997 1017 in
3017 964 3177 1015 multo
3200 962 3407 1025 maiores

1841 1084 2140 1137 calamitates
2154 1084 2364 1136 incidam
2382 1103 2395 1135 z
2416 1097 2531 1134 nam
2548 1082 2632 1133 illo
2650 1082 2858 1149 perdito,
2882 1080 3015 1134 baud
3033 1082 3234 1135 vitalem
3250 1080 3403 1132 vitam

1839 1200 2076 1265 reliqum
2092 1198 2309 1265 exigam,
2336 1202 2387 1251 et
2404 1199 2503 1250 filio
2521 1212 2689 1249 carens
2701 1235 2718 1263 ,
2742 1198 2883 1249 vivus
2913 1198 3074 1249 adbuc
3092 1198 3309 1263 sepeliar.

1908 1322 1980 1367 ιι.
2018 1317 2419 1367 commiserentes
2436 1317 2599 1378 itaque
2616 1314 2811 1365 infantis
2834 1314 2979 1377 buius
3000 1327 3167 1365 casum
3187 1312 3403 1363 immeri-

1837 1404 1950 1454 tum
1971 1404 2023 1454 et
2046 1416 2159 1467 quae
2186 1416 2265 1453 mo
2287 1414 2449 1453 senem
2470 1402 2702 1453 miserum
2722 1404 2917 1465 repente
2936 1400 3173 1464 oppressit
3204 1399 3402 1450 calami-

1837 1491 1991 1541 tatem
2005 1526 2022 1553 ,
2042 1491 2191 1541 nolite
2212 1490 2612 1541 condemnatione
2627 1502 2716 1539 nos
2736 1488 2951 1541 inielioes
2968 1487 3192 1550 reddere,
3214 1486 3300 1539 sed
3312 1488 3401 1537 ab·

1837 1578 2085 1631 solventes
2109 1578 2311 1642 justitiae
2344 1579 2523 1629 famum
2548 1576 2799 1629 tueamini.
2864 1580 2987 1629 Nam
3010 1577 3289 1639 peremptus
3314 1576 3403 1639 qui

1837 1680 1929 1717 sua
1968 1666 2113 1730 culpe
2144 1666 2360 1730 oeoidit,·
2382 1680 2481 1719 non
2520 1668 2594 1717 est
2622 1666 2833 1727 inultus3
2874 1678 2963 1714 nos
2991 1678 3111 1716 vero
3152 1663 3239 1727 qui
3277 1663 3406 1715 illius

1841 1756 2019 1807 erroris
2047 1768 2215 1818 pamas
2232 1769 2329 1807 uns
2348 1756 2664 1819 perieramus,
2697 1767 2795 1805 non
2822 1752 2981 1803 meriti
2998 1764 3181 1803 sumus.
3248 1752 3402 1815 Igitur

1837 1844 1916 1906 pie
1941 1843 1993 1893 in
2022 1842 2117 1893 boc
2154 1844 2345 1906 negotio
2381 1842 2617 1905 iustitiam
2648 1843 2923 1893 reverentes
2962 1840 3036 1890 uti
3065 1840 3193 1903 leges
3224 1838 3403 1890 ‹iivinae

1839 1929 2165 1995 bumanaeque
2198 1930 2413 1994 flagitent
2430 1968 2448 1995 ,
2489 1930 2725 1981 absolvite
2766 1942 2855 1980 nos
2897 1928 3277 2003 [miserrimum
3312 1940 3401 1991 par

1835 2019 2116 2083 bominum,
2147 2022 2431 2084 patremque
2452 2019 2731 2084 filiumque,
2754 2017 3113 2073 calamitatibus
3139 2020 3253 2071 ante
3272 2018 3399 2069 tem·

1834 2122 1929 2175 pus
1950 2108 2225 2163 mocianus
2245 2122 2309 2161 ne
2324 2108 2600 2174 demergite.

2446 2298 2770 2323 unni-0*—

2576 2428 2635 2479 8.

1960 2576 2309 2629 Accusulo
2342 2575 2693 2629 Pos'rmuon
2726 2574 3013 2627 EIUSDEM
3042 2572 3261 2624 cAEms.

1899 2727 2059 2788 Ipsam
2090 2726 2421 2777 necessitatem
2450 2726 2626 2789 proeter
2657 2723 2899 2789 ingenium
2926 2724 2977 2773 et
3010 2720 3147 2785 loqui
3170 2722 3221 2771 et
3240 2720 3403 2771 dicere

1836 2826 2007 2865 omnes
2022 2828 2192 2879 cogere
2207 2855 2222 2881 ,
2246 2815 2299 2866 id
2324 2830 2379 2867 re
2390 2853 2407 2880 ,
2429 2830 2527 2866 non
2541 2814 2689 2865 verbo
2704 2818 2893 2865 tantum
2906 2850 2921 2877 ,
2942 2826 3052 2863 reus
3063 2811 3145 2863 hic
3158 2811 3403 2863 declarare

1836 2910 1957 2959 mibi
1984 2909 2195 2961 videtur.
2230 2912 2383 2960 Antea
2416 2911 2547 2958 enim
2572 2908 2771 2959 minime
2802 2907 3059 2972 impudens
3090 2906 3169 2956 vel
3200 2904 3361 2954 audax
3376 2940 3393 2966 ‚

1835 3010 1969 3046 nunc
2000 3010 2031 3045 a
2047 2997 2320 3047 calamitate
2336 3010 2423 3046 sua
2442 2996 2656 3059 percitus
2676 3010 2734 3046 ea
2758 2994 3041 3059 prolocutus
3064 2996 3163 3057 est,
3181 3006 3295 3056 quoe
3310 3004 3397 3054 ego

1834 3096 2087 3147 nunquam
2114 3098 2378 3147 sperassem
2400 3097 2503 3133 esse
2519 3084 2907 3147 prolocuturum.
2972 3082 3037 3144 (2)
3058 3085 3145 3132 Nae
3160 3094 3250 3144 ego
3266 3081 3393 3131 stul-

1834 3176 1916 3223 tus
1939 3186 2073 3223 eram
2090 3210 2105 3235 ,
2129 3172 2409 3222 existimans
2430 3184 2543 3223 eum
2568 3172 2639 3222 nil
2666 3184 2769 3222 esse
2798 3170 3137 3221 oblocuturum
3149 3186 3165 3233 ς
3190 3168 3241 3219 id
3266 3169 3398 3219 enim

1833 3261 1875 3311 si
1902 3260 2229 3324 proevidissem
2244 3296 2261 3322 ,
2284 3270 2381 3309 non
2400 3258 2655 3310 deiunctus
2678 3260 2779 3310 sols
2802 3259 2955 3309 altera
2974 3260 3111 3321 parte
3140 3257 3397 3320 orationis,

1835 3350 1991 3401 altera
2013 3350 2192 3399 memet
2209 3346 2565 3399 defraudassem
2588 3367 2602 3398 ι
2624 3349 2675 3398 et
2694 3358 2863 3397 rursus
2890 3347 2997 3410 bic,
3022 3348 3192 3396 contra
3212 3344 3396 3397 hiscere

1834 3448 1932 3485 non
1968 3450 2141 3499 ausus,
2179 3449 2279 3486 non
2304 3436 2457 3487 altero
2480 3438 2619 3487 tanto
2648 3434 2767 3485 mibi
2798 3436 3064 3499 praestnret,
3105 3446 3202 3484 non
3236 3434 3395 3484 solum

1832 3536 1991 3574 meam
2023 3524 2378 3574 accusationem
2400 3536 2485 3573 sun
2514 3522 2791 3575 defensione
2806 3522 3001 3573 exciens
3014 3559 3031 3585 ,
3058 3521 3145 3573 sed
3160 3522 3304 3572 etiam
3316 3533 3397 3571 me

1833 3612 2117 3663 criminibus
2149 3613 2359 3663 obruens
2387 3612 2568 3676 quibus
2589 3622 2843 3661 occurrere
2865 3624 2963 3663 non
2984 3612 3252 3673 potueram.
3322 3608 3389 3671 (3)

1833 3704 1902 3752 Ac
1926 3704 2062 3752 tanta
2082 3703 2220 3765 parte
2242 3700 2472 3763 actionis,
2496 3700 2737 3763 rebusque
2760 3699 2876 3764 ipsis
2900 3698 3057 3749 multo
3076 3698 3295 3761 pluribus
3315 3710 3396 3747 me

1833 3790 2049 3852 passibus
2072 3802 2303 3852 superans
2324 3788 2404 3837 bic
2430 3792 2599 3837 contra
2624 3788 2697 3837 fas
2718 3788 2975 3850 impetrare
2993 3800 3023 3836 a
3048 3785 3185 3836 vobis
3205 3784 3393 3849 studet,

1834 3880 1892 3929 ut
1921 3877 2153 3929 benevole
2179 3876 2429 3939 accipietis
2458 3876 2783 3926 defensionem
2810 3888 2949 3925 suam
2975 3894 2987 3925 ι
3023 3884 3125 3937 ego·
3138 3886 3280 3936 vero,
3306 3874 3393 3936 qui

1834 3966 1969 4016 nullo
1996 3965 2199 4015 crimine
2228 3964 2481 4014 commisso
2514 3964 2685 4014 misera
2722 3963 2877 4013 multa
2912 3964 2963 4013 et
2998 3963 3183 4011 nefasta
3203 3974 3395 4025 perpes-

1831 4068 1940 4116 sus,
1964 4066 2097 4103 nunc
2114 4053 2266 4103 multo
2290 4052 2437 4101 etiam
2463 4050 2732 4113 indigniora
2748 4050 2963 4100 rebuset
2989 4058 3087 4098 non
3105 4048 3265 4098 verbis
3282 4059 3392 4110 pro·

1833 4142 1922 4192 bra
1944 4144 2089 4203 atque
2105 4139 2281 4189 damna
2298 4139 2480 4201 accipio
2494 4174 2508 4199 ‚
2528 4138 2590 4187 ad
2606 4136 2984 4187 misericordiam
3000 4136 3215 4185 vestram
3228 4170 3243 4197 ,
3261 4134 3393 4196 iudi·

1833 4243 1939 4293 ces,
1974 4227 2251 4291 conmgiens
2266 4263 2283 4289 ,
2327 4225 2414 4289 qui
2462 4224 2611 4288 impis
2660 4224 2871 4275 facinora
2910 4223 3287 4273 animadvertitis
3330 4222 3393 4273 ab

1833 4319 1989 4381 iisque
2014 4318 2144 4367 recte
2182 4315 2309 4365 sacta
2339 4314 2647 4378 dignoscitis,
2692 4325 2782 4363 vos
2811 4324 2927 4375 rogo
2953 4325 3017 4362 ne
3042 4312 3093 4361 in
3128 4324 3183 4362 re
3226 4312 3393 4375 apertu

1833 4406 2059 4469 captiosa*
2076 4402 2315 4455 facundioe
2339 4402 2591 4465 praestigiis
2606 4401 2793 4464 decepti
2821 4401 3075 4450 veritatem
3092 4412 3181 4463 pro
3198 4398 3391 4449 menda-

1835 4494 1925 4543 ciis
1943 4492 2159 4543 habestis
2185 4511 2198 4541 ε
2228 4492 2297 4554 (4)
2325 4501 2439 4541 nam
2462 4490 2739 4552 eloquentia
2760 4488 3017 4551 speciosior
3040 4498 3185 4551 quam
3202 4488 3392 4548 νοτίοις

1832 4582 2010 4632 veritas
2038 4582 2203 4630 autem
2232 4578 2539 4641 simplicitate
2562 4590 2653 4627 sua
2678 4578 2727 4627 et
2749 4576 3018 4638 integritate
3040 4575 3279 4638 potentior
3298 4575 3388 4625 est.

1835 4674 1999 4729 Quare
2015 4680 2205 4733 possem
2226 4665 2423 4731 quidem
2436 4704 2450 4729 ,
2466 4666 2651 4729 justitia
2664 4678 2821 4715 causes
2838 4677 2961 4714 meae
2987 4665 3135 4714 fretus
3149 4701 3164 4727 ,
3188 4665 3391 4713 conten·

1831 4758 2012 4808 tionem
2038 4756 2298 4807 defensoris
2316 4754 2470 4806 ridere
2492 4774 2504 4803 ε
2528 4755 2861 4804 verumtamen
2882 4752 3090 4803 saevities
3111 4752 3253 4802 sortis
3268 4763 3391 4802 mem

1835 4847 2022 4894 metum
2044 4843 2239 4907 iniecit,
2265 4856 2354 4904 ne,
2387 4842 2541 4891 filium
2567 4853 2665 4890 non
2686 4826 2833 4889 modo
2858 4840 3126 4903 amiserim,
3148 4838 3232 4889 sed
3255 4838 3391 4889 insu·

1833 4946 1919 4997 per
1936 4932 2080 4981 etiam
2108 4930 2353 4980 homicidii
2378 4930 2428 4979 in
2446 4932 2599 4979 semet
2622 4928 2775 4991 ipsum
2805 4928 3093 4978 commissis
3117 4925 3253 4977 vobis
3270 4924 3385 4976 lnsi·

1832 5011 2071 5061 mulatum
2098 5010 2305 5060 videam.
2370 5010 2437 5072 (5)
2462 5014 2529 5058 Eo
2546 5009 2674 5058 enim
2692 5008 2921 5070 processit
2936 5007 3155 5059 defensor
3172 5004 3387 5056 euchciae

1833 5101 1979 5161 atque
2002 5097 2309 5161 impudentiae
2326 5134 2341 5159 ,
2362 5098 2419 5146 ut
2452 5096 2618 5160 illum,
2638 5096 2721 5159 qui
2748 5095 2910 5157 iaculo
2939 5094 3093 5146 fillum
3118 5104 3281 5143 meum
3299 5092 3381 5143 in·

923 5176 1198 5259 ψαύσαντα
1227 5181 1317 5237 τοῦ
1361 5176 1600 5237 ἀκοντίου
1627 5176 1744 5238 οὔτε
1831 5186 2037 5249 teriecit,
2059 5186 2200 5247 neget
2219 5186 2391 5235 vulnus
2419 5185 2701 5247 imposuisse
2716 5220 2731 5245 ,
2758 5184 2897 5247 neget
2917 5180 3169 5242 occidisse3
3188 5181 3382 5230 contra-

189 5270 530 5347 ἑτανοήσαντα
570 5267 888 5343 ἀκοντίσαι,
923 5263 1134 5350 ἁπᾴσης
1159 5262 1256 5345 μὶν
1302 5266 1388 5347 γῆς
1407 5262 1740 5351 ἁμαρτόντα,
1837 5287 2076 5342 questum,
2090 5311 2108 5338 ,
2132 5273 2217 5339 qui
2238 5272 2457 5336 jaculum
2477 5284 2635 5339 neque
2660 5270 2875 5337 contigit,
2899 5282 3055 5340 neque
3074 5267 3271 5327 omnino
3290 5282 3380 5326 vo-

65 5446 70 5451 .
161 5448 238 5463 h
260 5454 341 5460 --..-

1277 5490 1321 5509 „e
