3825 5842
551 424 582 475 2
593 424 662 474 32

1150 540 1493 589 ΜΑΡΤΥΡΕΣ.

624 667 696 707 28.
738 646 861 705 Τῶν
887 640 982 720 μὲν
1007 638 1284 722 μαρτύρων
1311 636 1571 711 ἀκηκόατε
1585 682 1602 711 ,
1623 627 1668 697 ὦ
1695 636 1963 698 δικασταί·
1992 633 2095 713 ἐγὼ

549 734 594 793 δ’
628 734 726 792 ὅσα
761 733 1013 797 τελευτῶν
1050 728 1386 806 ὡμολόγησεν
1431 724 1582 792 αὐτὸς
1625 724 1764 804 ἔχειν
1805 724 2059 803 χρήματα
2076 766 2093 795 ,

549 820 688 881 ἑπτὰ
708 819 944 880 τάλαντα
966 816 1057 876 καὶ
1079 813 1464 895 τετταράκοντα
1492 822 1653 891 μνᾶς,
1689 816 1750 871 ἐκ
1779 812 1976 871 τούτων
2005 812 2098 869 αὖ·

545 912 650 969 τῶν
699 909 1006 983 λογιοῦμαι,
1051 903 1305 985 πρόσοδον
1349 900 1444 979 μὲν
1493 897 1736 977 οὗδεμίαν
1782 898 2101 979 ἀποφαίνων,

469 1022 492 1058 s
549 995 654 1055 ἀπὸ
703 993 756 1053 δὲ
796 996 898 1051 τῶν
937 989 1274 1071 ὑπαρχόντων
1314 987 1629 1059 ἀναλίσκων,
1665 985 1754 1045 καὶ
1798 986 1943 1057 θήσω
1982 985 2100 1044 ὅσον

547 1082 709 1149 οὐδεὶς
730 1080 939 1141 πώποτε
959 1083 1010 1138 ἐν
1035 1083 1100 1157 τῇ
1128 1078 1303 1149 πόλει,
1334 1080 1402 1143 εἷς
1429 1074 1520 1133 δύο
1548 1076 1735 1141 παῖδας
1763 1075 1852 1132 καὶ
1875 1071 2101 1152 ἀδελφὴν

549 1170 638 1229 καὶ
675 1166 1006 1247 παιδαγωγὸν
1040 1167 1132 1225 καὶ
1159 1164 1476 1245 θεράπαιναν
1513 1160 1686 1241 χιλίας
1710 1159 1949 1241 δραχμὰς
1976 1156 2101 1217 ἑκά·

549 1279 673 1315 στου
713 1258 948 1315 ἐνιαυτοῦ
967 1300 984 1329 ,
1027 1257 1198 1333 μικρῷ
1239 1250 1453 1311 ἔλαττον
1493 1247 1527 1321 ἢ
1563 1257 1699 1329 τρεῖς
1737 1245 1977 1328 δραχμὰς
2011 1248 2104 1317 τῆς

547 1344 761 1423 ἡμέρας.
831 1342 921 1419 (2⁹)
951 1340 1043 1401 Ἐν
1064 1338 1200 1399 ὀκτὼ
1219 1331 1373 1400 αὗται
1393 1338 1530 1399 ἔτεσι
1553 1336 1782 1415 γίνονται
1804 1332 2103 1414 ὀκτακισχί-

475 1448 523 1486 ιο
547 1433 657 1488 λιαι
684 1427 952 1509 δραχμαί,
979 1428 1068 1485 καὶ
1099 1427 1493 1487 ἀποδείκνυνται
1521 1424 1574 1493 ἓξ
1598 1424 1832 1484 τάλαντα
1860 1422 2102 1502 περιόντα

547 1522 650 1578 τῶν
679 1516 812 1576 ἑπτὰ
834 1516 1106 1577 ταλάντων
1135 1515 1226 1574 καὶ
1255 1514 1417 1575 εἴκοσι
1447 1522 1593 1591 μναῖ.
1681 1514 1760 1573 Οὖ
1788 1510 1891 1591 γὰρ
1921 1510 1983 1570 ἂν
2013 1510 2101 1570 δύ·

549 1628 694 1689 ναιτο
722 1602 987 1671 ἀποδεῖξαι
1006 1602 1113 1662 οὔθ’
1134 1603 1234 1661 ὑπὸ
1261 1606 1364 1661 τῶν
1384 1603 1589 1681 λῃστῶν
1613 1598 1958 1667 ἀπολωλεκὼς
1984 1598 2101 1659 οὔτε

549 1690 742 1767 ζημίαν
765 1689 984 1773 εἰληφὼς
1011 1690 1126 1751 οὔτε
1154 1690 1408 1772 χρήσταις
1435 1686 1791 1757 ἀποδεδωκώς.
1818 1732 1832 1748 .
1867 1731 1880 1745 .
1916 1733 1930 1746 .

1131 1870 1494 1898 w

1190 2022 1458 2082 XXXIII.

1061 2158 1593 2221 ΟΔΥΜΠῙΑΚΟΣ.

478 2314 528 2353 iti
1168 2298 1491 2347 ΥΠΟΘΕΣΙΣ.

551 2396 688 2445 Ἔστι
709 2394 767 2453 δή
790 2411 857 2451 τις
879 2394 1006 2456 αὐτῷ
1019 2392 1328 2455 πανηγυρικὸς
1344 2392 1478 2455 λόγος
1490 2427 1506 2455 ,
1530 2393 1578 2442 ἐν
1597 2392 1637 2456 ᾧ
1655 2392 1800 2442 πείθει
1818 2392 1927 2448 τοὺς
1944 2394 2107 2450 Ἕλλη·

615 2482 696 2521 νας
715 2462 944 2527 ἀγομένης
972 2462 1258 2525 Ὀλυμπίασι
1278 2468 1360 2521 τῆς
1383 2462 1682 2526 πανηγύρεως
1697 2498 1712 2522 ,
1739 2462 1975 2511 ἐκὸάλλειν
1998 2467 2108 2511 Διο-

613 2534 770 2583 νύσιον
798 2534 878 2583 τὸν
905 2534 1124 2596 τύραννον
1156 2538 1238 2589 τῆς
1267 2532 1411 2594 ἀρχῆς
1434 2534 1514 2580 καὶ
1540 2531 1750 2580 Σικελίαν
1770 2532 2079 2593 ἐλευθερῶσαι
2094 2566 2108 2591 ,

616 2603 836 2667 ἄρξασθαί
856 2620 908 2652 τε
925 2608 1006 2661 τῆς
1025 2602 1188 2665 ἔχθρας
1209 2602 1378 2651 αὐτίκα
1407 2601 1532 2663 μάλα
1560 2600 1899 2664 διαρπάσαντας
1922 2602 2005 2658 τὴν
2026 2606 2111 2650 τοῦ

476 2686 530 2725 πυ
615 2673 838 2736 τυράννου
858 2674 1032 2731 σκηνὴν
1055 2676 1217 2735 χρυσῷ
1248 2688 1301 2719 τε
1325 2673 1406 2721 καὶ
1432 2672 1640 2734 πορφύρᾳ
1675 2671 1754 2719 καὶ
1777 2670 1902 2733 ἄλλῳ
1925 2671 2110 2733 πλούτῳ

614 2745 772 2807 πολλῷ
794 2744 1164 2806 κεκοσμημένην.
1228 2743 1442 2805 Ἔπεμψε
1460 2742 1549 2804 γὰρ
1572 2741 1769 2803 θεωροὺς
1787 2742 1850 2797 εἰς
1863 2743 1946 2799 τὴν
1966 2743 2112 2799 πανή-

615 2830 746 2877 γυριν
767 2816 794 2862 ὁ
807 2814 1050 2869 Διονύσιος
1073 2812 1270 2874 ἄγοντας
1292 2813 1456 2862 θυσίαν
1473 2816 1541 2873 τῷ
1559 2812 1650 2873 θεῷ
1663 2846 1676 2871 ,
1694 2812 2043 2874 μεγαλοπρεπής
2060 2829 2110 2861 τε

619 2883 874 2944 καταγωγιν“Ι
893 2886 986 2931 τῶν
1003 2883 1189 2943 θεωρῶν
1208 2881 1383 2943 ἐγίνετο
1403 2880 1450 2947 {v
1467 2884 1536 2943 τῷ
1552 2881 1729 2943 τεμένει
1748 2882 1828 2929 καὶ
1842 2882 2110 2943 πολυτελής,

613 2955 692 3003 ἶνα
713 2950 998 3014 θαυμασθείη
1018 2952 1190 3011 μᾶλλον
1205 2952 1232 2999 ὀ
1247 2951 1462 3013 τύραννος
1479 2950 1571 2998 ὑπὸ
1582 2956 1664 3007 τῆς
1679 2948 1912 3005 Ἑλλάδος.
1928 2950 2111 3009 Ταύτην

477 3029 529 3071 *³5
613 3022 768 3075 λαθὼν
780 3023 863 3080 τήν
877 3020 1095 3070 ὑπόθεσιν
1112 3020 1328 3078 τοιαύτην
1340 3018 1587 3076 πεποίηται
1596 3020 1678 3077 τὴν
1689 3018 1834 3082 ἀρχὴν
1852 3024 1938 3070 τοῦ
1950 3020 2109 3082 λόγου·

631 3126 833 3191 Ἀλλων
853 3153 909 3189 τε
934 3131 1141 3189 πολλῶν
1160 3129 1250 3189 καὶ
1273 3131 1448 3188 καλῶν
1470 3128 1636 3210 ἔργων
1657 3128 1826 3207 ἕνεκα,
1845 3121 1889 3191 ὦ
1909 3131 2107 3213 ἄνδρες,

557 3218 694 3283 ἄξιον
723 3216 1044 3299 Ἡρακλέους
1066 3220 1390 3295 μεμνῆσθαι,
1419 3216 1510 3275 καὶ
1532 3215 1612 3276 ὅτι
1639 3217 1787 3277 τόνδε
1812 3218 1902 3277 τὸν
1931 3222 2109 3299 ἀγῶνα

554 3309 756 3384 πρῶτος
785 3302 1051 3384 συνήγειρε
1080 3303 1146 3362 δι’
1177 3302 1378 3363 εὔνοιαν
1411 3308 1504 3376 τῆς
1530 3304 1801 3373 Ἑλλάδος.
1887 3306 1981 3367 Ἐν
2015 3308 2109 3386 μὲν

554 3392 656 3473 γὰρ
679 3396 754 3472 τῷ
781 3391 908 3458 τέως
933 3390 1106 3471 χρόνῳ
1131 3389 1411 3473 ἀλλοτρίως
1440 3390 1701 3460 αἶ’πόλεις
1721 3391 1847 3473 πρὸς
1878 3393 2112 3467 ἀλλήλας

479 3501 532 3543 so
557 3480 824 3539 διέκειντο·
860 3477 922 3557 (α)
955 3476 1135 3550 ἐπειδὴ
1165 3477 1218 3537 δὲ
1249 3481 1440 3545 ἐκεῖνος
1465 3477 1582 3545 τοὺς
1607 3478 1887 3561 τυράννους
1914 3480 2109 3541 ἔπαυσε

555 3566 645 3626 καὶ
683 3564 799 3634 τοὺς
835 3563 1136 3647 ὖὸρίζοντας
1172 3564 1452 3639 ἐκώλυσεν,
1492 3568 1668 3644 ἀγῶνα
1715 3570 1810 3644 μὲν
1849 3569 2110 3645 σωμάτων

558 3653 767 3725 ἐποίησε
783 3699 799 3731 ,
822 3653 1116 3735 φιλοτιμίαν
1138 3652 1193 3712 δὲ
1211 3651 1456 3727 πλούτου,
1475 3652 1686 3732 γνώμης
1711 3654 1757 3711 δ’
1782 3653 2031 3724 ἐπίδειξιν
2056 3661 2107 3717 ἐν

556 3744 631 3821 τῷ
657 3740 924 3821 καλλίστῳ
952 3744 1044 3813 τῆς
1063 3740 1344 3813 Ἑλλάδος,
1363 3738 1450 3799 ἵνα
1477 3740 1672 3799 τούτων
1693 3740 1939 3799 ἁπάντων
1960 3742 2109 3803 ἕνεκα

559 3832 628 3897 εἷς
645 3828 706 3889 τὸ
725 3828 851 3887 αὐτὸ
867 3826 1212 3905 συνέλθωμεν,
1231 3825 1298 3885 τὰ
1319 3824 1415 3904 μὲν
1441 3826 1715 3907 ὀψόμενοι,
1731 3826 1797 3887 τὰ
1817 3827 1870 3887 δὲ
1886 3831 2111 3892 ἀκουσό-

477 3933 528 3972 aa
559 3940 720 3992 μενοι·
745 3916 983 3995 ἡγήσατο
997 3915 1100 3997 γὰρ
1121 3914 1208 3974 τὸν
1231 3914 1407 3973 ἐνθάδε
1431 3912 1680 3993 σύλλογον
1705 3914 1870 3999 ἀρχὴν
1896 3918 2111 3997 γενήσε-

557 4012 677 4066 σθαι
697 4013 800 4073 τοῖς
816 4002 1050 4077 Ἕλλησι
1069 4006 1162 4074 τῆς
1178 4001 1306 4082 πρὸς
1329 4000 1583 4075 ἀλλήλους
1603 4002 1793 4085 φιλίας.
1883 4003 2112 4077 Ἐκεῖνος

561 4094 656 4170 μὲν
685 4084 771 4153 οὖν
789 4095 936 4152 ταῦθ’
963 4090 1266 4173 ὕφηγήσατο
1285 4135 1302 4165 ,
1325 4089 1428 4169 ἐγὼ
1447 4092 1492 4149 δ’
1514 4088 1630 4163 ἥκω
1649 4094 1706 4151 οὗ
1731 4093 2111 4173 μικρολογησό·

557 4204 710 4261 ,μενος
729 4179 846 4241 οὐδὲ
868 4180 986 4261 περὶ
1003 4185 1105 4239 τῶν
1121 4178 1390 4257 ὀνομάτων
1409 4176 1759 4261 μαχούμενος.
1843 4178 2115 4260 Ἥγοῦμαι

557 4268 662 4356 γὰρ
684 4274 849 4327 ταῦτα
870 4268 995 4348 ἔργα
1019 4266 1114 4345 μὲν
1143 4258 1275 4326 εἶναι
1305 4272 1560 4349 σοφιστῶν
1580 4266 1695 4326 λίαν
1720 4268 2001 4349 ἀχρήστων
2024 4270 2115 4330 καὶ

485 4374 538 4412 to
563 4354 759 4435 σφόδρα
792 4355 904 4434 βίου
935 4352 1210 4433 δεομένων,
1241 4354 1421 4435 ἀνδρὸς
1462 4352 1517 4412 δὲ
1545 4356 1741 4433 ἀγαθοῦ
1770 4356 1861 4413 καὶ
1897 4355 2113 4417 πολίτου

561 4442 754 4499 πολλοῦ
796 4440 938 4509 ἀξίου
977 4440 1097 4520 περὶ
1131 4446 1235 4500 τῶν
1275 4442 1534 4521 μεγίστοιν
1563 4439 1954 4519 συμὸουλεύειν,
1982 4448 2113 4523 ὁρῶν

562 4526 722 4595 οὕτως
759 4530 989 4608 αἰσχρῶς
1021 4528 1348 4605 διακειμένην
1380 4528 1476 4601 τὴν
1508 4528 1776 4601 Ἑλλάδα“,
1811 4529 1902 4589 καὶ
1944 4535 2113 4592 πολλὰ

564 4614 659 4691 μὲν
696 4618 854 4687 αὐτῆς
894 4614 1018 4675 ὄντα
1057 4616 1158 4674 ὑπὸ
1196 4617 1272 4697 τῷ
1314 4615 1594 4696 βαρὸάρῳ,
1633 4615 1833 4683 πολλὰς
1862 4616 1914 4676 δὲ
1941 4618 2117 4690 πόλεις

563 4700 665 4760 ὑπὸ
685 4700 946 4782 τυράννων
971 4705 1289 4770 ἀναστάτους
1311 4702 1676 4782 γεγενημένας.
1725 4704 1788 4783 (t)
1819 4705 1925 4765 Καὶ
1952 4716 2112 4768 ταῦτα

485 4810 537 4843 «a
565 4792 609 4847 εἰ
634 4788 729 4867 μὲν
759 4788 822 4847 δι’
851 4788 1118 4849 ἀσθένειαν
1141 4792 1464 4871 ἐπάσχομεν,
1491 4790 1720 4872 στέργειν
1748 4790 1808 4851 ἂν
1829 4784 1892 4865 ἦν
1913 4796 2113 4873 ἀνάγκη

563 4876 658 4947 τὴν
679 4876 862 4957 τύχην·
891 4877 1069 4951 ἐπειδὴ
1091 4878 1145 4938 δὲ
1168 4878 1254 4939 διὰ
1275 4876 1456 4937 στάσιν
1480 4879 1569 4938 καὶ
1589 4877 1680 4951 τὴν
1705 4879 1832 4961 πρὸς
1858 4882 2115 4956 ἀλλήλους

563 4966 899 5045 φιλονεικίαν,
935 4970 1045 5035 πῶς
1085 4970 1178 5028 οὐκ
1215 4966 1352 5036 ἄξιον
1380 4970 1482 5026 τῶν
1517 4968 1611 5043 μὲν
1626 4970 1943 5045 παύσασθαι,
1968 4968 2032 5028 τὰ
2061 4966 2115 5027 δὲ

563 5056 796 5113 κωλῦσαι
803 5053 1048 5135 ,σείδότας
1074 5052 1154 5113 ὅτι
1182 5056 1483 5136 φιλονεικεῖν
1505 5054 1600 5135 μέν
1619 5059 1757 5116 ἐστιν
1782 5050 1840 5117 εὖ
1861 5055 2114 5137 πραττόν-

563 5162 685 5213 των,
715 5143 907 5217 γνῶναι
935 5140 988 5200 δὲ
1018 5140 1086 5201 τὰ
1111 5142 1356 5221 βέλτιστα
1383 5146 1486 5201 τῶν
1520 5145 1725 5222 αὖτῶν;
1769 5144 1836 5224 (⁶)
1871 5142 2113 5225 Ὀρῶμεν

1711 403 1992 465 Artior
2052 400 2579 463 ΟΛΥΜΠΙΑΚΟΣ.

3436 405 3653 485 (σον-ιιι)
3694 424 3696 427 ⁴

2852 546 3079 589 usus.

2250 652 2324 697 28.
2358 648 2523 698 Testes
2538 646 2812 709 audivistis,
2828 644 3015 709 iudices
3026 662 3043 709 ς
3068 658 3155 710 ego
3171 658 3288 697 vero
3310 657 3366 697 ex
3388 657 3440 697 ea
3454 660 3575 711 qaam
3588 650 3663 712 ipse

2186 735 2379 785 tandem
2412 737 2561 785 fassus
2578 736 2651 785 est
2670 736 2927 798 recepisse,
2950 735 3179 798 pecunia,
3201 736 3377 797 septem
3402 734 3591 785 nimirum
3608 740 3662 785 ta·

2188 823 2330 873 lentis
2356 826 2405 874 et
2422 822 2729 886 quadraginta
2750 824 2918 883 minis,
2946 823 3080 873 nulia
3100 823 3292 873 soenoris
3310 822 3425 872 facta
3439 823 3613 885 ratione,
3630 828 3667 875 at
3702 860 3704 865 -

2189 912 2304 962 sorti
2341 912 2501 961 omnia
2532 910 2816 973 detrahens,
2854 911 3087 963 rationem
3122 909 3406 970 subducam,
3436 913 3481 961 et
3508 914 3667 961 statuam
3704 978 3706 983 Ι

2190 1000 2461 1063 (quantum
2488 1000 2651 1051 nuilus
2674 1012 2889 1062 unquam
2910 1000 2961 1049 in
2994 999 3085 1048 bac
3102 998 3223 1049 urbe
3238 998 3420 1049 duobus
3440 998 3535 1049 filiis
3551 1000 3669 1049 acuni
3706 1064 3708 1067 Α

2189 1088 2326 1146 fiiiae,
2364 1088 2620 1150 paedagogo
2647 1089 2697 1138 et
2726 1088 2915 1137 ancillas
2946 1086 3211 1150 impendit)
3253 1087 3380 1136 miiie
3408 1087 3620 1136 drachmas
3636 1088 3672 1135 in

2188 1176 2397 1238 singuios
2419 1188 2585 1236 annos,
2605 1185 2715 1238 quae
2733 1175 2951 1227 efficiunt
2965 1174 3127 1238 paullo
3148 1174 3311 1223 minus
3324 1174 3469 1223 tribus
3485 1174 3675 1222 drachmis

2188 1263 2239 1312 in
2270 1263 2481 1326 singulos
2510 1263 2628 1313 dies.
2697 1264 2797 1325 (29)
2830 1262 2974 1313 Fiunt
3002 1262 3165 1311 autem
3198 1262 3311 1311 hinc
3338 1274 3418 1324 per
3448 1264 3545 1311 octo
3566 1275 3677 1310 annos

2188 1352 2301 1401 octo
2336 1351 2672 1401 drachmarum
2708 1350 2887 1413 mitiia3
2918 1352 2969 1401 et
3004 1350 3294 1412 colliguntur
3318 1362 3540 1413 superesse
3553 1362 3599 1397 ex
3626 1362 3677 1397 se·

2187 1441 2320 1503 ptem
2338 1440 2529 1489 talentis
2544 1452 2630 1489 sex
2650 1439 2846 1501 taicum,
2867 1440 2917 1487 et
2940 1439 3034 1501 (ex
3054 1437 3366 1501 quadraginta
3382 1436 3509 1486 minis
3526 1435 3679 1497 >viginti

2191 1528 2350 1578 minas.
2416 1531 2581 1590 Neque
2608 1528 2737 1577 enim
2760 1527 2850 1577 iste
2883 1526 3213 1575 demonstrare
3234 1526 3387 1588 potest
3412 1524 3603 1586 pecunias
3620 1524 3681 1571 ani

2189 1629 2219 1665 a
2242 1615 2550 1679 proedonibus
2575 1628 2679 1665 oese
2708 1615 2891 1665 ablatas
2904 1650 2919 1675 ,
2947 1616 3033 1664 aut
3048 1612 3229 1664 damno
3250 1614 3465 1679 amissas,
3487 1614 3559 1662 aut
3574 1610 3681 1661 credi-
3716 1602 3718 1605 ⁴

2190 1704 2373 1755 toribus
2386 1705 2674 1755 numeratas.
3718 1694 3720 1697 ⁴

2788 1870 3151 1898 w

2826 2021 3103 2080 XXXIII.

2746 2162 3201 2223 OLYMPICUS.

2741 2304 3195 2353 ARGUMENTUM.

2248 2401 2435 2459 scripsit
2456 2398 2680 2456 quandam
2714 2399 2965 2445 orationem
2992 2398 3311 2455 panegyricam
3330 2432 3343 2453 ,
3384 2399 3431 2442 in
3458 2408 3539 2455 qua
3560 2400 3695 2440 cmm

2196 2473 2428 2519 universos
2446 2470 2653 2515 bortatur
2674 2473 2726 2514 ut
2750 2470 3020 2523 Dionysium
3049 2472 3301 2522 tyrannum
3320 2481 3457 2526 regno
3478 2471 3639 2518 exuant,
3662 2468 3696 2509 et

2196 2541 2389 2586 Siciliam
2405 2539 2461 2584 ab
2478 2540 2577 2591 elus
2591 2540 2831 2593 tyrannide
2846 2539 3055 2591 liberent.
3074 2542 3209 2595 atque
3244 2538 3402 2583 odium
3433 2530 3637 2581 'coniestim
3661 2534 3695 2577 in

2196 2612 2341 2669 ipsium
2358 2614 2585 2659 exserant.
2608 2609 2854 2653 tentorium
2884 2610 2983 2663 elus
3022 2620 3135 2653 auro
3172 2612 3221 2653 et
3260 2618 3459 2666 purpura
3488 2610 3604 2661 atque
3630 2604 3697 2646 atus
3737 2657 3738 2661 Ἰ

2196 2681 2471 2726 ornamentis
2506 2680 2683 2735 insigne
2712 2678 2983 2735 diripiendo.
3039 2678 3219 2722 Miserat
3269 2678 3391 2722 enim
3428 2674 3633 2728 Dionysius
3658 2670 3700 2713 ad
3736 2674 3738 2677 ⁴

2198 2750 2479 2806 otympieam
2518 2748 2727 2793 ludorum
2758 2746 3065 2791 celebritatem
3103 2745 3275 2801 legatos
3315 2746 3393 2801 qui
3422 2744 3603 2789 victimas
3636 2739 3701 2783 deo

2196 2820 2393 2874 agerent.
2448 2818 2749 2861 commoratio
2778 2814 2967 2859 istorum
2990 2814 3037 2857 in
3065 2825 3228 2870 campo
3256 2812 3489 2871 olympico
3514 2806 3699 2867 splendidi

2198 2887 2285 2933 tuit
2317 2892 2364 2931 et
2380 2884 2641 2943 magnilica,
2661 2888 2715 2930 nt
2733 2884 2955 2929 universa
2974 2887 3042 2928 Gr
3052 2885 3176 2929 aeciae
3198 2888 3422 2940 tyrannus
3454 2880 3599 2935 majori
3615 2878 3701 2921 toret

2198 2961 2501 3007 admirationi.
2560 2963 2659 3006 noc
2682 2962 2891 3017 mscepto
2920 2963 3209 3015 argumento,
3254 2960 3320 3005 ita
3342 2958 3577 3004 orationem
3606 2962 3701 2999 ειιιιιι

2198 3038 2357 3079 orator
2373 3045 2557 3079 exorem
2573 3036 2641 3078 est
2659 3048 2673 3076 ε

2257 3147 2599 3211 AEquissimum
2616 3147 2689 3197 est
2700 3182 2715 3209 ,
2740 3146 2831 3197 viri
2844 3148 3003 3197 Graeci
3016 3181 3032 3206 ,
3050 3146 3114 3195 ob
3132 3146 3291 3196 multa
3313 3145 3506 3209 quidem
3520 3144 3707 3209 praeclare

2197 3232 2326 3292 gesta
2358 3229 2641 3279 memoriam
2666 3229 2888 3279 Herculis
2909 3228 3155 3278 celebrare
3171 3265 3186 3291 ,
3203 3230 3318 3278 tum
3338 3228 3587 3292 praesertim
3608 3223 3708 3287 quod

2197 3316 2383 3379 primus
2397 3314 2497 3377 ipse
2523 3314 2616 3363 iioc
2633 3314 2877 3365 certamen
2898 3313 3235 3363 benevolentia
3258 3314 3311 3364 in
3335 3314 3557 3365 Graeciam
3573 3312 3709 3361 ductus

2199 3398 2514 3448 constituerit.
2578 3395 2652 3447 Ad
2681 3396 2802 3447 iliud
2831 3396 2960 3447 enim
3001 3409 3155 3460 usque
3189 3400 3389 3461 tempus
3427 3398 3592 3447 mutuis
3617 3397 3709 3444 inter

2196 3497 2249 3535 se
2274 3481 2641 3533 dissensionibus
2657 3481 2876 3530 civitates
2914 3480 3146 3531 ardebant
3177 3501 3190 3531 ε
3224 3480 3296 3545 (2)
3320 3484 3563 3545 postquam
3582 3482 3711 3529 auten

2197 3566 2279 3615 ilie
2337 3567 2567 3629 tyrannos
2622 3564 2878 3614 domuerat
2934 3566 2986 3613 et
3032 3564 3408 3615 contumeliosos
3456 3566 3713 3624 coer-cuam,

2201 3661 2458 3711 corporum
2489 3646 2611 3697 illud
2648 3648 2931 3707 certamem*
2966 3645 3245 3697 divitiarum
3279 3648 3650 3707 contentionem,
3677 3646 3713 3691 et

2200 3731 2377 3794 ingenii
2425 3732 2794 3781 ostentationem
2853 3730 3060 3781 instituit
3116 3732 3166 3781 in
3206 3732 3317 3782 ioco
3362 3732 3508 3783 totius
3553 3730 3715 3781 Graecin

2204 3814 2557 3877 pulcherrim03
2578 3816 2637 3864 ut
2672 3812 2899 3863 nimirum
2922 3814 3116 3876 propter
3146 3813 3254 3864 baee
3282 3815 3447 3865 omnia
3484 3814 3660 3864 eundem

2200 3898 2363 3947 iocum
2382 3898 2774 3960 conveniremus,
2814 3896 2985 3959 partim
3006 3896 3181 3959 visuri,
3208 3899 3389 3959 partim
3406 3895 3615 3947 audituri.
3668 3893 3715 3943 n·

2201 3980 2305 4032 ium
2318 3982 2445 4032 enim
2464 3983 2759 4031 conventum
2779 3980 2965 4031 mutuae
2982 3980 3168 4029 Graecis
3187 3982 3415 4032 amicitiae
3431 3984 3481 4031 et
3494 3977 3718 4031 concordis

2202 4063 2389 4113 initium
2416 4062 2659 4126 quoddam
2682 4062 2901 4111 futurum
2923 4074 3026 4111 esse
3052 4060 3365 4113 existimavit.
3441 4064 3505 4124 (3)
3542 4064 3639 4111 Haec
3657 4056 3718 4105 ille

2202 4143 2495 4207 reputabat:
2522 4156 2609 4206 ego
2631 4155 2748 4191 vero
2772 4142 2869 4190 huc
2890 4140 3003 4190 veni
3024 4154 3123 4189 non
3148 4139 3211 4190 de
3238 4142 3403 4204 parvis
3416 4142 3637 4199 dictunrs,
3652 4150 3719 4185 ne·

2203 4240 2299 4289 que
2322 4226 2385 4277 de
2409 4226 2566 4277 verbis
2582 4226 2871 4276 certaturus.
2954 4226 3173 4285 Namque
3198 4223 3410 4275 arbitror
3432 4228 3521 4274 noc
3542 4224 3717 4285 spectare

2202 4308 2265 4359 ad
2290 4322 2438 4359 vanos
2452 4312 2502 4359 et
2518 4308 2702 4357 victum
2728 4307 3039 4371 quaeritantes
3055 4306 3293 4369 sophistas
3304 4344 3321 4369 ,
3350 4308 3404 4356 at
3418 4304 3613 4355 bominis
3630 4298 3717 4351 boni

2204 4392 2416 4456 civisque
2438 4392 2610 4456 optimi
2638 4393 2800 4455 partes
2817 4404 2918 4441 esse
2938 4390 3002 4440 de
3028 4390 3253 4440 maximis
3282 4390 3430 4441 rebus
3460 4387 3717 4441 consultam

2202 4476 2272 4526 sic
2287 4512 2303 4538 ,
2345 4476 2541 4537 inquam
2559 4511 2575 4536 ,
2614 4474 2823 4523 arbitror
2868 4472 3035 4522 videns
3070 4472 3313 4523 Graeciam
3354 4470 3476 4523 adeo
3518 4469 3718 4519 deforma·

2203 4558 2331 4617 tam,
2364 4555 2620 4618 multaque
2644 4554 2790 4617 huius
2826 4554 2935 4604 loca
2968 4566 2999 4603 a
3032 4553 3249 4605 Barbaro
3277 4556 3541 4618 occupata,
3578 4549 3719 4611 etptu·

2204 4636 2350 4687 rimas
2379 4650 2407 4686 a
2436 4635 2652 4697 tyrannis
2674 4634 2818 4685 urbes
2848 4646 3053 4684 eversas.
3121 4634 3190 4697 (4)
3222 4638 3343 4693 Quas
3368 4636 3409 4683 si
3436 4648 3519 4697 per
3542 4634 3719 4681 nostram

2204 4724 2533 4774 infirmitatem
2551 4722 2677 4786 passi
2699 4734 2931 4779 essemus,
2962 4722 3143 4771 sortem
3161 4723 3378 4771 nostram
3418 4722 3637 4771 ferremus
3650 4728 3720 4763 ne-

2204 4825 2334 4861 cesse
2347 4814 2470 4861 esset
2487 4810 2593 4860 :sed
2612 4822 2763 4872 quum
2776 4808 2839 4857 ob
2854 4807 3111 4858 seditiones
3124 4809 3546 4869 contentionesque
3564 4804 3723 4853 mutuas

2204 4896 2461 4960 patiamur,
2495 4894 2737 4957 quomodo
2773 4907 2869 4943 non
2909 4906 3071 4957 operae
3106 4893 3311 4956 pretium
3354 4892 3495 4941 ruerit
3538 4902 3620 4938 nos
3639 4884 3725 4933 inas

2204 4981 2340 5031 finire
2379 4983 2427 5030 et
2460 4980 2547 5029 has
2577 4980 2830 5029 cohibere?
2857 4979 2947 5042 qui·
2973 4978 3195 5027 novimus
3230 4978 3389 5027 retices
3410 4975 3595 5038 quidem
3616 4970 3725 5018 viros

2206 5079 2340 5128 posse
2363 5066 2486 5115 inter
2518 5080 2569 5117 se
2595 5063 2911 5129 contendere,
2930 5065 2983 5115 at
3005 5078 3107 5115 esse
3130 5063 3392 5115 infelicium
3418 5060 3595 5124 optima
3626 5064 3725 5104 con·

2204 5151 2357 5200 sulere
2385 5169 2397 5199 ε
2428 5152 2498 5210 (5)
2540 5151 2752 5214 undique
2777 5150 2904 5199 enim
2926 5148 3140 5213 pericula
3160 5148 3299 5201 nobis
3338 5145 3585 5197 imminere
3629 5150 3726 5187 ωυ-
