3825 5842
543 451 656 505 220

1383 442 1874 505 ΙΣΟΚΡΑΤΟΥΣ
1914 445 1966 502 0
2012 442 2194 503 ΠΕΡΙ
2239 443 2754 504 ΑΝΤΙΔΟΣΕΩΣ.

529 574 757 646 νήσωσιν
785 570 1147 645 ἀπολλύουσιν,
1165 572 1232 646 ἤν
1266 596 1365 655 περ
1391 576 1666 647 δυνηθῶσι.
1751 575 1872 655 (us)
1897 577 2084 637 Ταῦτα
2182 582 2313 645 (143)
2354 585 2477 642 Quae
2500 596 2649 647 quum
2686 584 2857 646 agunt,
2880 596 2976 633 non
3012 584 3227 646 ignorant
3257 584 3401 646 qualia
3423 598 3473 635 es
3498 587 3575 637 sint
3600 588 3644 639 de

531 661 588 722 δὲ
620 665 840 745 δρῶντες
869 664 964 722 οὐκ
991 662 1232 741 ἀγνοοῦσι
1259 660 1379 744 περὶ
1399 652 1472 721 ὧν
1497 661 1595 734 τὴν
1631 666 1804 745 ψῆφον
1838 663 2086 741 οἴσουσιν,

531 752 652 810 ἀλλ’
681 751 946 822 ἀδικήσειν
971 748 1066 829 μὲν
1093 749 1409 825 ἐλπίζοντες,
1437 752 1754 833 ὀφθήσεσθαι
1783 754 1826 812 δ’
1851 754 1910 811 οὐ
1934 776 2089 833 προσ-

531 840 796 908 δοκῶντες·
823 838 1068 910 σώζοντες
1087 834 1176 900 οὗν
1197 838 1314 908 τοὺς
1335 840 1540 918 ὁμοίους
1560 842 1733 923 σφίσιν
1761 844 1936 909 αὗτοῖς
1962 846 2091 920 βοη-

453 949 480 987 n
531 930 636 987 θεῖν
675 928 957 1007 νομίζωσι.
1036 928 1241 989 Τούτου
1281 931 1328 989 δ’
1357 928 1514 991 ἕνεκά
1551 954 1633 989 σοι
1659 936 1826 990 ταῦτα
1864 932 2088 1004 διῆλθον,

529 1016 620 1075 ἶνα
645 1016 896 1097 προειδὼς
923 1016 1136 1095 ἄμεινον
1165 1015 1432 1100 προσφέρῃ
1463 1020 1552 1077 καὶ
1579 1022 1685 1086 τοῖς
1714 1021 1882 1097 λόγοις
1911 1020 2089 1099 ἀσφα-

531 1104 790 1187 λεστέροις
815 1110 920 1186 χρῇ
939 1106 1069 1185 πρὸς
1095 1104 1280 1173 αὐτούς
1295 1151 1311 1178 ,
1341 1106 1454 1165 ἐπεὶ
1479 1112 1568 1165 νῦν
1595 1130 1656 1185 γε
1675 1106 1790 1166 τίνα
1805 1107 1909 1190 χρὴ
1931 1129 2091 1186 προσ·

531 1192 688 1253 δοκᾶν
715 1190 930 1271 γνώμην
956 1192 1084 1263 ἕξειν
1119 1191 1235 1261 τοὺς
1269 1193 1556 1267 τοιούτους,
1603 1194 1726 1254 ὅταν
1753 1194 1842 1254 τόν
1877 1219 1935 1253 τε
1972 1194 2083 1275 βίον

531 1278 620 1339 τὸν
654 1286 846 1340 σαυτοῦ
873 1281 964 1340 καὶ
990 1280 1082 1348 τὰς
1113 1280 1323 1362 πράξεις
1358 1282 1542 1361 διεξίῃς
1572 1282 1706 1361 μηδὲ
1735 1281 1878 1343 κατὰ
1907 1282 2090 1363 μικρὸν

454 1389 506 1430 1⁰
530 1366 713 1447 ὁμοίας
729 1368 884 1437 οὔσας
901 1370 1014 1437 ταῖς
1031 1368 1244 1444 τούτων,
1265 1372 1382 1429 ἀλλ’
1402 1370 1514 1438 οἵας
1536 1395 1634 1451 περ
1659 1372 1787 1453 πρὸς
1807 1370 1902 1449 ἐμὲ
1924 1372 2091 1450 λέγειν

531 1458 845 1539 ἐπιχειρεῑςς
877 1456 994 1539 (144)
1025 1459 1326 1540 ἀποφαίνεις
1349 1457 1452 1540 γὰρ
1474 1459 1592 1527 τούς
1615 1484 1674 1518 τε
1694 1458 1876 1538 λόγους
1895 1458 1981 1526 οὓς
2006 1462 2091 1539 γέ-

529 1567 734 1627 γραφας
759 1548 818 1605 οὗ
849 1545 1096 1629 μέμψεως
1123 1544 1257 1606 ἀλλὰ
1283 1545 1497 1627 χάριτος
1523 1552 1616 1620 τῆς
1647 1547 1899 1628 μεγίστης
1926 1546 2093 1615 ἀξίους

531 1634 713 1709 ὄντας,
731 1638 834 1694 τῶν
875 1659 933 1695 τε
959 1635 1396 1708 πεπλησιακότων
1426 1658 1507 1695 σοι
1534 1634 1650 1703 τοὺς
1674 1636 1769 1714 μὲν
1803 1634 1949 1695 οὐδὲν
1976 1638 2091 1708 ἠδι-

529 1722 756 1795 κηκότας
776 1724 884 1783 οὐδ’
909 1724 1282 1805 ἡμαρτηκότας
1296 1768 1312 1798 ,
1335 1722 1455 1792 τοὺς
1478 1724 1532 1783 δὲ
1559 1725 1624 1783 δι’
1649 1724 1839 1806 ἀρετὴν
1863 1724 1968 1783 ὑπὸ
1994 1728 2087 1796 τῆς

449 1828 499 1867 15
528 1811 730 1880 πόλεως
762 1812 1240 1896 ἐστεφανωμένους,
1273 1812 1342 1871 τά
1367 1835 1425 1872 τε
1457 1816 1574 1873 καθ’
1600 1813 1802 1893 ἡμέραν
1827 1810 1964 1871 οὕτω
2002 1836 2092 1873 κο·

531 1900 700 1979 σμίως
730 1900 822 1960 καὶ
850 1900 1178 1980 τεταγμένως
1216 1900 1510 1982 βεὸιωκότα
1545 1900 1733 1961 σαυτὸν
1770 1905 1841 1969 ὡς
1875 1904 1971 1960 οὐκ
1996 1892 2092 1960 οἶδ’

533 1987 583 2048 εί
614 2013 690 2056 τις
725 1990 881 2057 ἄλλος
911 1994 1016 2048 τῶν
1055 1990 1302 2061 πολιτῶν,
1345 1987 1422 2047 ἔτι
1456 1988 1510 2048 δὲ
1554 1989 1689 2067 μήτε
1725 1988 2092 2066 δεδικασμένον

533 2075 718 2153 μηδενὶ
757 2075 892 2155 μήτε
933 2076 1228 2159 πεφευγότα
1265 2075 1404 2150 πλὴν
1438 2076 1559 2156 περὶ
1601 2078 1908 2145 ἀντιδόσεως
1922 2122 1937 2151 ,
1969 2078 2092 2155 μήθ’

533 2161 724 2243 ἑτέροις
775 2163 1220 2243 συνηγωνισμένον
1271 2162 1404 2244 μήτε
1450 2163 1889 2246 μεμαρτυρηκότα
1906 2209 1924 2236 ,
1968 2163 2092 2240 μήτ’

450 2268 504 2307 no
531 2250 660 2312 ἄλλο
678 2253 1003 2324 πεποιηκότα
1024 2252 1204 2333 μηδέν,
1223 2256 1276 2313 ἐν
1296 2244 1370 2321 οἷς
1387 2250 1615 2321 ἅπαντες
1633 2256 1680 2313 οἱ
1698 2252 2091 2331 πολιτευόμενοι

531 2340 867 2422 τυγχάνουσι.
958 2343 1074 2421 (145)
1107 2342 1251 2423 Πρὸς
1285 2340 1340 2400 δὲ
1375 2341 1572 2409 τούτοις
1600 2340 1762 2410 οὕτως
1799 2341 1944 2409 ἰδίοις
1979 2332 2093 2401 οῧσι

529 2430 622 2489 καὶ
649 2435 908 2511 περιττοῖς
931 2433 1144 2491 κάκεῖνο
1177 2429 1344 2512 λέγεις
1361 2476 1378 2509 ,
1417 2434 1488 2498 ὡς
1522 2434 1626 2491 τῶν
1666 2428 1761 2510 μὲν
1800 2434 1976 2512 ἀρχῶν
2002 2430 2093 2490 καὶ

530 2521 634 2577 τῶν
661 2519 894 2601 ὦφελιῶν
922 2524 1026 2579 τῶν
1058 2522 1288 2581 ἐντεῦθεν
1319 2520 1634 2599 γιγνομένων
1661 2520 1750 2579 καὶ
1781 2524 1883 2578 τῶν
1920 2518 2093 2579 ἄλλων

535 2605 779 2668 ἁπάντων
807 2610 909 2666 τῶν
939 2612 1122 2667 κοινῶν
1151 2606 1459 2680 ἐξέστηκας,
1487 2610 1557 2673 εἰς
1581 2606 1636 2666 δὲ
1659 2606 1776 2674 τοὺς
1805 2606 2097 2675 διακοσίους

433 2710 504 2767 31·
531 2693 623 2755 καὶ
641 2694 836 2776 χιλίους
853 2694 970 2763 τοὺς
983 2695 1310 2779 εἰσφέροντας
1327 2696 1416 2755 καὶ
1428 2696 1848 2777 λειτουργοῦντας
1863 2697 1921 2755 οὗ
1939 2695 2093 2773 μόνον

535 2782 690 2842 αὑτὸν
730 2783 1005 2865 παρέχεις,
1030 2785 1166 2844 ἀλλὰ
1189 2784 1280 2844 καὶ
1312 2782 1400 2843 τὸν
1441 2782 1570 2860 υἱόν,
1607 2784 1697 2843 καὶ
1722 2784 1832 2865 τρὶς
1863 2783 1959 2862 μὲν
1993 2785 2093 2858 ἤδη

531 2872 1042 2954 τετριηραρχήκατε,
1077 2871 1171 2941 τὰς
1209 2873 1257 2933 δ’
1285 2872 1450 2942 ἄλλας
1477 2872 1797 2958 λειτουργίας
1824 2872 2097 2936 πολυτελέ-

533 2984 716 3045 στερον
741 2962 1202 3044 λελειτουργήκατε
1223 2963 1314 3023 καὶ
1341 2963 1554 3023 κάλλιον
1585 2958 1658 3024 ὧν
1685 2968 1732 3023 οἱ
1751 2964 1900 3043 νόμοι
1927 2989 2095 3046 προσ-

531 3051 798 3113 τάττουσι.
903 3054 1019 3131 (140)
1040 3052 1208 3113 Ταῦτ’
1227 3050 1508 3121 ἀκούοντας
1529 3052 1658 3121 ‘roim'
1676 3053 1927 3113 τάναντία
1963 3064 2096 3113 πᾶσι

427 3158 510 3219 [ao
535 3148 646 3209 τοῖς
685 3140 1078 3224 προειρημένοις
1119 3141 1578 3214 ἐπιτετηδευκότας
1618 3144 1713 3201 οὐκ
1757 3141 1852 3202 οἴει
1899 3142 2097 3223 βαρέως

455 3222 463 3231 ’
533 3230 691 3290 οίσειν
730 3230 823 3290 καὶ
856 3232 1053 3309 νομιεῖν
1087 3230 1397 3312 ἐλέγχεσθαι
1436 3230 1523 3289 τὸν
1567 3231 1676 3311 βίον
1705 3230 1794 3290 τὸν
1825 3234 1995 3290 αὑτῶν
2035 3234 2095 3290 οὗ

535 3320 812 3379 σπουδαῖον
834 3318 993 3393 ὄντας
1014 3318 1106 3379 καὶ
1134 3318 1236 3401 γὰρ
1261 3323 1308 3379 εἰ
1331 3318 1426 3397 μὲν
1451 3318 1584 3397 μετὰ
1607 3317 1881 3380 πόνουῑκαὶ
1904 3322 2093 3380 ταλαι-

533 3406 735 3487 πωρίας
755 3406 1044 3487 ᾐσθάνοντό
1065 3431 1124 3467 σε
1145 3408 1479 3487 ποριζόμενον
1502 3406 1574 3476 είς
1592 3431 1649 3467 τε
1664 3406 1756 3475 τὰς
1774 3408 2096 3488 λειτουργίας

533 3493 626 3554 καὶ
660 3494 781 3575 περὶ
813 3492 909 3566 τὴν
941 3494 1107 3567 ἄλλην
1146 3494 1416 3568 διοίκησιν,
1459 3496 1554 3554 οὗκ
1590 3494 1654 3552 ἂν
1689 3494 1876 3572 ὁμοίως
1911 3494 2095 3572 ἔμελεν

456 3604 509 3645 36
536 3582 731 3649 αὐτοῖς·
749 3587 837 3640 νῦν
861 3581 916 3641 δὲ
939 3581 1008 3641 τά
1027 3604 1084 3642 τε
1101 3582 1246 3665 παρὰ
1267 3587 1369 3643 τῶν
1389 3581 1542 3652 ξένων
1562 3605 1644 3641 σοι
1662 3582 1941 3662 γιγνόμενα
1960 3582 2095 3644 πολὺ

451 3726 458 3733 .
536 3669 704 3731 πλείω
729 3671 1020 3749 νομίζουσιν
1041 3661 1294 3731 εἶναιτῶν
1317 3670 1612 3749 διδομένων,
1643 3676 1756 3745 (147)
1781 3671 1935 3731 αὐτόν
1958 3696 2015 3731 τε
2037 3672 2097 3732 σὲ

539 3758 885 3843 ῥᾳθυμότερον
916 3764 1166 3840 ἡγοῦνται
1194 3764 1284 3832 ζ’ἥν
1309 3762 1366 3819 οὗ
1401 3758 1556 3839 μόνον
1582 3762 1686 3818 τῶν
1721 3759 1919 3837 ἄλλων,
1958 3760 2095 3819 ἀλλὰ

536 3847 629 3908 καὶ
662 3850 767 3908 τῶν
798 3847 919 3930 περὶ
945 3847 1041 3920 τὴν
1064 3847 1370 3930 φιλοσοφίαν
1406 3846 1498 3907 καὶ
1527 3846 1622 3919 τὴν
1654 3848 1818 3920 αὐτήν
1843 3870 1925 3906 σοι
1952 3870 2095 3927 πρα-

535 3936 791 4016 γματείαν
820 3937 998 3997 ὄντων.
1081 3936 1280 4017 Ὁρῶσι
1306 3936 1408 4017 γὰρ
1434 3935 1642 3995 ἐκείνων
1666 3936 1760 4014 μὲν
1794 3934 1910 4003 τοὺς
1942 3936 2096 3995 πλεί-

455 4040 511 4111 ⁴⁸0
538 4048 718 4099 στους,
747 4027 886 4099 πλὴν
913 4030 1016 4085 τῶν
1038 4024 1126 4085 τὸν
1158 4026 1246 4085 σὸν
1281 4024 1392 4105 βίον
1415 4026 1506 4085 καὶ
1537 4024 1626 4084 τὸν
1651 4024 1840 4105 τρόπον
1877 4028 2096 4103 ἠγαπη-

537 4114 723 4188 κότων,
749 4115 801 4175 ἕν
824 4139 880 4175 τε
903 4123 1019 4183 ταῖς
1043 4113 1367 4196 πανηγύρεσι
1395 4113 1487 4173 καὶ
1513 4120 1619 4180 τοῖς
1652 4113 1798 4181 ἰδίοις
1829 4112 2097 4190 συλλόγοις

539 4204 804 4274 ἐπιδείξεις
821 4202 1176 4282 ποιουμένους,
1200 4200 1655 4282 διαγωνιζομένους
1673 4200 1802 4283 πρὸς
1821 4200 2097 4273 ἀλλήλους,

539 4295 657 4351 καθ’
687 4290 980 4372 ὓπερὸολὴν
1007 4289 1450 4369 ὑπισχνουμένους
1467 4335 1484 4363 ,
1513 4289 1803 4370 ἐρίζοντας,
1829 4290 2097 4369 λοιδορου-

540 4378 753 4458 μένους,
791 4376 936 4437 οὔδὲν
975 4379 1353 4445 ἀπολείποντας
1391 4380 1593 4455 κακῶν,
1623 4379 1744 4457 (148)
1779 4376 1916 4436 ἀλλὰ
1953 4375 2100 4459 σφίσι

465 4489 519 4529 46
539 4466 634 4547 μὲν
658 4469 830 4533 αὐτοῖς
859 4466 1148 4546 πράγματα
1170 4464 1531 4546 παρέχοντας,
1551 4470 1664 4533 τοῖς·
1677 4468 1722 4525 δ’
1753 4466 2101 4547 ἀκροωμένοις

542 4554 777 4625 ἐξουσίαν
797 4554 1176 4635 παραδιδόντας
1192 4564 1298 4623 τοῖς
1323 4556 1418 4633 μὲν
1443 4555 1803 4633 καταγελάσαι
1829 4559 1934 4613 τῶν
1954 4557 2101 4635 λεγο-

541 4644 729 4723 μένων,
757 4641 904 4708 ἐνίοις
928 4641 972 4700 δ’
1000 4643 1302 4715 ἐπαινέσαι,
1335 4644 1442 4710 τοῖς
1464 4642 1518 4701 δὲ
1548 4642 1810 4709 πλείστοις
1846 4644 2099 4720 μισῆσαι,

539 4741 648 4801 τοῖς
666 4732 710 4792 δ’
728 4730 870 4797 ὅπως
890 4727 1101 4790 ἕκαστοι
1123 4731 1396 4811 βούλονται
1419 4732 1713 4802 διατεθῆναι
1743 4729 1870 4809 πρὸς
1897 4730 2099 4798 αὐτούς·

541 4823 600 4883 σέ
638 4824 685 4881 δ’
710 4819 909 4889 οὐδενὸς
950 4819 1238 4900 μετέχοντα
1264 4820 1481 4885 τούτων,
1511 4821 1626 4877 ἀλλ’
1654 4817 1908 4897 ἀνομοίως
1934 4823 2101 4890 ζῶντα

458 4930 513 4969 ω
539 4910 629 4970 καὶ
656 4911 762 4976 τοῖς
800 4916 1068 4991 σοφισταῖς
1103 4908 1196 4967 καὶ
1233 4915 1338 4971 τοῖς
1371 4908 1630 4978 ἰδιώταις,
1664 4906 1754 4965 καὶ
1789 4916 1895 4973 τοῖς
1932 4906 2103 4967 πολλὰ

541 4996 875 5077 κεκτημένοις
907 4996 996 5056 καὶ
1029 4998 1134 5065 τοῖς
1158 4996 1364 5074 ἀπόρως
1392 4993 1749 5072 διακειμένοις.
1835 4997 1946 5073 (149)
1983 4996 2101 5078 Ἐφ’

541 5075 617 5155 οἷς
641 5090 688 5147 οἱ
713 5084 808 5165 μὲν
838 5084 1133 5163 λογίζεσθαι
1158 5083 1434 5162 δυνάμενοι
1459 5081 1551 5141 καὶ
1588 5088 1704 5141 νοῦν
1737 5082 1941 5162 ἔχοντες
1976 5082 2105 5151 ἴσως

543 5175 608 5235 ἄν
637 5198 694 5234 σε
722 5171 1028 5246 ζηλώσειαν,
1057 5176 1106 5231 οῖ
1131 5172 1186 5232 δὲ
1217 5170 1622 5251 καταδεέστερον
1663 5171 1977 5252 πράττοντες
2011 5172 2103 5231 καὶ

545 5266 821 5323 λυπεῖσθαι
858 5263 1058 5340 μᾶλλον
1087 5259 1320 5328 εἰωθότες
1347 5259 1434 5319 ἐπὶ
1460 5263 1574 5329 ταῖς
1593 5263 1698 5319 τῶν
1737 5260 1910 5319 ἄλλων
1935 5261 2102 5319 ἐπιει-

2180 684 2357 750 quibus
2380 685 2533 735 serant
2548 686 2829 735 sententium
2842 721 2859 748 ‚
2875 686 3132 736 sentientes
3152 686 3335 749 quidem
3351 698 3397 735 se
3418 686 3543 736 [acere
3554 688 3647 751 inju-

2178 782 2327 843 riam,
2348 782 2431 832 sed
2474 786 2785 845 conspectum
2808 796 2905 831 non
2936 782 2994 831 iri
3015 786 3257 845 sperantes
3280 796 3292 829 :
3316 783 3526 832 servandis
3540 785 3647 847 igitur

2178 882 2238 931 iis
2250 918 2265 943 ,
2284 884 2366 946 qui
2382 884 2496 946 ipsis
2514 883 2695 933 similes
2712 883 2827 945 sint,
2846 882 2937 933 sibi
2952 882 3175 946 prodesse
3198 885 3369 944 putant.
3395 887 3498 941 Quae
3514 884 3647 935 idcirco

2179 978 2265 1029 tibi
2278 981 2499 1043 exposui,
2518 984 2574 1029 ut
2591 980 2749 1029 sciens
2766 978 2937 1029 melius
2952 978 3037 1028 tibi
3052 980 3303 1043 prospicias
3314 984 3359 1029 et
3374 979 3509 1029 verbis
3519 994 3649 1044 oppor-

2180 1076 2453 1127 tunioribus
2483 1075 2611 1141 apud
2640 1076 2749 1125 ilios
2774 1076 2953 1135 utaris;
2986 1076 3161 1139 quippe
3184 1089 3305 1125 nunc
3334 1076 3500 1139 quidem
3526 1090 3652 1139 quam-

2182 1188 2293 1225 nam
2316 1176 2438 1227 tales
2470 1178 2681 1227 mentem
2713 1174 2961 1225 babituros
2976 1178 3143 1238 putes,
3162 1175 3343 1238 quando
3358 1180 3403 1225 et
3420 1177 3539 1225 vitam
3556 1183 3652 1226 tuam

2181 1276 2231 1322 et
2250 1274 2469 1323 institute
2482 1286 2729 1325 recenseas
2748 1274 2879 1325 nulio
2894 1274 3042 1323 modo
3066 1274 3288 1325 institutis
3304 1276 3457 1324 borum
3476 1288 3653 1335 congriu,

2182 1371 2265 1421 sed
2292 1372 2453 1435 qualis
2484 1373 2603 1422 milii
2640 1386 2879 1437 exponere
2916 1373 3117 1423 studes?
3180 1373 3303 1437 (144)
3341 1373 3535 1424 ostendis
3561 1373 3655 1423 enim

2180 1474 2419 1523 orationes
2440 1486 2561 1535 ques
2584 1473 2817 1537 scripsisti
2852 1487 2947 1523 non
2966 1474 3321 1538 reprehensione
3336 1511 3351 1536 ,
3372 1472 3447 1523 sed
3472 1475 3589 1534 gratia
3604 1472 3655 1521 di·

2180 1581 2297 1632 guas
2320 1582 2445 1633 esse,
2492 1570 2939 1635 discipulorumque
2980 1574 3175 1621 tuorum
3205 1571 3319 1621 alios
3350 1570 3505 1621 nullam
3535 1569 3656 1619 secisse

2182 1671 2403 1733 iniurium
2418 1684 2506 1721 nec
2520 1671 2671 1721 ulium
2687 1674 2983 1724 commisisse
2998 1673 3223 1724 delictum
3239 1710 3253 1734 ,
3271 1674 3379 1723 alios
3387 1674 3546 1722 virtutis
3554 1686 3657 1721 ceusu

2180 1785 2208 1821 a
2226 1772 2422 1821 civitate
2442 1770 2587 1820 etiem
2612 1773 2800 1823 coronis
2818 1772 3022 1823 donatos
3034 1809 3052 1836 ,
3076 1774 3313 1837 vitamque
3332 1777 3452 1823 tuam
3478 1772 3657 1835 quotidia-

2182 1882 2293 1918 nam
2320 1870 2418 1919 tam
2450 1867 2723 1919 modestam
2748 1873 2800 1920 et
2832 1872 3180 1934 compositam,
3208 1874 3261 1919 ut
3289 1870 3475 1919 nesciam
3501 1882 3549 1916 an
3574 1868 3658 1915 nlius

2182 1969 2343 2019 nulius
2364 1970 2543 2019 civium
2564 1970 2631 2021 ita
2648 1972 2825 2022 vixerit
2841 1989 2858 2035 5
2882 1976 3115 2037 praeterea
3138 1978 3185 2023 te
3204 1984 3353 2035 neque
3370 1970 3556 2033 cuiquam
3568 1968 3657 2017 diem

2182 2069 2358 2119 dixisse
2376 2082 2535 2133 neque
2561 2073 2835 2120 accusatum
2859 2084 2967 2121 esse
2997 2070 3093 2120 nisi
3116 2069 3175 2120 de
3198 2068 3533 2133 permutatione,
3548 2078 3659 2127 neque

2182 2168 2287 2219 eliis
2308 2168 2355 2217 in
2370 2167 2563 2229 judiciis
2595 2170 2775 2219 auxilio
2798 2170 2950 2220 tuisse
2966 2205 2981 2231 ,
3004 2182 3165 2232 neque
3184 2166 3483 2219 testimonium
3508 2164 3658 2220 dixisse,

2182 2282 2335 2332 neque
2351 2266 2614 2333 quidquam
2642 2282 2808 2319 earum
2828 2282 2987 2319 rerum
3020 2269 3217 2330 fecisse,
3236 2270 3283 2317 in
3314 2266 3470 2329 quibus
3486 2275 3615 2312 omnes
3628 2264 3661 2308 in

2184 2368 2427 2431 republica
2449 2368 2581 2417 cives
2600 2368 2781 2418 versari
2800 2368 2971 2419 solent.
3042 2368 3173 2432 (145)
3196 2370 3410 2417 Praeteren
3422 2364 3471 2413 ad
3486 2365 3567 2411 iiaec
3584 2372 3662 2422 qus

2184 2464 2271 2513 tibi
2306 2463 2429 2513 adeo
2470 2464 2661 2527 propris
2690 2466 2740 2513 et
2772 2464 2948 2513 eximia
2982 2468 3129 2525 sunt,
3166 2464 3307 2514 etiam
3340 2462 3447 2512 iilud
3476 2456 3601 2515 addis,
3630 2456 3663 2503 te

2182 2561 2469 2613 abstinuisse
2486 2574 2515 2611 a
2532 2561 2886 2625 magistratibus
2908 2561 3335 2623 emolumentisque
3358 2557 3455 2607 inde
3480 2552 3663 2616 erogandis

2184 2662 2233 2709 et
2254 2658 2315 2709 ab
2332 2658 2464 2708 omni
2482 2656 2669 2722 publicu
2682 2674 2697 2720 ;
2716 2658 2837 2707 iuter
2851 2656 3086 2707 ducentos
3098 2660 3147 2707 et
3166 2656 3289 2705 mitte
3300 2659 3445 2703 sutem
3457 2652 3525 2715 qui
3536 2649 3665 2697 tributa

2184 2754 2399 2819 pendunt
2419 2758 2469 2807 et
2486 2768 2687 2805 munere
2706 2754 2893 2817 publica
2914 2754 3129 2816 obeunt,
3154 2767 3245 2803 non
3263 2756 3309 2802 te
3326 2752 3461 2801 solum
3478 2746 3664 2812 perhibes,

2185 2854 2269 2904 sed
2284 2853 2433 2903 tilium
2450 2866 2661 2917 quoque,
2680 2856 2849 2915 terque
2869 2865 2957 2902 vos
2975 2851 3080 2913 iam
3100 2852 3310 2903 triremes
3331 2860 3499 2899 ornasse
3512 2846 3620 2893 doces
3632 2846 3666 2889 et

2184 2958 2276 3007 alia
2294 2958 2458 3008 munis
2489 2957 2671 3020 maiore
2700 2959 2899 3020 sumptu
2924 2956 3304 3019 exquisitiusque
3318 2952 3545 3017 explevisse
3560 2958 3665 3009 quam

2186 3064 2311 3125 leges
2338 3062 2523 3125 jubent.
2590 3062 2721 3125 (146)
2766 3060 2954 3121 Quibus
2976 3060 3159 3111 auditis
3192 3071 3343 3108 nonne
3370 3066 3511 3106 oeuses
3534 3048 3667 3112 eosqui

2187 3169 2324 3235 piane
2338 3168 2581 3221 diversum
2596 3168 2712 3220 vitm
2726 3168 3000 3219 institutum
3016 3172 3302 3233 sequuntur,
3313 3176 3423 3227 aegre
3436 3162 3580 3211 laturos
3590 3168 3666 3208 esse

2186 3288 2418 3339 suamque
2444 3276 2595 3325 vitam
2618 3276 2897 3338 reprebendi
2930 3276 3323 3325 existimaturos?
3351 3269 3511 3322 Etenim
3526 3266 3559 3315 si
3582 3276 3663 3313 cum

2186 3381 2345 3431 labore
2359 3384 2407 3431 et
2424 3394 2523 3431 aeru
2530 3382 2652 3432 mnis
2668 3386 2713 3431 te
2728 3381 3031 3445 suppeditare
3044 3394 3157 3445 quae
3176 3381 3225 3431 in
3238 3390 3417 3429 munera
3431 3379 3667 3431 ceteramque

2185 3486 2643 3539 administrationem
2660 3488 2989 3551 requiruntur,
3010 3490 3276 3547 cernerent,
3296 3498 3385 3535 non
3400 3478 3563 3547 perinde
3574 3486 3667 3525 cum

2186 3592 2442 3655 haberent3
2464 3606 2593 3643 nunc
2612 3606 2727 3644 vero
2744 3593 2831 3643 tibi
2854 3592 2917 3643 ab
2936 3593 3119 3643 exteris
3139 3592 3286 3642 mutto
3302 3589 3503 3649 maiorem
3520 3582 3595 3630 vim
3610 3590 3667 3642 pe·

2184 3698 2339 3747 cunioe
2362 3710 2509 3761 quam
2530 3698 2641 3747 dete
2663 3701 2739 3747 est
2765 3697 3022 3759 contigisse
3048 3698 3245 3761 putant,
3268 3694 3385 3759 (147)
3408 3692 3614 3754 ipsumque
3629 3686 3663 3730 te
3716 3667 3723 3675 ⁴

2186 3802 2366 3864 majore
2392 3802 2587 3851 luxurie
2611 3801 2770 3853 vivere
2792 3802 3072 3851 existiment
3104 3814 3199 3851 non
3222 3770 3373 3849 'solum
3396 3792 3539 3844 ceteris
3560 3784 3669 3837 {iomi-

2184 3906 2344 3967 nibus,
2361 3905 2445 3955 sed
2460 3906 2519 3957 iis
2532 3906 2675 3957 etiam
2691 3905 2773 3969 qui
2788 3904 3106 3969 pbilosopbiae
3116 3904 3369 3966 iisdemque
3382 3897 3528 3950 studiis
3538 3891 3671 3957 quihus

2186 4015 2239 4059 tu
2254 4023 2447 4073 operam
2460 4012 2657 4060 navant.
2678 4009 2856 4059 Vident
2868 4010 2995 4060 enim
3007 4009 3253 4073 plerosque
3266 4007 3455 4065 illorum,
3466 4000 3603 4064 praetfl
3612 4004 3671 4043 0⁰⁵

2186 4113 2272 4176 qui
2292 4117 2427 4163 tunm
2446 4113 2637 4164 vivendi
2658 4113 2893 4163 rationem
2914 4114 3284 4176 institutumque
3300 4110 3548 4172 sequuntur,
3564 4102 3601 4150 in
3618 4108 3671 4145 w·

2186 4217 2426 4267 lemnibus
2444 4218 2758 4268 conventibus
2777 4217 3073 4282 privatisque
3086 4217 3285 4269 cantibus
3295 4213 3507 4265 orationes
3516 4202 3672 4256 ostenu-

2188 4323 2333 4373 tionis
2352 4336 2495 4373 causa
2512 4322 2686 4373 habere
2700 4358 2714 4383 ,
2728 4322 2853 4373 inter
2867 4336 2919 4373 se
2936 4323 3246 4384 contendere,
3268 4316 3473 4369 immania
3490 4303 3669 4376 polliceri,

2190 4432 2401 4489 certare,
2434 4426 2717 4489 conviciari,
2738 4426 2858 4477 nibil
2896 4426 3215 4491 improbitatis
3242 4424 3470 4482 omittere,
3488 4415 3589 4480 (1⁴8)
3608 4407 3669 4459 ΒΜ

2189 4534 2379 4597 negotia
2396 4532 2485 4582 sibi
2502 4534 2731 4583 facessere
2746 4532 3141 4596 auditoribusque
3158 4531 3325 4595 partim
3342 4519 3669 4591 opportunitatem

2190 4638 2303 4689 dere
2315 4637 2443 4688 dicta
2454 4636 2719 4697 deridendi,
2731 4636 2975 4687 nonnullis
2990 4638 3033 4687 la
3041 4635 3233 4698 udsndi,
3249 4630 3449 4698 piurimis
3457 4632 3668 4678 aversam,

2190 4744 2295 4795 aiiis
2316 4744 2525 4806 denique
2548 4746 2689 4807 prout
2711 4744 2889 4806 quique
2911 4744 3073 4793 effecti
3095 4742 3191 4792 sint
3213 4742 3275 4790 ita
3300 4738 3355 4787 de
3384 4748 3431 4785 se
3458 4724 3669 4782 εοηῑὶεῦᾶίἱ

2190 4853 2239 4902 te
2271 4864 2386 4900 vero
2412 4848 2592 4899 nullius
2616 4848 2788 4897 harum
2810 4861 2968 4897 rerum
2994 4848 3289 4912 participem,
3314 4841 3391 4893 sed
3418 4842 3504 4887 vita
3524 4836 3565 4885 et
3582 4841 3673 4881 ⁸⁸⁰·

2194 4956 2366 5021 phistis
2383 4960 2432 5005 et
2450 4955 2511 5005 ab
2530 4952 2737 5005 indoctis
2757 4955 3032 5005 hominibus
3050 4957 3145 5006 tam
3164 4948 3389 5015 opulenti·
3408 4954 3533 5009 quam
3548 4934 3672 5000 08⁰⁰ss

2190 5060 2557 5125 discrepantem.
2622 5059 2756 5125 (149)
2785 5065 2997 5120 Quarum
3023 5070 3179 5109 renim
3208 5068 3343 5106 causa
3382 5063 3425 5101 ιε
3450 5048 3616 5097 tortasse
3646 5036 3673 5085 ii

2193 5166 2275 5229 qui
2298 5164 2427 5229 quod
2460 5168 2641 5216 rectum
2676 5166 2743 5215 sit
2775 5164 3034 5226 intelligere
3068 5160 3260 5225 possunt
3280 5160 3327 5207 et
3363 5155 3506 5203 mente
3522 5143 3667 5198 vatent,

2192 5270 2557 5321 admirabuntur
2588 5285 2602 5321 z
2623 5270 2707 5334 qui
2724 5282 2841 5321 vero
2854 5267 3084 5320 deteriore
3098 5260 3353 5315 conditione
3370 5257 3469 5307 sunt
3484 5252 3525 5301 et
3538 5240 3667 5296 ⁸1in
