3825 5842
920 451 1310 516 isocRATls
1352 452 1640 514 ORATIO
1681 453 1784 514 DE
1825 453 2451 515 PERMUTATIONE.

3184 463 3297 515 218

158 598 305 673 εἰιούς,
325 589 393 665 οἷς
416 593 686 677 διαφθείρω
709 591 826 660 τοὺς
861 591 1130 664 συνόντας,
1155 590 1246 651 καὶ
1278 588 1396 659 τοὺς
1421 589 1660 669 μαθητὰς
1747 599 1928 664 quibus
1962 599 2204 650 auditores
2248 612 2381 650 meos
2424 611 2802 664 corrumperem,
2836 598 3101 650 indicandae
3143 599 3305 662 eraut,

157 659 332 772 φράζειν
351 683 460 752 τοὺς
483 682 684 766 χείρους
707 680 792 742 διὰ
810 679 906 752 τὴν
925 677 1200 740 συνουσίαν
1221 677 1316 750 τὴν
1351 678 1484 757 ἐμὴν
1515 701 1662 758 γεγε·
1748 690 1800 740 et
1820 688 2043 752 discipuli
2082 689 2384 751 nominandi,
2422 687 2508 752 qui
2541 686 2886 738 consuetudine
2920 701 3027 738 mea
3064 687 3309 751 depravati

156 773 384 846 νηυένους·
401 777 486 831 νῦν
503 769 559 830 δὲ
579 771 774 830 τούτων
795 769 889 848 μὲν
905 767 1170 848 οὐδέτερον
1183 763 1438 838 πεποίηκε
1452 810 1467 839 ,
1487 788 1664 846 παρα·
1749 781 1925 829 esseut.
1958 776 2145 836 Quibus
2161 776 2241 827 ille
2258 776 2449 827 omissis
2467 775 2827 840 justissimaque
2858 775 3110 826 accusandi
3129 775 3311 826 rationo

155 835 294 923 λιπὼν
329 863 380 920 δὲ
419 858 510 931 τὴν
552 857 881 929 δικαιοτάτην
907 860 1011 915 τῶν
1037 858 1361 935 κατηγοριῶν
1397 853 1661 924 ἐξαπατᾶν
1751 865 1924 928 reiecta
1954 867 2005 916 ln
2034 863 2249 917 fraudem
2274 878 2362 914 vos
2384 863 2611 916 iuducere
2637 869 2839 915 conatus
2872 867 2963 914 est.
3030 867 3127 926 Ego
3148 865 3311 914 autem

117 969 138 1008 ε
158 957 270 1028 ὑμᾶς
290 947 627 1029 ἐπεχείρησεν.
694 943 841 1025 Ἐγὼ
859 947 905 1004 δ’
928 944 982 1014 ἐξ
1005 945 1174 1002 αὐτῶν
1194 942 1388 1002 τούτων
1413 943 1467 1001 ἐν
1491 931 1662 1024 ὧνπερ
1750 954 1827 1004 his
1853 953 1971 1017 ipsis
1992 953 2171 1017 quibus
2194 965 2279 1016 par
2300 953 2587 1018 justumque
2608 953 2683 1004 est
2720 952 2905 1003 inuisus
2932 965 3129 1002 causam
3151 965 3309 1004 meam

159 1037 376 1120 προσήκει
399 1037 486 1095 καὶ
510 1033 704 1095 δίκαιόν
729 1037 872 1108 ἐστι,
897 1031 1188 1111 ποιήσομαι
1210 1030 1305 1102 τὴν
1334 1029 1638 1110 ἀπολογίαν.

216 1147 275 1187 aa.
313 1123 412 1186 Καὶ
436 1121 550 1191 τοὺς
574 1121 667 1201 μὲν
694 1120 877 1202 λόγους
903 1121 1061 1202 ὀλίγῳ
1083 1119 1333 1202 πρότερον
1369 1117 1664 1198 ἀνέγνωμεν

155 1216 274 1293 ὑμῖν,
302 1213 408 1280 τοὺς
430 1211 484 1272 δὲ
509 1209 858 1293 κεχρημένους
885 1213 943 1270 ἐκ
963 1208 1244 1291 μειρακίων
1266 1231 1355 1286 μοι
1378 1206 1537 1288 μέχρι
1561 1205 1666 1286 γή-

157 1327 236 1384 ρως
272 1300 503 1374 δηλώσω,
538 1301 636 1360 καὶ
669 1298 935 1382 μάρτυρας
978 1300 1125 1377 ὑμῶν
1161 1299 1331 1357 αὗτῶν
1376 1295 1668 1378 παρέξομαι

97 1417 135 1456 ιο
153 1391 252 1472 περὶ
269 1381 333 1448 ὧν
354 1389 412 1449 ἃν
424 1387 559 1467 λέγω
581 1387 699 1457 τοὺς
723 1386 862 1447 κατὰ
888 1385 984 1459 τὴν
1007 1386 1216 1458 ἡλικίαν
1242 1383 1340 1457 τὴν
1368 1383 1500 1462 ἐμὴν
1527 1405 1670 1464 γεγε-

155 1478 383 1555 νημένους.
460 1471 726 1558 Ἤρξαντο
750 1473 844 1553 μὲν
868 1465 956 1534 οὖν
985 1476 1037 1533 ἐν
1069 1471 1291 1555 πρώτοις
1325 1469 1557 1549 Εὔνομός
1579 1492 1668 1547 μοι

155 1565 228 1626 καὶ
262 1564 548 1637 Λυσιθείδης
584 1563 676 1624 καὶ
715 1563 1026 1630 Κάλλιππος
1073 1559 1405 1637 πλησιάζειν,
1447 1556 1581 1638 μετὰ
1613 1555 1668 1616 δὲ

153 1653 327 1721 τούτους
351 1653 618 1735 Ὀνήτωρ,
653 1652 948 1725 Ἀντικλῆς,
987 1648 1315 1721 Φιλωνίδης,
1335 1645 1668 1724 Φιλόμηλος,

154 1741 499 1822 Χαρμαντίδης.
585 1741 678 1819 (94)
699 1739 930 1806 Τούτους
963 1736 1199 1804 ἅπαντας
1226 1740 1260 1807 ἡ
1285 1734 1433 1802 πόλις
1459 1732 1672 1814 χρυσοῖς

99 1847 134 1885 ιι
155 1829 385 1910 στεφάνοις
414 1828 790 1910 ἐστεφάνωσεν,
814 1829 914 1906 οὐχ
933 1829 1004 1894 ὣς
1020 1829 1124 1886 τῶν
1153 1822 1438 1903 ἀλλοτρίων
1467 1819 1672 1903 ἐφιεμέ·

153 1940 245 1983 νους
261 1961 278 1993 ,
299 1917 404 1976 ἀλλ’
433 1920 501 1984 ὣς
543 1914 736 1996 ἄνδρας
779 1911 1003 1994 ἀγαθοὺς
1051 1911 1201 1980 ὄντας
1237 1910 1328 1971 καὶ
1367 1908 1538 1970 πολλὰ
1566 1912 1672 1968 τῶν

153 2005 270 2064 ἰδίων
294 2007 357 2071 εἷς
375 2007 468 2077 τὴν
492 2003 646 2064 πόλιν
666 2000 1016 2076 ἀνηλωκότας.
1047 2000 1189 2081 Πρὸς
1214 1998 1300 2066 οὓς
1325 1996 1466 2066 ὅπως
1494 1997 1675 2079 βούλε-

153 2098 226 2152 σθε
249 2091 346 2152 θέτε
369 2116 432 2171 με
465 2093 774 2151 διακεῖσθαι·
809 2089 938 2172 πρὸς
973 2088 1074 2170 γὰρ
1099 2089 1160 2149 τὸ
1194 2087 1362 2168 παρὸν
1391 2090 1674 2165 πανταχῶς

153 2179 234 2249 ἕξει
257 2203 340 2258 μοι
364 2181 550 2247 καλῶς.
639 2183 728 2258 (aa)
752 2178 858 2240 Ἤν
885 2200 945 2238 τε
971 2177 1074 2260 γὰρ
1107 2175 1410 2248 ὖπολάὸητε
1438 2172 1670 2253 σύμὸου-

94 2283 133 2323 20
151 2270 224 2328 λον
243 2259 362 2327 εἶναί
379 2293 442 2347 με
467 2269 560 2328 καὶ
593 2267 906 2328 διδάσκαλον
931 2265 1147 2337 τούτων,
1178 2263 1388 2332 δικαίως
1416 2262 1478 2324 ἂν
1507 2262 1676 2343 ἔχοιτέ

153 2381 226 2434 μοι
250 2357 400 2416 πλείω
423 2357 582 2440 χάριν
611 2356 647 2430 ἢ
670 2365 774 2425 τοῖς
794 2358 862 2415 δι’
892 2354 1082 2438 ἀρετὴν
1107 2357 1160 2414 ἐν
1188 2352 1481 2436 πρυτανείῳ
1509 2375 1674 2411 σιτου·

154 2445 311 2522 μένοις·
335 2445 522 2505 τούτων
548 2443 645 2524 μὲν
680 2442 782 2526 γὰρ
811 2441 1028 2512 ἕκαστος
1059 2441 1214 2504 αὑτὸν
1251 2440 1406 2520 μόνον
1440 2441 1676 2522 παρέσχε

153 2533 284 2592 καλὸν
309 2532 550 2612 κάγαθόν,
587 2531 693 2612 ἐγὼ
719 2529 776 2591 δὲ
799 2530 1074 2600 τοσούτους
1092 2531 1152 2590 τὸ
1176 2533 1370 2602 πλῆθος
1397 2527 1546 2596 ὅσους
1566 2529 1676 2588 ὀλί-

153 2621 454 2703 γῳπρότερσν
474 2622 684 2693 διῆλθον
706 2621 846 2698 ὑμῖν.
935 2621 1028 2698 (uo)
1055 2619 1126 2680 Et
1147 2643 1204 2678 τε
1226 2623 1329 2678 τῶν
1353 2616 1448 2696 μὲν
1468 2639 1677 2697 πεπρα-

97 2721 134 2760 25
154 2709 328 2786 γμένων
350 2709 556 2778 ἐκείνοις
591 2708 752 2787 μηδὲν
786 2709 1042 2776 συναίτιος
1070 2707 1340 2788 ἐγενόμην,
1367 2709 1436 2774 ὣς
1459 2704 1679 2788 ἑταίροις

153 2796 197 2856 δὲ
219 2799 300 2856 καὶ
319 2797 478 2879 φίλοις
518 2798 694 2865 αὐτοῖς
729 2794 997 2877 ἐχρώμην,
1025 2793 1210 2867 ἱκανὴν
1240 2793 1370 2875 ὑπὲρ
1398 2784 1470 2852 ὧν
1500 2791 1674 2875 φεύγω

152 2884 232 2958 τὴν
257 2885 448 2967 γραφὴν
474 2890 712 2965 ἠγοῦμαι
732 2885 825 2944 καὶ
851 2881 1048 2956 ταύτην
1074 2873 1206 2942 εἶναι
1248 2881 1344 2955 τὴν
1377 2879 1678 2960 ἀπολογίαν·

151 2977 188 3032 εἰ
205 2973 292 3054 γὰρ
305 2979 404 3042 τοῖς
423 2974 520 3052 μὲν
541 2974 608 3033 δι’
632 2970 820 3054 ἀρετ-ὴν
834 2970 1029 3052 δωρεὰς
1051 2971 1314 3054 εἰληφόσιν
1341 2971 1580 3052 ἤρεσκον,
1604 2973 1681 3048 τῷ

152 3060 196 3121 δὲ
215 3063 494 3144 συκοφάντῃ
525 3061 602 3141 μὴ
626 3062 719 3133 τὴν
749 3059 912 3134 αὐτὴν
941 3059 1046 3141 ἔχω
1071 3059 1307 3140 γνώμην,
1328 3063 1439 3127 πῶς
1467 3058 1529 3118 ἂν
1556 3055 1682 3117 εἰκό-

91 3164 130 3203 ‘³⁰
152 3173 232 3217 τως
250 3150 520 3230 γνωσθείην
545 3147 662 3216 τοὺς
682 3147 925 3215 συνόντας
944 3147 1250 3230 διαφθείρειν
1267 3167 1285 3225 3
1308 3148 1396 3226 (97)
1421 3147 1458 3219 ἢ
1472 3146 1680 3206 πάντων

151 3238 190 3315 γ’
215 3236 270 3296 ἂν
297 3237 400 3310 εἴην
436 3235 876 3316 δυστυχέστατος,
905 3237 950 3294 εἰ
972 3237 1074 3293 τῶν
1112 3235 1285 3294 ἄλλων
1307 3232 1592 3318 ἀνθρώπων
1623 3237 1683 3294 ἐκ

150 3347 198 3382 τε
234 3329 326 3384 τῶν
375 3323 804 3402 ἐπιτηδευμάτων
847 3320 939 3383 καὶ
976 3325 1078 3381 τῶν
1123 3327 1406 3382 συνουσιῶν
1450 3327 1553 3381 τῶν
1587 3319 1681 3400 μὲν

151 3410 290 3492 χείρω
313 3416 411 3471 τῶν
431 3412 487 3472 δὲ
520 3411 712 3493 βελτίω
739 3409 890 3479 δόξαν
913 3409 1288 3487 λαμὸανόντων
1309 3409 1412 3489 ἐγὼ
1437 3409 1586 3488 μόνος
1607 3408 1682 3488 μὴ

151 3499 337 3579 τύχοιμι
373 3505 464 3573 τ’ἧς
506 3497 817 3578 δοκιμασίας
853 3497 1078 3571 ταύτης,
1127 3498 1264 3558 ἀλλὰ
1308 3497 1554 3565 τοιούτοις
1591 3495 1684 3574 μὲν

87 3605 128 3647 36
153 3587 345 3668 ἀνδράσι
389 3587 801 3666 συμὸεὸιωκώς,
840 3585 1151 3665 ἀνέγκλητον
1183 3587 1232 3644 δ’
1263 3586 1486 3664 ἐμαυτὸν
1528 3584 1685 3666 μέχρι

151 3675 349 3748 ταυτησὶ
375 3682 468 3746 τ’ἦς
489 3677 703 3750 ἡλικίας
727 3672 1104 3756 παρεσχηκώς,
1136 3673 1308 3752 ὅμοιος
1328 3665 1460 3732 εἶναι
1482 3673 1686 3751 δόξαιμι

150 3764 240 3829 τοῖς
259 3762 314 3822 ἔκ
330 3787 386 3822 τε
406 3769 510 3824 τῶν
527 3763 953 3840 ἐπιτηδευμάτων
973 3760 1063 3822 καὶ
1084 3765 1188 3821 τῶν
1212 3761 1386 3821 ἄλλων
1404 3767 1684 3823 συνουσιῶν

151 3850 573 3928 διαὸεόλημένοις.
655 3850 854 3920 Ἡδέως
878 3854 924 3911 δ’
948 3848 1012 3910 ἂν
1036 3849 1226 3924 εἰδείην
1248 3849 1300 3910 τί
1326 3854 1448 3910 ποτ’
1468 3848 1531 3910 ἂν
1556 3850 1684 3910 ἔπα-

152 3941 242 4010 θον,
280 3939 326 3998 εἴ
365 3941 441 4007 τίς
487 3961 582 4018 μοι
626 3945 857 4007 τοιοῦτος
893 3929 956 4010 ἦν
986 3937 1421 4018 συγγεγενημένος
1463 3929 1564 4004 οἶός
1590 3937 1688 4018 πέρ

90 4037 132 4078 to
152 4025 274 4085 ἐστιν
303 4031 330 4085 ὁ
360 4027 678 4108 κατήγορος,
708 4026 762 4094 ὃς
801 4031 968 4106 μισῶν
1009 4025 1244 4094 ἅπαντας
1271 4023 1390 4094 τοὺς
1431 4024 1688 4093 τοιούτους

149 4113 228 4172 καὶ
249 4113 554 4193 μισούμενος
570 4117 641 4182 εἷς
661 4113 862 4175 τουτονὶ
881 4112 1181 4187 καθέστηκα
1209 4113 1296 4173 τὸν
1319 4111 1566 4174 κίνδυνον.

217 4221 281 4261 ss.
321 4201 428 4263 Καὶ
453 4201 560 4280 μὴν
583 4201 688 4262 οὐδ’
717 4204 906 4269 ἐκεῖνος
928 4204 957 4259 ὁ
977 4199 1128 4281 λόγος
1153 4199 1362 4269 δικαίως
1390 4201 1454 4259 ἄν
1477 4224 1542 4279 με
1568 4199 1691 4281 βλά·

150 4291 293 4369 ψειεν,
315 4290 369 4349 δν
396 4291 524 4357 ἴσως
550 4289 610 4349 ἄν
645 4313 782 4358 τινες
806 4289 1124 4367 τολμήσαιεν
1169 4291 1330 4349 εἰπεῖν
1355 4293 1460 4348 τῶν
1486 4289 1689 4349 παντά-

150 4399 269 4437 πασι
308 4377 436 4459 πρός
475 4401 544 4455 με
584 4377 846 4446 δυσκόλως
873 4375 1233 4455 διακειμένων,
1268 4380 1338 4444 ὥς
1367 4375 1563 4445 τούτοις
1595 4375 1688 4455 μὲν

86 4485 128 4525 ⁴⁵
151 4457 214 4532 οἷς
233 4467 408 4548 εἴρηκα
427 4471 670 4526 τοσοῦτον
693 4465 850 4544 μόνον
875 4464 1122 4546 ἐχρώμην
1146 4463 1264 4524 ὅσον
1281 4467 1498 4546 ὀφθῆναι
1518 4466 1689 4524 διαλε-

151 4553 374 4632 γόμενος,
397 4555 564 4634 ἕτεροι
595 4553 652 4613 δι’
678 4551 811 4620 τινές
829 4577 920 4632 μοι
943 4553 1126 4613 πολλοὶ
1149 4550 1241 4611 καὶ
1259 4551 1693 4634 πολυπράγμονες

153 4643 367 4715 μαθηταὶ
393 4642 686 4720 γεγόνασιν,
719 4639 806 4709 οὓς
835 4639 1232 4721 ἀκοκρύπτομαι
1259 4639 1388 4723 πρὸς
1408 4645 1560 4719 ὑμᾶς.
1602 4641 1689 4724 (aa)

152 4729 286 4798 Ἄξιῶ
302 4731 405 4810 γάρ
417 4776 432 4803 ,
449 4733 496 4790 εἰ
521 4729 616 4808 μέν
632 4753 766 4798 τινες
786 4732 890 4788 τῶν
909 4728 1026 4807 ἐμοὶ
1047 4729 1500 4808 συγγεγενημένων
1516 4728 1694 4811 ἄνδρες

152 4819 320 4894 ἀγαθοὶ
340 4818 584 4898 γεγόνασι
601 4816 722 4898 περὶ
738 4817 836 4890 τὴν
863 4818 1014 4876 πόλιν
1043 4819 1132 4875 καὶ
1157 4815 1274 4883 τοὺς
1302 4817 1476 4898 φίλους
1497 4817 1692 4878 καὶτὸν

95 4905 266 4965 ωἶδιον
288 4898 446 4979 οἷκον,
493 4905 715 4973 ἐκείνους
742 4908 878 4983 ὑμᾶς
918 4908 1164 4978 ἐπαινεῖν,
1188 4903 1304 4982 ἐμοὶ
1345 4903 1400 4964 δὲ
1433 4905 1693 4983 μηδεμίαν

154 4992 269 5076 ὑπὲρ
293 4994 488 5054 τούτων
511 4993 666 5073 χάριν
691 4993 848 5073 ἔχειν,
872 4995 916 5051 εἰ
936 4990 990 5051 δὲ
1010 4992 1227 5074 πονηροὶ
1253 4991 1343 5050 καὶ
1363 4997 1587 5051 τοιοῦτοι
1603 4992 1697 5060 τὰς

154 5081 317 5162 φύσεις
357 5074 454 5140 οἶοι
485 5080 684 5162 φαίνειν
719 5080 811 5140 καὶ
848 5079 1137 5162 γράφεσθαι
1165 5078 1254 5140 καὶ
1281 5083 1385 5138 τῶν
1413 5081 1696 5160 ἀλλοτρίων

155 5170 432 5247 ἐπιθυμεῖν,
457 5171 585 5249 παρ’
627 5170 753 5246 ἐμοῦ
785 5167 931 5240 δίκην
963 5166 1269 5246 λαμὸάνειν.
1351 5167 1472 5248 (1⁰0)
1509 5167 1698 5227 Καίτοι

155 5257 224 5324 τίς
249 5257 310 5316 ἂν
336 5257 625 5340 πρόκλησις
654 5253 852 5335 γένοιτο
880 5255 1074 5328 ταύτης
1101 5253 1578 5338 ἀνεπιφθονωτέρα,
1604 5254 1697 5315 καὶ

1859 1054 1927 1090 ιιι.

1751 1042 1892 1182 dics&
1926 1133 2085 1193 Atque
2126 1128 2365 1180 orationes
2395 1128 2593 1193 quidem
2624 1129 2786 1193 paullo
2800 1129 2913 1180 ante
2930 1127 3070 1179 vobis
3094 1128 3315 1178 recitavi-

1753 1248 1862 1286 mus
1874 1250 1890 1296 ς
1904 1233 2231 1286 adolescentes
2242 1247 2359 1285 vero
2366 1247 2571 1299 quorum
2586 1232 2930 1285 consuetudine
2942 1233 3002 1284 ad
3017 1235 3312 1284 senectutem

1753 1353 1907 1405 usque
1926 1353 2041 1391 usus
2058 1341 2170 1400 sim,
2190 1340 2458 1404 aequalibus
2472 1339 2589 1391 meis
2608 1354 2666 1392 ex
2690 1339 3039 1404 vobismetipsls
3058 1339 3315 1392 verborum

1756 1458 1973 1496 meorum
1988 1444 2195 1496 testibus
2210 1445 2439 1522 adhibitis
2451 1445 2589 1496 vobis
2603 1445 2840 1497 indicabo.
2864 1448 2990 1495 luter
3004 1445 3184 1509 primos
3195 1447 3313 1496 Euo·

1755 1564 1949 1615 nymus,
1959 1554 2009 1603 et
2022 1550 2315 1615 Lysithides,
2332 1553 2383 1626 et
2406 1552 2652 1618 callippus
2668 1553 2731 1604 ad
2748 1567 2825 1606 me
2838 1554 3001 1605 venire
3015 1553 3252 1616 solebant,
3266 1556 3317 1607 et

1757 1659 1864 1720 post
1877 1656 1966 1707 bos
1977 1658 2176 1717 Onetor,
2189 1655 2415 1721 Anticles,
2425 1657 2721 1720 Philonides,
2732 1658 3043 1722 Philomelus,
3058 1659 3315 1711 Charman-

1756 1761 1878 1813 ttdes
1891 1777 1903 1811 :
1915 1761 2015 1824 (94)
2028 1775 2153 1827 quos
2162 1762 2333 1813 civitas
2340 1775 2507 1814 omnes
2516 1763 2865 1815 aureiscorouis
2873 1765 3177 1824 ornavit‚uon
3187 1765 3317 1830 quod

1757 1867 1924 1918 alienis
1938 1867 2204 1930 inhiabant,
2218 1868 2304 1919 sed
2323 1869 2457 1933 quod
2470 1868 2583 1920 boni
2601 1868 2693 1920 viri
2714 1869 2827 1921 iacti
2848 1883 2908 1922 ex
2930 1883 3017 1921 sua
3034 1884 3085 1922 re
3102 1871 3318 1924 familiari

1759 1972 1911 2023 multa
1934 1973 1981 2023 in
2001 1972 2340 2037 rempublicam
2359 1974 2681 2026 coutulerunt.
2716 1979 2839 2037 Erga
2856 1989 2979 2040 quos
3006 1977 3144 2028 tacite
3162 1990 3317 2028 meam

1760 2079 2023 2141 utcumque
2037 2075 2229 2129 libuerit
2245 2077 2566 2129 conditionem
2580 2095 2595 2140 ;
2614 2079 2675 2130 ad
2691 2093 2793 2130 rem
2816 2085 3099 2144 presentem
3114 2081 3176 2131 ab
3189 2082 3321 2132 omui

1759 2184 1892 2245 parte
1906 2181 2029 2232 bene
2042 2195 2147 2233 sese
2159 2182 2369 2234 habebit.
2393 2183 2494 2247 (95)
2506 2183 2554 2234 Si
2572 2183 2701 2234 enim
2719 2197 2799 2236 me
2820 2185 3142 2236 consiliarium
3152 2199 3321 2237 eorum

1760 2285 1812 2335 et
1827 2285 2107 2348 magistrum
2116 2287 2371 2348 censeatis,
2390 2288 2617 2351 majorem
2634 2287 2752 2338 mihi
2764 2288 2873 2350 lure
2892 2289 3106 2339 babeatis
3122 2291 3321 2351 gratiam

1761 2402 1904 2452 quam
1931 2389 1989 2439 iis
2004 2390 2087 2454 qui
2118 2389 2307 2440 virtutis
2325 2403 2470 2440 causa
2494 2391 2541 2440 in
2560 2393 2793 2456 Prytaneo
2818 2393 3091 2457 epulantur.
3140 2397 3321 2444 florum

1761 2493 1889 2544 enim
1911 2493 2117 2557 quisque
2139 2507 2191 2544 se
2211 2498 2398 2544 tantum
2421 2495 2579 2545 virum
2613 2495 2791 2547 bouum
2819 2496 3066 2559 praestitit,
3098 2509 3188 2559 ego
3210 2510 3325 2548 vero

1763 2597 1900 2648 effeci
1920 2599 1974 2648 ut
1990 2599 2063 2648 tot
2076 2601 2238 2650 esseut
2258 2612 2461 2650 numero
2475 2603 2596 2662 quot
2619 2601 2761 2663 paulo
2778 2607 2889 2652 auto
2906 2601 3041 2652 vobis
3058 2603 3319 2654 nominavi.

1767 2702 1866 2767 (96)
1889 2702 1972 2753 Sin
2000 2702 2192 2753 illorum
2228 2717 2306 2754 res
2338 2709 2487 2767 gestie
2507 2705 2623 2756 nihil
2648 2706 2709 2756 ad
2732 2719 2811 2758 me
2845 2708 3082 2772 pertinent
3097 2744 3113 2771 ,
3146 2708 3234 2760 sed
3265 2709 3325 2759 iis

1766 2813 1955 2860 tantum
1973 2809 2141 2860 amicis
2160 2811 2209 2860 et
2226 2810 2471 2862 sodalibus
2498 2825 2617 2863 usus
2647 2826 2755 2863 sum
2768 2849 2783 2876 ,
2811 2813 2934 2864 banc
2953 2827 3147 2880 quoque
3164 2814 3327 2866 deleu-

1767 2914 1951 2964 sionem
1972 2913 2203 2964 adversus
2234 2914 2436 2964 erimina
2466 2914 2517 2966 in
2540 2927 2619 2966 me
2650 2915 2818 2965 collata
2846 2915 3195 2968 satisfacturam
3218 2931 3327 2970 esse

1766 3017 1989 3067 arbitror.
2054 3018 2250 3068 sienim
2280 3017 2555 3068 hominibus
2579 3018 2769 3080 publice
2789 3018 2851 3069 ob
2886 3019 3112 3070 virtutem
3138 3020 3327 3072 donatis

1769 3122 2015 3186 placebam
2028 3159 2044 3184 ,
2066 3137 2096 3173 a
2118 3127 2277 3173 mente
2296 3124 2607 3186 sycophantas
2635 3135 2749 3174 vero
2770 3123 3109 3187 abhorrebam,
3128 3138 3327 3190 quomo·

1769 3227 1830 3277 do
1848 3228 2027 3278 amicos
2046 3241 2179 3278 meos
2196 3228 2466 3291 corrupisse
2479 3227 2630 3278 videri
2654 3228 2861 3290 possim?
2881 3229 2980 3292 (97)
2997 3234 3091 3281 Aut
3108 3231 3327 3284 omnium
3430 3209 3441 3216 ”

1769 3347 1923 3386 oesem
1958 3333 2339 3394 infelicissimus,
2358 3333 2399 3384 si
2422 3346 2571 3397 quum
2585 3333 2666 3383 alii
2688 3346 2750 3384 ex
2780 3335 3012 3386 institutis
3036 3337 3139 3386 suis
3164 3349 3329 3388 neces·

1770 3437 2153 3502 situdinibnsque
2181 3439 2269 3489 aut
2286 3438 2457 3488 melius
2479 3442 2564 3487 aut
2591 3438 2729 3503 pejus
2760 3438 2981 3502 audiant,
3002 3453 3089 3503 ego
3120 3441 3251 3492 solus
3268 3441 3330 3492 ab

1771 3534 1941 3585 eodem
1961 3534 2146 3598 judicio
2176 3534 2481 3594 excluderer,
2512 3539 2561 3584 et
2589 3538 2844 3598 postquam
2873 3549 2985 3587 cum
3002 3536 3182 3588 talibus
3214 3539 3331 3590 vinis

1772 3631 1869 3681 vixi
1886 3633 2218 3696 integrumque
2236 3645 2313 3682 me
2334 3631 2395 3682 ad
2416 3632 2538 3682 hauc
2554 3633 2747 3683 oetatem
2780 3633 2994 3696 praebui,
3023 3633 3083 3684 iis
3104 3648 3331 3687 annume-

1773 3742 1921 3788 rarer,
1940 3727 2092 3792 quiet
2120 3728 2183 3778 ob
2204 3729 2423 3780 instituta
2440 3742 2527 3779 sua
2552 3732 2603 3780 et
2624 3729 2685 3780 de
2707 3733 2865 3780 cetero
2884 3730 2947 3780 ob
2967 3731 3221 3783 familiares
3254 3748 3332 3786 re·

1776 3824 2144 3890 prehendunter.
2166 3825 2389 3876 Libenter
2412 3827 2581 3876 scirem
2606 3840 2717 3890 quae
2735 3840 2840 3877 sors
2859 3841 2964 3878 mea
2988 3829 3151 3880 sutura
3172 3836 3301 3882 esset
3314 3868 3331 3894 ,

1773 3923 1812 3972 si
1847 3922 2031 3972 amicus
2066 3921 2173 3972 talis
2210 3935 2399 3973 mecum
2441 3922 2608 3974 suisset
2652 3924 2805 3987 qualis
2838 3928 3088 3975 accusator
3113 3929 3217 3991 est,
3249 3929 3332 3991 qui

1774 4023 1942 4062 omnes
1965 4011 2085 4061 tales
2105 4012 2237 4062 viros
2261 4023 2463 4076 perosus
2495 4011 2650 4075 iisque
2670 4009 2857 4062 invisus
2882 4011 2941 4062 ad
2976 4013 3098 4064 bane
3132 4028 3332 4067 accusa·

1776 4109 1955 4160 tionem
1986 4108 2248 4160 descendit.

1839 4209 1919 4257 98.
1950 4210 2020 4257 Ac
2054 4219 2115 4256 ne
2140 4206 2223 4256 illa
2248 4205 2443 4270 quidem
2459 4207 2727 4270 accusatio,
2752 4220 2849 4271 qua
2879 4207 3077 4260 sortasse
3096 4209 3242 4276 aliqui
3272 4225 3334 4262 ex

1775 4313 1985 4364 inimicis
2000 4313 2119 4364 meis
2138 4313 2471 4364 infensissimis
2484 4312 2620 4364 usuri
2634 4313 2732 4364 siut
2743 4350 2758 4376 ,
2770 4314 2880 4377 Jure
2898 4327 2976 4366 me
2988 4315 3188 4380 loeserit,
3202 4319 3333 4383 quod

1777 4433 1884 4470 cum
1910 4419 2001 4470 illis
2021 4433 2143 4484 quos
2162 4421 2503 4472 nominaverim
2516 4457 2533 4483 ,
2546 4424 2732 4473 tantum
2752 4422 2899 4474 modo
2920 4426 3149 4490 temporis
3163 4429 3334 4483 fuerim

1779 4539 1925 4592 quam
1960 4527 2043 4577 diu
2077 4527 2128 4578 iu
2159 4527 2350 4592 publico
2390 4531 2676 4593 conspectus
2706 4529 2799 4579 sim
2834 4543 2946 4580 cum
2984 4531 3046 4582 iia
3092 4542 3336 4600 versatus3

1779 4634 1899 4685 alios
1929 4639 2093 4685 autem
2134 4634 2250 4684 mibi
2284 4634 2465 4686 multos
2511 4637 2563 4686 et
2611 4648 2845 4687 novarum
2894 4652 3055 4689 rerum
3098 4642 3337 4695 studiosos

1779 4741 2039 4805 discipulos
2058 4741 2233 4803 ruisse,
2252 4754 2374 4805 quos
2407 4753 2496 4804 ego
2524 4754 2613 4792 vos
2640 4742 2813 4795 celem.
2876 4744 2977 4808 (99)
3020 4744 3143 4796 Volo
3180 4748 3333 4811 euim,

1781 4851 1822 4902 si
1840 4851 1923 4914 qui
1948 4850 2251 4901 familiarium
2274 4864 2489 4902 meorum
2508 4850 2559 4901 iu
2586 4851 2929 4916 rempublicam
2945 4889 2962 4915 ‚
2988 4853 3038 4903 ln
3060 4853 3259 4919 amicos,
3282 4856 3334 4907 iu

1783 4959 1981 5010 domum
2004 4972 2140 5010 suam
2168 4959 2279 5010 boui
2303 4961 2612 5022 exstiterunt,
2632 4961 2721 5012 lios
2742 4975 2772 5011 a
2794 4961 2933 5013 vobis
2968 4961 3149 5013 laudari
3164 4999 3181 5026 ,
3218 4965 3335 5016 milii

1785 5079 1900 5118 vero
1932 5080 2101 5117 eorum
2123 5079 2267 5117 causa
2281 5067 2461 5118 nullam
2484 5067 2646 5118 referri
2664 5066 2897 5128 gratiam3
2924 5067 2998 5118 siu
3020 5069 3133 5118 mali
3154 5069 3337 5134 talique

1785 5167 1998 5230 ingenio,
2026 5171 2082 5217 ut
2115 5166 2351 5220 delatores
2385 5169 2483 5219 siut
2503 5173 2552 5219 et
2573 5171 2801 5222 accusent
2829 5171 2879 5222 et
2894 5169 3047 5221 aliena
3086 5173 3336 5235 appetant,

1784 5272 1845 5322 de
1865 5284 1943 5322 me
1956 5283 2121 5335 poeuas
2141 5273 2287 5323 sumi.
2350 5271 2483 5336 (ιοο)
2511 5275 2571 5324 At
2598 5287 2715 5324 vero
2744 5287 2855 5338 quae
2880 5275 3149 5330 exhortatio
3168 5283 3257 5329 tm
3276 5275 3338 5332 fill
