3825 5842
1123 395 1517 462 tsoan‘rts
1562 392 1852 457 ORATIO
1896 392 1995 454 DE
2037 392 2252 456 PACE.

126 551 297 634 φόντων
334 547 419 608 καὶ
450 547 564 614 τοὺς
598 551 715 606 νοῦν
768 543 863 602 οὐκ
898 540 1113 621 ἔχοντας
1152 541 1257 598 τῶν
1296 527 1353 597 εἷς
1400 532 1645 620 φρονούν·

125 665 211 700 των
232 639 316 700 καὶ
342 637 453 706 τοὺς
474 636 540 696 τὰ
560 641 652 709 τῆς
676 635 877 701 πόλεως
903 626 1303 708 διανεμομένους
1331 630 1434 686 τῶν
1464 628 1523 686 ἐκ
1551 629 1647 698 τῆς

128 730 239 798 ἰδίας
266 727 433 794 οὐσίας
462 729 579 804 ὑμῖν
618 719 1074 804 λειτουργούντων.
1156 715 1315 780 εΏοτ’
1351 715 1491 786 ἄξιον
1518 719 1645 775 θαυ-

129 817 305 894 μάζειν,
343 813 391 875 εἴ
421 838 497 882 τις
531 812 725 882 ἐλπίζει
760 811 855 884 τὴν
884 807 1036 869 πόλιν
1058 805 1309 874 τοιούτοις
1336 803 1649 884 συμὸούλοις

78 937 96 975 t·
134 906 377 988 χρωμένην
406 903 491 962 ἐπὶ
517 902 577 962 τὸ
601 901 801 983 βέλτιον
832 897 1123 960 ἐπιδώσειν.

201 1016 259 1053 ιι.
288 991 425 1072 Ἐγὼ
454 991 497 1050 δ’
519 979 633 1050 οἶδα
663 989 759 1069 μὲν
790 986 870 1050 ὅτι
901 984 1189 1066 πρόσαντές
1212 987 1349 1044 ἐστιν
1394 985 1651 1044 ἐναντιοῦ-

132 1089 233 1143 σθαι
260 1085 361 1149 ταῖς
406 1078 678 1161 ὑμετέραις
724 1075 995 1150 διανοίαις,
1045 1075 1137 1135 καὶ
1175 1073 1255 1135 ὅτι
1300 1069 1655 1154 δημοκρατίας

134 1171 264 1242 οὔσης
282 1173 369 1229 οὐκ
392 1167 503 1228 ἔστι
528 1165 827 1249 παρρησία,
851 1164 989 1238 πλὴν
1018 1163 1198 1224 ἐνθάδε
1227 1161 1321 1242 μὲν
1355 1162 1460 1229 τοῖς
1478 1162 1652 1242 ἄφρο-

134 1258 363 1326 νεστάτοις
388 1255 478 1318 καὶ
508 1255 670 1337 μηδὲν
700 1259 846 1334 ὑμῶν
873 1253 1221 1337 φροντίζουσιν
1237 1298 1252 1325 ,
1278 1255 1331 1312 ἰν
1360 1249 1413 1310 δὲ
1435 1253 1510 1330 τῷ
1532 1246 1651 1308 θεά-

81 1369 221 1431 ιοτρῳ
247 1353 341 1415 τοῖς
365 1345 919 1430 κωμῳδοδιδασκάλοις
948 1341 1007 1422 (δ
1037 1342 1128 1402 καὶ
1165 1340 1376 1401 πάντων
1414 1338 1526 1399 ἐστὶ
1554 1339 1657 1398 δει-

134 1436 317 1496 νότατον
339 1481 357 1514 ,
404 1433 482 1494 ὅτι
526 1435 634 1503 τοῖς
689 1432 783 1512 μὲν
834 1431 1137 1516 ἐκφέρουσιν
1182 1432 1254 1498 εἰς
1300 1426 1419 1497 τοὺς
1468 1426 1657 1493 ἄλλους

132 1522 369 1598 Ἕλληνας
395 1523 464 1584 τὰ
490 1528 585 1595 τῆς
614 1523 817 1637 πόλεως
839 1520 1199 1604 ἁμαρτήματα
1220 1517 1478 1591 τοσαύτην
1512 1516 1663 1597 ἔχετε

136 1613 265 1694 χάριν
302 1612 423 1688 ὅσην
464 1612 582 1674 οὐδὲ
608 1620 715 1680 τοῖς
759 1636 817 1671 ευ
846 1615 1083 1688 ποιοῦσι,
1132 1608 1263 1689 πρὸς
1298 1605 1354 1667 δὲ
1392 1605 1511 1674 τοὺς
1544 1607 1659 1666 ἐπι·
1685 1618 1721 1660 e

138 1702 422 1774 πλήττοντας
469 1701 561 1762 καὶ
606 1706 967 1768 νουθετοῦντας
1012 1703 1149 1777 ὖμᾶς
1190 1695 1326 1758 οὕτω
1376 1694 1663 1756 διατίθεσθε

80 1802 114 1840 1⁵
141 1791 369 1860 δυσκόλως
394 1789 571 1872 ὥσπερ
600 1789 729 1872 πρὸς
754 1789 873 1858 τοὺς
916 1786 1078 1848 κακόν
1112 1811 1167 1847 τι
1194 1785 1290 1860 τὴν
1314 1783 1465 1846 πόλιν
1507 1787 1665 1866 ἐργα-

139 1881 344 1957 ζομένους
363 1883 384 1960 )
400 1905 415 1918 ·
458 1879 546 1963 (ιο)
574 1878 716 1957 ὅμως
752 1878 807 1938 δὲ
853 1877 945 1937 καὶ
971 1877 1165 1937 τούτων
1204 1873 1544 1956 ὑπαρχόντων
1570 1875 1665 1932 οὐκ

142 1966 191 2026 διν
234 1968 513 2042 ἀποσταίην
546 1958 621 2027 ὧν
680 1965 967 2040 διενοήθην.
1052 1962 1405 2048 Παρελήλυθα
1454 1959 1556 2042 γὰρ
1606 1962 1664 2020 οὖ

3177 415 3282 465 103

1732 541 1998 604 consultos,
2012 546 2158 594 eteos
2170 543 2256 607 qui
2271 542 2506 607 publicam
2523 545 2773 608 pecuniam
2793 545 2917 597 inter
2935 547 3065 612 ipsos
3082 549 3303 602 dividunt

1734 669 1879 721 quam
1925 619 2016 706 hos
2055 655 2140 720 qui
2176 655 2236 707 de
2261 669 2348 707 sua
2384 669 2437 707 re
2461 655 2680 708 familiari
2713 669 2914 708 munera
2945 658 3082 709 vobis
3108 658 3300 712 obeunt.

1738 771 1895 826 Quare
1914 767 2088 817 mirum
2109 768 2184 816 est
2205 779 2482 831 quenquam
2499 780 2606 818 esse
2634 767 2718 833 qui
2741 772 2934 832 speret,
2965 769 3084 821 dum
3117 771 3168 822 bi
3197 784 3307 822 con‘

1676 887 1720 952 d
1740 878 1946 928 sultores
1968 873 2240 939 audiantur,
2262 876 2434 928 melius
2455 877 2618 928 actum
2642 875 2702 928 iri
2722 890 2833 928 cum
2865 878 3125 942 republica.

1810 993 1883 1040 14.
1910 992 2010 1052 Ego
2029 1001 2169 1054 vero,
2189 1003 2337 1053 quam
2359 987 2562 1040 arduum
2582 989 2646 1040 sit
2667 991 2909 1041 adversari
2931 991 3104 1042 restris
3125 992 3309 1056 cupidi·

1742 1089 1942 1150 tatibus,
1963 1101 2060 1138 non
2079 1087 2264 1152 ignoro,
2284 1089 2357 1150 et,
2376 1102 2527 1153 quum
2550 1089 2796 1153 popularis
2816 1089 3084 1154 respublica
3105 1091 3193 1154 sit,
3215 1105 3310 1141 non

1744 1201 1847 1238 esse
1866 1186 2135 1238 libertatem
2159 1186 2346 1236 dicendi
2383 1185 2474 1237 nisi
2510 1186 2606 1236 hoc
2627 1186 2822 1249 quidem
2853 1187 2960 1238 loco
2982 1187 3311 1238 stolidissimis

1748 1285 1992 1350 vestrique
2021 1285 2446 1351 contemptoribus,
2484 1285 2536 1336 in
2565 1285 2752 1336 theatro
2779 1289 2940 1337 autem
2968 1287 3312 1338 comoediarum

1749 1387 1901 1449 poetis
1912 1386 2078 1450 :idque
2087 1386 2304 1437 omnium
2313 1384 2675 1437 acerbissimum
2685 1387 2778 1449 est,
2795 1387 2842 1437 in
2857 1389 2988 1437 tanta
2996 1386 3123 1451 apud
3136 1401 3222 1438 vos
3231 1401 3315 1439 eoa

1749 1499 1855 1536 esse
1866 1486 2034 1549 gratia,
2049 1485 2134 1549 qui
2151 1485 2325 1536 delicta
2340 1485 2472 1536 urbis
2484 1490 2663 1537 nostrae
2676 1486 2802 1536 foras
2820 1484 2883 1535 ad
2900 1485 3019 1536 alios
3036 1489 3232 1538 Graecos
3251 1486 3316 1538 et·

1752 1583 1908 1636 serunt
1921 1620 1936 1646 ,
1955 1588 2136 1646 quanta
2161 1597 2224 1635 ne
2239 1596 2324 1634 cos
2345 1582 2541 1646 quidem
2563 1583 2646 1646 qui
2667 1583 2730 1634 de
2747 1583 2886 1634 robis
2903 1584 3026 1635 bene
3043 1586 3316 1646 merentur-3

1754 1685 1828 1735 llis
1843 1697 1958 1735 vero
1971 1684 2052 1748 qui
2073 1683 2306 1748 castigant.
2323 1685 2408 1736 aul
2433 1690 2656 1746 monent,
2679 1687 2780 1738 tam
2805 1685 3015 1738 intensos
3041 1689 3094 1738 et
3127 1687 3320 1750 iniquos

1753 1772 1860 1838 esse
1886 1797 2003 1849 vos,
2026 1786 2250 1849 quamtis
2266 1787 2351 1851 qui
2376 1791 2545 1838 contra
2574 1787 2914 1852 rempublicam
2951 1789 3150 1840 faciunt.
3219 1789 3318 1854 (15)

1754 1889 1986 1947 Quamvis
2017 1889 2161 1950 igitur
2183 1889 2290 1939 baec
2311 1887 2378 1939 ita
2399 1889 2525 1950 sint,
2552 1901 2649 1939 non
2667 1890 2829 1941 tamen
2861 1890 2923 1941 ab
2959 1891 3182 1943 instituto
3213 1905 3322 1944 meo

1756 1991 1992 2042 recedam.
2033 1993 2140 2041 Non
2167 1991 2294 2041 enim
2319 1989 2415 2040 buc
2443 1990 2598 2056 prodii
2635 1991 2928 2054 gratificandi
2947 1992 3098 2054 gratia
3120 1997 3204 2044 aut
3223 2006 3322 2044 ma·

70 2057 442 2137 ΙΘῖἉΟΙΡῑΟύμῑνθς
486 2061 615 2136 ὓμῗ*
641 2056 757 2116 Οὐδὲ
792 2051 1113 2136 lammam
1162 2047 1519 2131 W⁷²⁰²⁸¹50⁰W
1542 2049 1665 2108 ἀλλ’
1692 2063 1729 2105 a
1757 2087 1983 2154 gistratus
2014 2086 2254 2138 ambiendi
2276 2101 2446 2150 causa,
2477 2087 2565 2140 sed
2599 2091 2655 2138 ut
2687 2101 2744 2138 ea
2765 2102 2876 2152 quae
2913 2090 3068 2140 sentio
3086 2089 3322 2154 dicerem,

146 2146 529 2226 ἀποφανούμενος
552 2143 588 2204 ἃ
606 2142 852 2224 τυγχάνω
868 2140 1171 2222 γιγνώσκων
1198 2142 1405 2223 πρῶτον
1434 2135 1532 2216 μὲν
1546 2136 1668 2220 περὶ

86 2253 127 2292 20
144 2223 201 2292 ἷιν
220 2237 261 2294 οἱ
276 2234 539 2315 πρυτάνεις
556 2233 911 2320 προτιθέασιν,
922 2230 1103 2292 ἔπειτα
1122 2228 1363 2311 περὶτῶν
1374 2226 1551 2286 ἄλλων
1562 2228 1667 2286 τῶν

146 2327 221 2394 τῆς
240 2323 421 2392 πόλεως
454 2321 785 2405 πραγμάτων
802 2345 815 2360 ·
847 2319 991 2382 οὐδὲν
1028 2319 1131 2401 γὰρ
1168 2317 1347 2400 ὄφελος
1387 2314 1534 2376 ἔσται
1562 2317 1669 2376 τῶν

145 2415 215 2469 νῦν
240 2411 457 2493 περὶτῆς
483 2411 693 2494 εἰρήνης
722 2408 1073 2495 γνωσθέντων,
1097 2405 1161 2480 ἢν
1196 2403 1271 2485 μὴ
1300 2403 1391 2466 καὶ
1417 2403 1539 2486 περὶ
1560 2406 1666 2463 τῶν

146 2498 308 2558 λοιπῶν
328 2502 478 2582 ὀρθῶς
501 2497 926 2580 βουλευσώμεθα.

212 2607 267 2647 te.
292 2589 440 2667 Φημὶ
464 2587 511 2648 δ’
552 2579 643 2647 οὗν
678 2587 1177 2668 χρῆναι’ποιεῑσθαι
1217 2579 1314 2654 τὴν
1358 2578 1566 2662 εἰρήνην
1596 2575 1670 2657 μὴ

90 2697 129 2734 25
148 2675 278 2750 μόνον
306 2678 427 2757 πρὸς
454 2675 622 2744 Χίους
649 2674 741 2735 καὶ
780 2671 1015 2741 Ῥοδίους
1034 2671 1123 2732 καὶ
1159 2667 1499 2741 Βυζαντίους,
1530 2664 1669 2726 ἀλλὰ

148 2763 251 2843 πρὸς
274 2763 495 2833 ἅπαντας
528 2762 863 2845 ἀνθρώπους,
906 2761 996 2820 καὶ
1036 2763 1266 2842 χρῆσθαι
1324 2760 1441 2824 ταῖς
1478 2754 1667 2827 συνθή·
1692 2743 1739 2808 b

148 2874 241 2919 καις
276 2851 345 2930 μὴ
365 2853 577 2922 ταύταις
627 2843 710 2920 αἷς
742 2857 828 2911 νῦν
854 2873 989 2918 τινες
1019 2847 1361 2930 γεγράφασιν,
1392 2843 1532 2906 ἀλλὰ
1556 2852 1671 2914 ταῖς

150 2939 409 3020 γενομέναις
456 2940 551 3020 μὲν
596 2940 729 3022 πρὸς
766 2937 1004 3021 ,βασιλέα
1047 2937 1139 2997 καὶ
1197 2933 1670 3014 Λακεδαιμονίους,

152 3028 558 3108 προσταττούσαις
608 3027 664 3089 δὲ
708 3027 825 3096 τοὺς
876 3025 1146 3099 Ἕλληνας
1186 3021 1501 3102 αὐτονόμους
1539 3012 1675 3082 εἶναι

92 3131 131 3169 ³0
150 3116 222 3174 καὶ
253 3116 337 3186 τὰς
376 3119 598 3203 φρουρὰς
644 3119 704 3180 ἔκ
754 3119 859 3177 τῶν
906 3113 1192 3196 ἀλλοτρίων
1233 3113 1436 3174 πόλεων
1486 3110 1673 3181 ἐξιέναι

152 3205 225 3264 καὶ
258 3204 341 3280 τὴν
387 3212 561 3269 αὑτῶν
614 3205 754 3290 ἔχειν
797 3205 1065 3274 ἑκάστους.
1146 3202 1363 3266 Τούτων
1406 3201 1509 3284 γὰρ
1554 3199 1673 3262 οὔτε

153 3293 433 3378 δικαιοτέρας
466 3295 757 3381 εὑρήσομεν
792 3293 911 3356 οὔτε
944 3296 1145 3374 μᾶλλον
1182 3297 1251 3376 τῇ
1286 3290 1437 3354 πόλει
1472 3313 1675 3373 συμφε-

158 3404 333 3460 paucae.

218 3491 274 3534 17.
295 3471 393 3535 Ἢν
420 3473 516 3554 μὲν
543 3466 636 3535 οὗν
674 3474 896 3534 ἐνταῦθα
938 3469 1216 3533 καταλίπω
1252 3469 1340 3530 τὸν
1367 3469 1539 3550 λόγον,
1580 3458 1675 3528 οἵδ’

158 3556 220 3617 ὅτι
247 3561 361 3633 δόξω
400 3563 493 3638 τὴν
531 3563 690 3624 πόλιν
717 3565 985 3636 ἐλαττοῦν,
1016 3564 1061 3622 εἰ
1108 3559 1342 3634 Θηὸαῑοι
1386 3559 1484 3639 μὲν
1508 3557 1680 3628 ἕξουσι

98 3660 134 3698 35
159 3647 357 3720 Θεσπιὰς
380 3652 467 3712 καὶ
493 3651 775 3720 Πλαταιὰς
800 3651 890 3712 καὶ
925 3648 1019 3719 τὰς
1049 3649 1213 3718 ἄλλας
1236 3649 1412 3716 πόλεις
1448 3648 1507 3717 ἃς
1534 3645 1682 3728 παρὰ

158 3735 249 3804 Τοὺς
270 3738 437 3820 ὅρκους
462 3740 863 3858 κατειλήφασιν,
903 3743 1059 3816 ἡμεῖς
1104 3741 1151 3798 δ’
1202 3736 1372 3815 ἔξιμεν
1420 3738 1681 3815 μηδεμιᾶς

160 3827 351 3906 ἀνάγκης
375 3829 527 3904 οὔσης
563 3829 619 3900 ἐξ
662 3853 738 3890 ων
780 3828 1109 3910 τυγχάνομεν
1137 3827 1367 3908 ἔχοντες·
1402 3824 1467 3898 ἢν
1502 3824 1557 3885 δὲ
1594 3823 1681 3885 διὰ

162 3912 306 3986 τέλους
348 3917 605 3993 ἀκούσητέ
660 3943 763 3998 μου
811 3917 1159 4000 προσέχοντες
1203 3915 1291 3976 τὸν
1334 3919 1483 3988 νοῦν,
1532 3904 1682 3993 οἶμαι

161 4003 325 4074 πάντας
350 4011 480 4086 ὑμᾶς
506 4007 941 4087 καταγνώσεσθαι
983 4004 1182 4078 πολλὴν
1226 4002 1408 4064 ἄνοιαν
1443 4002 1535 4064 καὶ
1570 4028 1683 4082 μα·-

102 4103 137 4142 ⁴⁰
163 4090 252 4150 νίαν
266 4099 357 4154 τῶν
382 4097 473 4171 τὴν
500 4095 707 4158 ἀδικίαν
734 4095 1033 4165 πλεονεξίαν
1063 4084 1194 4154 εἶναι
1222 4091 1558 4172 νομιζόντων,
1592 4092 1683 4152 καὶ

162 4184 241 4238 τῶν
265 4182 346 4252 τὰς
370 4187 643 4268 ἀλλοτρίας
666 4185 842 4251 πόλεις
871 4185 961 4266 βίᾳ
986 4181 1313 4264 κατεχόντων
1328 4227 1345 4257 ,
1368 4181 1459 4242 καὶ
1491 4181 1566 4261 μὴ
1590 4183 1681 4242 λο-

164 4271 403 4348 γιζομένων
438 4274 534 4343 τὰς
578 4272 851 4357 συμφορὰς
895 4272 989 4342 τὰς
1024 4275 1085 4332 ἐκ
1118 4274 1222 4330 τῶν
1252 4268 1497 4330 τόιούτων
1526 4269 1689 4352 ἔργων

166 4361 449 4438 γιγνομένας.
536 4366 629 4444 (ιο)
666 4368 852 4424 Ταῦτα
881 4361 976 4441 μὲν
1008 4351 1095 4422 οὖν
1126 4359 1213 4420 διὰ
1238 4359 1433 4427 παντὸς
1472 4365 1565 4420 τοῦ
1591 4359 1687 4420 λό-

167 4465 241 4520 γου
266 4449 609 4531 πειρασόμεθα
638 4450 897 4512 διδάσκειν
932 4453 1093 4528 ὖμᾶς,
1122 4447 1245 4530 περὶ
1287 4447 1344 4507 δὲ
1370 4452 1464 4522 τῆς
1486 4447 1690 4530 εἰρήνης

115 4541 150 4579 ⁴⁵
167 4536 334 4612 πρῶτον
362 4539 733 4620 διαλεχθῶμεν,
760 4539 851 4600 καὶ
878 4535 1195 4618 σκεψώμεθα
1217 4535 1268 4595 τί
1292 4535 1357 4596 ἂν
1380 4538 1434 4598 ἐν
1466 4541 1543 4618 τῷ
1564 4559 1687 4597 πα-

172 4621 281 4696 ρόντι
312 4625 537 4704 γενέσθαι
594 4628 932 4708 βουληθεῖμεν
983 4629 1131 4704 ἡμῖν.
1214 4623 1319 4684 Ἢν
1370 4624 1471 4707 γὰρ
1516 4631 1687 4686 ταῦτα

172 4714 310 4781 καλῶς
342 4713 631 4796 ὁρισώμεθα
660 4715 751 4774 καί
778 4720 893 4774 νοῦν
932 4712 1157 4795 ἐχόντως
1173 4758 1191 4791 ,
1214 4711 1343 4794 πρὸς
1369 4712 1564 4787 ταύτην
1591 4711 1687 4785 τὴν

174 4798 372 4860 ὖπόθεσιν
396 4802 775 4873 οἰποὸλέποντες
799 4803 1008 4883 ἄμεινον
1042 4800 1429 4884 βουλευσόμεθα
1458 4802 1547 4862 καὶ
1572 4801 1691 4882 περὶ

174 4888 255 4945 τῶν
276 4889 451 4952 ἄλλων.

128 4992 161 5029 ⁵⁰
240 4997 295 5038 ιν.
325 4969 429 5061 '‘Ap’
469 4973 558 5040 οὖν
588 4979 649 5040 ἂν
689 4978 1008 5060 ἐξαρκέσειεν
1050 4983 1199 5056 ἡμῖν,
1227 4979 1273 5037 εἰ
1301 4976 1397 5050 τήν
1446 5001 1504 5037 τε
1540 4977 1689 5038 πόλιν

184 5063 383 5142 ἀσφαλῶς
406 5069 629 5146 οἰκοῖμεν
674 5067 763 5127 καὶ
799 5067 867 5126 τὰ
902 5066 1023 5149 περὶ
1067 5065 1156 5126 τὸν
1199 5064 1309 5146 βίον
1350 5065 1692 5148 εὐπορώτεροι

1758 2192 1966 2256 primum
2006 2190 2068 2242 de
2097 2191 2200 2252 bis,
2231 2190 2292 2240 de
2332 2189 2514 2253 quibus
2537 2191 2770 2252 Prytanes
2805 2189 3046 2252 referunt,
3068 2193 3232 2254 postea
3264 2191 3325 2243 de

1758 2290 1932 2341 ceteris
1961 2288 2237 2353 reipublicae
2279 2289 2496 2351 negotiis.
2581 2291 2680 2339 Nec
2711 2287 2838 2339 enim
2873 2288 2970 2339 ulla
3000 2288 3092 2338 erit
3121 2287 3326 2338 decretoe

1762 2384 1893 2448 pacis
1915 2383 2122 2445 utilitas,
2149 2382 2240 2432 nisi
2259 2381 2320 2432 de
2339 2381 2534 2446 reliquis
2559 2385 2704 2434 etiam
2739 2381 2886 2433 rebus
2921 2385 3050 2432 recte
3073 2383 3324 2433 consulue-

1762 2481 1932 2530 rimus.

1830 2583 1903 2628 le.
1929 2579 2102 2628 Pacem
2135 2575 2282 2640 igitur
2309 2575 2706 2628 esse'faciendam
2740 2589 2910 2628 censeo
2929 2589 3032 2628 non
3051 2577 3195 2628 modo
3213 2590 3326 2628 cum

1765 2689 1899 2742 Chiis
1926 2693 1976 2738 et
2009 2686 2205 2739 Rhodiis
2231 2689 2281 2739 et
2317 2688 2574 2752 Byzantiis,
2610 2689 2696 2740 sed
2721 2703 2834 2740 cum
2868 2689 3103 2741 universis
3125 2690 3330 2742 homini·

1764 2803 1885 2866 bue,
1907 2804 1958 2852 et
1986 2799 2288 2865 pactionibus
2313 2800 2545 2876 utendum
2573 2813 2668 2852 non
2703 2800 2782 2852 his
2811 2813 2936 2864 quas
2969 2814 3100 2852 nunc
3133 2802 3330 2866 quidam

1762 2910 2056 2974 scripserunt
2071 2941 2086 2971 ,
2110 2907 2196 2958 sed
2223 2907 2318 2958 illis
2339 2920 2452 2972 quae
2473 2919 2586 2958 cum
2624 2919 2734 2970 rege
2757 2911 3007 2959 Persarum
3029 2913 3080 2959 et
3113 2909 3331 2962 Iacedae·

1765 3017 1939 3070 moniis
1955 3015 2355 3076 intercesserunt,
2383 3027 2496 3079 quse
2524 3013 2698 3077 ,iubent
2721 3017 2916 3066 Graecos
2941 3027 3048 3067 esse
3077 3016 3258 3068 liberos
3279 3021 3332 3069 et

1764 3127 1982 3193 praesidia
2005 3139 2064 3177 ex
2089 3123 2255 3176 alienis
2273 3123 2476 3176 urbibus
2496 3122 2671 3174 deduci
2689 3159 2704 3186 ,
2729 3127 2780 3174 et
2801 3135 2915 3174 snas
2935 3123 3148 3188 singulos
3167 3125 3332 3176 civita·

1764 3242 1839 3291 tes
1860 3240 2039 3290 tenere.
2107 3238 2197 3290 His
2229 3237 2357 3288 enim
2397 3250 2554 3304 neque
2580 3236 2810 3300 iustiores
2857 3237 3149 3302 reperiemus
3175 3247 3334 3301 neque

1766 3348 2044 3413 reipublicae
2067 3347 2294 3400 utiliore&

1707 3488 1743 3529 c
1838 3465 1911 3515 17.
1942 3462 2049 3514 Scio
2067 3461 2316 3526 equidem,
2338 3461 2380 3512 si
2400 3461 2480 3510 bic
2496 3459 2686 3512 dicendi
2701 3459 2844 3511 tinem
2867 3459 3022 3511 secero
3035 3495 3051 3523 ,
3075 3473 3153 3511 me
3169 3461 3333 3513 visum

1767 3562 1824 3611 iri
1864 3573 1982 3626 opes
2013 3562 2065 3611 et
2092 3559 2370 3624 dignitatem
2401 3559 2676 3624 reipublicoe
2698 3559 3000 3610 imminuere.
3064 3559 3184 3621 Quis
3208 3561 3333 3616 enim

1770 3675 1964 3726 oequum
1999 3674 2106 3712 esse
2139 3662 2333 3712 censeat
2372 3664 2427 3711 ut
2465 3661 2678 3712 Thebani
2701 3660 2934 3725 Thespias
2955 3662 3005 3710 et
3027 3660 3231 3712 Plataeas
3263 3675 3336 3712 ce-

1771 3762 1992 3824 terasque
2031 3759 2201 3823 urbes,
2245 3773 2368 3822 quas
2394 3763 2585 3810 'contra
2623 3757 2964 3822 jusjnrandum
3009 3763 3336 3822 occuparunt,

1771 3863 1993 3924 teneant;
2031 3873 2122 3911 nos
2144 3873 2256 3912 vero
2292 3860 2423 3912 nulla
2445 3859 2596 3910 coacti
2631 3859 2916 3910 necessitate
2951 3859 3013 3909 iis
3041 3873 3166 3924 quas
3196 3861 3338 3912 liabe-

1773 3975 1881 4012 mns
1898 3960 2156 4012 cedamus?
2179 3961 2276 4014 Sed
2291 3961 2332 4012 si
2349 3960 2411 4011 ab
2429 3961 2564 4013 initio
2581 3959 2642 4012 ad
2662 3959 2808 4012 tinem
2827 3973 2985 4024 usque
3001 3975 3080 4014 me
3097 3963 3338 4015 disseren-

1772 4068 1869 4114 tem
1882 4063 2062 4112 attente
2079 4061 2350 4124 audieritis,
2371 4073 2582 4112 summa
2591 4061 2814 4112 amentiae
2829 4097 2846 4124 ,
2863 4059 3052 4126 opinor,
3073 4065 3123 4114 et
3141 4063 3340 4116 insanin

1708 4173 1751 4239 d
1778 4160 2156 4214 condemnabitis
2185 4175 2294 4224 eos,
2325 4162 2408 4226 qui
2439 4161 2718 4225 iniustitiam
2750 4163 2988 4214 lucrosam
3030 4177 3140 4216 esse
3168 4169 3340 4230 putant

1776 4269 1827 4316 et
1846 4265 2022 4316 alienas
2041 4263 2186 4314 urbes
2208 4263 2258 4314 vi
2276 4267 2462 4324 tenent,
2484 4275 2641 4327 neque
2659 4263 2966 4316 considerant
2987 4272 3184 4331 quantus
3218 4268 3340 4318 cala·

1778 4367 1968 4420 mitates
1992 4367 2134 4418 talem
2156 4366 2326 4429 agendi
2356 4365 2587 4417 rationem
2611 4367 2840 4432 consequi
2873 4367 3078 4420 soleant.
3145 4369 3244 4436 (18)
3281 4375 3341 4422 Et

1778 4473 1882 4526 liaec
1913 4474 2026 4524 sunt
2045 4485 2153 4536 quoe
2173 4484 2260 4534 per
2277 4475 2427 4522 totam
2459 4469 2724 4520 orationem
2747 4470 2884 4522 vobis
2919 4471 3170 4524 ostendere
3197 4487 3344 4525 cona-

1776 4576 1950 4627 bimur.
1981 4575 2194 4626 Primum
2217 4577 2381 4624 autem
2405 4573 2466 4626 de
2484 4587 2599 4638 pace
2617 4573 2939 4639 disputemus,
2959 4589 3018 4626 ac
3035 4577 3346 4641 dispiciemus

1776 4677 2005 4741 quidnam
2031 4675 2150 4727 illud
2178 4676 2242 4726 sit
2262 4676 2393 4740 qnod
2411 4676 2460 4726 in
2483 4673 2736 4741 praesentia
2757 4679 3054 4742 expetamus.
3105 4681 3212 4739 Quo
3238 4691 3348 4730 rcrc

1777 4777 2132 4841 prudenterque
2148 4777 2409 4828 constituto
2427 4776 2488 4828 de
2519 4776 2624 4827 aliis
2650 4791 2870 4842 quoque,
2889 4779 2938 4829 in
2973 4778 3067 4829 hoc
3100 4783 3344 4842 negotium

1780 4879 1911 4931 velut
1932 4879 2178 4942 exemplar
2201 4877 2442 4943 quoddam
2460 4879 2729 4943 intuentes,
2755 4881 2932 4932 rectius
2955 4881 3344 4931 consultabimus.

1846 4988 1919 5032 19.
1953 4985 2028 5032 An
2059 4994 2175 5032 vero
2206 4994 2306 5032 non
2343 4981 2467 5032 bene
2501 4979 2577 5042 agi
2612 4980 2864 5032 nobiscum
2896 4981 3193 5043 statuemus,
3226 4981 3267 5030 si
3299 4988 3343 5032 et

1780 5070 2050 5134 respublica
2086 5069 2312 5122 nostrain
2339 5074 2444 5120 tuto
2459 5071 2737 5132 collocetur,
2757 5073 3023 5131 eteorum,
3048 5084 3160 5132 quae
3190 5069 3250 5120 ad
3280 5071 3346 5120 vi·

1716 4814 1751 4856 θ

184 5152 433 5229 γιγνοίμεθα
460 5155 547 5214 καὶ
576 5155 643 5216 τά
668 5179 725 5215 τε
752 5155 879 5236 πρὸς
902 5160 1044 5233 ἡμας
1066 5153 1250 5221 αὐτοὺς
1272 5158 1577 5232 ὁμονοοῖμεν
1602 5154 1693 5214 καὶ
1780 5161 1879 5211 tam
1903 5158 2167 5222 degendam
2187 5160 2392 5210 auiuent
2407 5195 2424 5221 ,
2447 5158 2596 5222 copiis
2613 5171 2898 5220 augeamur,
2922 5159 2970 5208 et
2988 5156 3112 5208 ’iuter
3135 5172 3224 5208 nos
3256 5159 3346 5222 ipsi

186 5237 301 5318 παρὰ
316 5243 408 5311 τοῖς
428 5238 685 5315 Ἓλλησιν
717 5245 1115 5327 εὖδοκιμοῖμεν;
1145 5242 1248 5331 ἐγὼ
1275 5241 1371 5324 μὲν
1407 5242 1509 5332 γὰρ
1532 5247 1691 5332 ἡγοῦ·

1780 5249 2161 5318 consentiamus,
2185 5251 2234 5299 et
2251 5248 2378 5319 apud
2403 5249 2599 5300 Graecos
2617 5245 2763 5312 gloria
2787 5245 3072 5304 floreamus?
3093 5249 3192 5310 Ego
3215 5252 3344 5298 certe
