3825 5842
111 442 402 524 (vos-m)

105 611 208 668 χον
243 585 372 646 ἄνευ
405 581 658 655 αἰτήσεως
671 579 712 660 )·
795 579 858 658 (a)
883 575 1008 638 τάδε
1031 575 1096 668 δὲ,
1111 575 1296 656 δέομαι
1346 579 1489 656 ὑμῶν
1505 621 1524 652 ,
1551 599 1679 657 συγ·

111 672 336 752 γνώμην
353 670 493 753 ἔχειν
516 693 634 749 μοι,
650 671 803 728 τοῦτο
818 664 913 744 μὲν
930 663 1020 726 ἐάν
1037 689 1088 724 τι
1113 668 1180 745 τῇ
1200 664 1416 746 γλώσσῃ
1436 664 1680 747 ἁμάρτω,

107 761 206 820 καὶ
220 762 469 840 ἡγεῖσθαι
482 757 690 840 ἀπειρία
705 758 901 834 μᾶλλον
922 753 1051 814 αὐτὸ
1065 752 1100 826 ἢ
1116 753 1292 836 ἀδικία
1305 758 1642 834 ἡμαρτῆσθαι
1662 797 1681 830 ,

109 855 272 909 τοῦτο
301 847 358 908 δὲ
385 847 476 908 ἐάν
503 871 555 905 τι
580 849 740 927 ὀρθῶς
769 842 932 922 εἴπωξ,
959 841 1178 922 ἀληθείᾳ
1209 843 1408 919 μᾶλλον
1451 840 1487 915 ἢ
1520 840 1679 901 δεινό·

109 961 238 1008 τητι
261 939 522 1017 εἰρῆσθαι.
607 935 688 995 Οὗ
716 931 818 1014 γὰρ
842 930 1038 990 δίκαιον
1080 929 1186 988 οὔτ’
1215 927 1352 1011 ἔργῳ
1379 928 1682 1010 ἁμαρτόντα

27 1024 204 1094 ι3οδιὰ
253 1024 471 1107 ῥήματα
511 1025 774 1094 σωθῆναι,
804 1017 910 1079 οὔτ’
941 1017 1079 1099 ἔργῳ
1106 1020 1267 1098 ὀρθῶς
1293 1016 1566 1098 πράξαντα
1596 1013 1683 1075 διὰ

117 1113 336 1196 ῥήματα
366 1110 654 1171 ἀπολέσθαι
673 1130 689 1146 ·
781 1107 843 1166 τὸ
883 1104 978 1185 μὲν
1001 1105 1102 1186 γὰρ
1139 1109 1284 1187 ρἥα
1325 1110 1417 1178 τῆς
1442 1103 1682 1183 γλώσσης

113 1197 413 1280 ἁμάρτημά
431 1199 546 1256 ἐστι
561 1242 578 1274 ,
601 1195 664 1255 τὸ
689 1196 736 1254 δ’
755 1192 905 1276 ἔργον
933 1196 1026 1265 τῆς
1051 1191 1282 1270 γνώμης.
1367 1190 1431 1272 (ο)
1459 1190 1682 1269 Ἀνάγκη

117 1289 174 1348 δὲ
202 1284 568 1346 κινδυνεύοντα
599 1282 719 1365 περὶ
741 1285 880 1362 αῧτῷ
908 1280 1000 1340 καί
1027 1279 1128 1340 πού
1155 1303 1207 1340 τι
1233 1279 1324 1340 καὶ
1345 1279 1679 1360 ἐξαμαρτεῖν.

121 1378 202 1438 Οὗ
224 1373 330 1455 γὰρ
345 1371 502 1452 μόνον
516 1375 620 1432 τῶν
642 1368 932 1452 λεγομένων
949 1368 1154 1448 ἀνάγκη
1179 1369 1531 1446 ἐνθυμεῖσθαι,
1547 1367 1684 1427 ἀλλὰ

121 1463 212 1524 καὶ
255 1465 364 1522 τῶν
405 1459 692 1539 ἐσομένων·
775 1457 983 1517 ἅπαντα
1027 1455 1130 1538 γὰρ
1183 1453 1252 1516 τὰ
1293 1458 1344 1514 ἐν
1382 1455 1566 1538 ἀδήλῳ
1608 1453 1680 1513 ἔτ’

71 1583 96 1621 ⁸
121 1553 243 1611 ὄντα
263 1549 357 1610 ἐπὶ
376 1547 590 1629 τῇτύχῃ
611 1549 811 1626 μᾶλλον
829 1542 1143 1616 ἀνάκειταιῆ
1166 1549 1232 1624 τῇ
1257 1543 1490 1626 προνοίᾳ.
1513 1545 1679 1604 Ταῦτ’

121 1625 208 1699 οὗν
231 1634 482 1709 ἔκπληξιν
509 1633 712 1707 πολλὴν
748 1633 999 1715 παρέχειν
1021 1632 1226 1712 ἀνάγκη
1252 1633 1362 1692 ἐστὶ
1389 1637 1464 1716 τῷ
1492 1634 1680 1692 κινδυ-

121 1725 340 1787 νεύοντι.
427 1726 491 1804 (7)
508 1723 656 1804 Ὅρῶ
678 1723 782 1805 γὰρ
796 1719 958 1802 ἔγωγε
976 1722 1067 1782 καὶ
1093 1719 1211 1790 τοὺς
1240 1720 1383 1781 πάνυ
1411 1720 1685 1802 ἐμπείρους

123 1821 212 1874 τοῦ
243 1813 585 1892 ἀγωνίζεσθαι
605 1814 786 1893 πολλῷ
815 1814 990 1893 χεῖρον
1018 1813 1216 1870 ἑαυτῶν
1256 1809 1528 1889 λέγοντας,
1561 1810 1684 1869 ὅταν

124 1903 177 1962 ἔν
201 1925 306 1960 τινι
319 1898 541 1984 κινδύνῳ
560 1891 714 1960 ὦσιν·
741 1899 864 1958 ὅταν
886 1901 932 1958 δ’
953 1898 1074 1958 ἄνευ
1090 1897 1336 1959 κινδύνων
1364 1921 1416 1958 τι
1435 1896 1686 1979 διαπράσ-

125 2013 320 2050 σωνται
335 2035 354 2068 ,
386 1991 586 2068 μᾶλλον
613 1985 966 2069 ὀρθουμένους.
1051 1985 1122 2048 Ἥ
1151 1985 1245 2065 μὲν
1273 1977 1362 2046 οὗν
1390 1983 1612 2059 αἴτησις,
1641 1975 1685 2044 ὦ

125 2079 328 2159 ἄνδρες,
362 2077 454 2137 καὶ
481 2075 712 2156 νομίμως
737 2074 829 2135 καὶ
853 2073 1008 2143 ὁσίως
1031 2073 1246 2156 ἔχουσα,
1269 2075 1361 2135 καὶ
1383 2076 1437 2134 ἐν
1455 2078 1531 2156 τῷ
1557 2078 1684 2151 ὑμε-

125 2167 260 2249 τέρῳ
295 2164 487 2246 δικαίῳ
513 2167 612 2244 οὐχ
657 2157 819 2237 ’ἧσσον
841 2159 878 2235 ἢ
920 2166 974 2223 ἐν
1001 2165 1076 2243 τῷ
1103 2164 1235 2243 ε’μῷ.
1319 2162 1454 2245 Περὶ
1488 2162 1543 2222 δὲ
1579 2162 1682 2222 τῶν

53 2284 102 2322 1⁰
126 2252 572 2336 κατηγορημένων
601 2249 1005 2330 ἀπολογήσομαι
1037 2252 1156 2310 καθ’
1183 2249 1422 2312 ἕκαστον.

205 2363 250 2402 a.
281 2339 612 2426 Πρῶτονμὲν
627 2331 715 2399 οὖν
729 2385 748 2420 ,
762 2343 832 2408 ὣς
845 2338 1274 2421 παρανομώτατα
1291 2337 1383 2400 καὶ
1412 2338 1685 2419 βιαιότατα

128 2435 196 2500 εἰς
227 2430 380 2491 τόνδε
419 2429 508 2489 τὸν
549 2431 726 2508 ἀγῶνα
753 2425 1082 2502 καθέστηκα,
1107 2433 1262 2490 τοῦτο
1288 2431 1424 2505 ὑμᾶς
1465 2426 1685 2506 διδάξω,

128 2522 184 2578 οὗ
207 2522 286 2601 τῷ
315 2517 522 2602 φεύγειν
542 2516 606 2576 διν
627 2515 690 2576 τὸ
704 2517 901 2590 πλῆθος
915 2515 977 2576 τὸ
1000 2514 1247 2597 ὑμέτερον
1264 2561 1282 2594 ,
1301 2515 1415 2576 ἐπεὶ
1440 2513 1539 2575 κᾶν
1555 2518 1686 2576 ἀνω·

131 2607 304 2684 μότοις
329 2610 456 2682 ὑμῖν
503 2603 594 2664 καὶ
636 2603 709 2682 μὴ
755 2602 891 2663 κατὰ
921 2601 1080 2682 νόμον
1119 2604 1317 2681 μηδένα
1353 2603 1688 2686 ἐπιτρέψαιμι

129 2695 246 2776 περὶ
273 2699 368 2754 τοῦ
399 2692 640 2770 σώματος
665 2698 754 2753 τοῦ
795 2694 923 2770 ἐμοῦ
962 2692 1408 2775 διαψηφίσασθαι,
1452 2691 1602 2752 ἕνεκά
1628 2717 1688 2773 γε

131 2788 216 2842 τοῦ
237 2779 508 2841 πιστεύειν
539 2779 654 2858 ἐμοί
691 2801 750 2838 τε
774 2777 936 2856 μηδὲν
966 2777 1354 2860 ἐξημαρτῆσθαι
1381 2781 1454 2847 εἷς
1487 2779 1601 2840 τόδε
1628 2780 1689 2840 τὸ

132 2879 352 2952 πρᾶγμα
403 2867 497 2927 καὶ
530 2871 667 2946 ὑμᾶς
709 2865 1000 2946 γνώσεσθαι
1033 2864 1101 2925 τὰ
1145 2864 1320 2925 δίκαια
1336 2910 1355 2941 ,
1401 2866 1516 2926 ἀλλ’
1543 2867 1626 2927 ἵνα
1653 2859 1690 2950 ᾖ

61 2985 109 3026 ιιι
133 2957 394 3038 τεκμήρια
421 2959 546 3034 ὑμῖν
578 2954 670 3015 καὶ
694 2959 798 3014 τῶν
823 2955 995 3014 ἄλλων
1018 2953 1342 3035 πραγμάτοιν
1369 2958 1474 3014 τῶν
1508 2958 1578 3024 εἰς
1596 2955 1690 3035 ἐμὲ

133 3050 164 3118 ἡ
190 3045 390 3106 τούτων
421 3042 652 3124 βιαιότης
670 3042 760 3103 καὶ
783 3041 1106 3124 παρανομία.
1137 3041 1196 3122 (ν)
1229 3045 1447 3123 Πρῶτον
1475 3043 1570 3121 μὲν
1589 3044 1690 3126 γὰρ

135 3139 421 3212 κακοῦργος
469 3129 844 3210 ἐνδεδειγμένος
884 3128 1040 3210 φόνου
1067 3127 1216 3202 δίκην
1243 3129 1445 3210 φεύγω,
1474 3131 1504 3192 ὁ
1529 3131 1690 3200 οὐδεὶς

135 3219 330 3279 πώποτ’
362 3219 525 3279 ἔπαθε
554 3220 658 3278 τῶν
695 3219 750 3276 ἐν
776 3221 841 3296 τῇ
867 3222 936 3297 γῇ
976 3215 1164 3297 ταύτῃ.
1248 3217 1359 3278 Καὶ
1385 3223 1456 3286 ὡς
1496 3217 1592 3297 μὲν
1631 3221 1689 3280 οὐ

137 3308 418 3387 κακοῦργός
447 3309 557 3386 εἰμι
597 3306 909 3386 οὗδ’.·ἔνοχος
934 3309 1009 3386 τῷ
1031 3307 1134 3364 τῶν
1162 3305 1467 3386 κακούργων
1511 3306 1656 3389 νόμῳ
1673 3353 1690 3382 ,

141 3395 277 3456 αὐτοὶ
315 3386 462 3454 οὗτοι
496 3394 683 3455 τούτου
717 3393 971 3475 μάρτυρες
1002 3391 1327 3473 γεγένηνται.
1413 3394 1546 3475 Περὶ
1589 3395 1691 3476 γὰρ

139 3488 230 3544 τῶν
249 3485 492 3542 κλεπτῶν
514 3482 608 3542 καὶ
632 3483 943 3542 λωποδυτῶν
979 3485 1007 3540 ὁ
1033 3480 1189 3561 νόμος
1209 3485 1380 3540 κεῖται
1397 3525 1416 3558 ,
1445 3473 1517 3541 ὧν
1545 3481 1691 3542 οὐδὲν

61 3600 116 3638 20
141 3571 248 3648 ἐμοὶ
293 3569 491 3651 προσὸν
543 3569 838 3639 ἀπέδειξαν.
918 3567 1104 3635 Οὕτως
1147 3569 1219 3639 εἵς
1258 3593 1320 3648 γε
1359 3568 1554 3642 ταύτην
1597 3570 1692 3642 τὴν

143 3658 422 3738 ἀπαγωγὴν
450 3657 820 3736 νομιμωτάτην
852 3657 944 3717 καὶ
970 3658 1303 3730 δικαιοτάτην
1345 3657 1691 3731 πεποιήκασιν

143 3750 256 3823 ὑμῖν
301 3743 398 3817 τὴν
449 3745 772 3828 ἀποψήφισίν
815 3769 932 3823 μου.
1017 3745 1109 3824 (lo)
1167 3744 1316 3806 Φασὶ
1361 3745 1416 3805 δὲ
1441 3737 1508 3804 αὖ
1547 3745 1609 3805 τό
1635 3771 1692 3806 τε

145 3833 458 3894 ἀποκτείνειν
473 3832 608 3911 μέγα
633 3831 978 3912 κακούργημα
1009 3822 1170 3905 εἶναι,
1199 3832 1290 3891 καὶ
1317 3830 1421 3909 ἐγὼ
1454 3834 1692 3912 ὁμολογῶ

149 3919 378 4000 μέγιστόν
400 3943 463 3999 γε
479 3964 497 3995 ,
525 3919 617 3980 καὶ
643 3919 703 3979 τὸ
725 3920 1004 4001 ἱεροσυλεῖν
1041 3919 1131 3978 καὶ
1165 3919 1226 3978 τὸ
1263 3920 1560 4001 προδιδόναι
1598 3920 1692 3994 τὴν

149 4009 284 4068 πόλιν
303 4025 322 4044 ·
447 4003 584 4067 ἀλλὰ
627 4007 788 4089 χωρὶς
833 4007 955 4088 περὶ
992 4010 1160 4067 αὐτῶν
1188 4006 1410 4067 ἑκάστου
1455 4011 1502 4067 οἱ
1547 4008 1694 4087 νόμοι

151 4103 350 4154 κεῖνται.
435 4093 592 4172 Ἐμοὶ
636 4093 693 4153 δὲ
720 4097 923 4175 πρῶτον
952 4093 1047 4171 μὲν
1060 4138 1077 4169 ,
1101 4085 1160 4152 οὗ
1185 4099 1296 4162 τοῖς
1316 4094 1492 4162 ἄλλοις
1526 4095 1692 4176 εἵργε-

154 4188 259 4241 εθαι
321 4180 730 4262 προαγορεύουσι
783 4187 889 4251 τοῖς
935 4188 1028 4242 τοῦ
1085 4180 1239 4262 φόνου
1301 4181 1546 4264 φεύγωσι
1603 4183 1696 4252 τὰς

156 4269 314 4348 δίκας,
347 4271 586 4328 ἐνταυθοῖ
621 4269 945 4342 πεποιήκασι
992 4269 1088 4343 τὴν
1128 4269 1326 4352 κρίσιν,
1375 4273 1427 4328 ἐν
1463 4273 1528 4350 τῇ
1566 4271 1695 4349 ἀγο-

81 4383 134 4424 n
161 4367 219 4439 ρᾷ
233 4375 246 4391 ·
323 4357 506 4416 ἔπειτα
534 4356 746 4434 τίμησίν
787 4379 877 4436 μοι
925 4357 1176 4430 ἐποίησαν
1191 4402 1208 4433 ,
1242 4363 1332 4417 τοῦ
1379 4356 1538 4435 νόμου
1583 4381 1697 4417 κει-

161 4445 298 4521 μένου
329 4444 416 4504 τὸν
465 4443 842 4504 ἀποκτείναντα
898 4447 1273 4506 ἀνταποθανεῖν
1291 4491 1308 4524 ,
1353 4447 1412 4505 οὗ
1461 4450 1551 4505 τοῦ
1579 4445 1697 4523 ἐμοὶ

163 4531 491 4614 συμφέροντος
508 4531 681 4605 ἕνεκα,
705 4529 842 4593 ἀλλὰ
854 4539 946 4593 τοῦ
975 4533 1146 4616 σφίσιν
1172 4535 1346 4602 αὐτοῖς
1371 4534 1695 4594 λυσιτελοῦν-

163 4643 236 4686 τος
267 4665 283 4694 ,
329 4619 421 4680 καὶ
483 4623 704 4680 ἐνταῦθα
760 4621 982 4681 ἔλασσον
1043 4622 1252 4697 ἔνειμαν
1312 4625 1388 4703 τῷ
1432 4619 1697 4692 τεθνηκότι

165 4699 250 4765 τῶν
293 4712 343 4768 ἐν
390 4712 467 4789 τῷ
492 4709 642 4790 νόμῳ
691 4709 971 4787 κειμένων·
1055 4700 1114 4768 οὗ
1143 4711 1189 4768 δ’
1228 4707 1406 4786 ἕνεκα,
1441 4705 1698 4786 γνώσεσθε

163 4797 402 4876 προίόντος
423 4801 520 4858 τοῦ
541 4797 720 4876 λόγου.
805 4799 894 4876 (ιι)
915 4793 1143 4858 Ἔπειτα
1171 4795 1300 4870 δέ,ὃ
1327 4797 1524 4862 πάντας
1551 4787 1699 4873 οἶμαι

163 4885 280 4956 ὑμᾶς
319 4883 660 4958 ἐπίστασθαι,
709 4883 919 4944 ἅπαντα
946 4884 1014 4944 τὰ
1053 4883 1364 4964 δικαστήρια
1388 4887 1440 4943 ἐν
1465 4883 1700 4965 ὑπαίθρῳ

171 4967 340 5038 δικάζει
355 4971 450 5040 τὰς
476 4969 628 5038 δίκας
652 4975 743 5029 τοῦ
764 4969 920 5051 φόνου
939 5017 956 5049 ,
979 4970 1180 5039 οὐδενὸς
1207 4971 1366 5029 ἄλλου
1387 4971 1536 5030 ἕνεκα
1557 4969 1592 5042 ἢ
1613 4968 1699 5030 ἵνα

89 5077 146 5118 ἰο
173 5060 297 5113 τοῦτο
319 5056 410 5134 μὲν
433 5061 482 5118 οἱ
509 5057 758 5118 δικασταὶ
783 5057 856 5136 μὴ
881 5057 1028 5118 ἴωσιν
1049 5060 1121 5125 εἷς
1142 5057 1202 5116 τὸ
1230 5056 1356 5117 αὐτὸ
1383 5061 1489 5126 τοῖς
1511 5057 1588 5135 μὴ
1611 5081 1702 5118 κα-

175 5148 317 5221 θιροῑς
351 5144 444 5214 τὰς
469 5149 685 5227 χεῖρας,
729 5151 881 5204 τοῦτο
915 5145 968 5204 δὲ
1010 5149 1038 5204 ὁ
1067 5144 1264 5204 διώκων
1309 5143 1404 5217 τὴν
1437 5145 1580 5218 δίκην
1609 5152 1700 5204 τοῦ

177 5229 319 5306 φόνου,
344 5231 428 5292 ἵνα
454 5233 532 5313 μὴ
558 5231 851 5315 ὁμωρόφιος
873 5232 1171 5315 γίνηταιτῷ
1204 5231 1440 5313 αὐθέντῃ.
1523 5232 1600 5294 Σὺ
1648 5232 1702 5293 δὲ

1103 437 1620 502 ΔΝΤῙΡΗΟΝΤ18
1660 437 1947 500 ORATIO
1990 437 2064 500 V.
3238 450 3315 504 25

1767 582 1862 633 hoc
1902 595 1993 634 vos
2020 579 2225 646 rogabo,
2260 579 2319 632 ut
2356 579 2398 632 ai
2431 579 2548 644 quid
2586 580 2760 644 linguan
2812 580 2948 633 labor
2982 594 3171 648 errore,
3204 585 3331 642 ,mihae

1769 669 2055 734 ignoscatis,
2092 669 2445 732 existimantes,
2468 682 2573 733 me,
2598 669 2732 734 quod
2764 683 2858 721 usu
2893 669 3081 722 dicendi
3107 685 3328 736 caream,

1769 758 1957 822 potius,
1984 771 2131 822 quam
2152 757 2285 822 quod
2306 757 2565 808 sceleratus
2588 758 2709 822 sim,
2728 771 2975 822 peccasse;
2994 761 3045 811 et
3068 773 3265 825 rursus,
3292 762 3331 816 si

1773 845 1892 910 quid
1915 845 2045 895 recte
2065 845 2231 895 dixero
2246 881 2262 908 ,
2294 827 2441 894 velim
2466 857 2555 895 vos
2584 843 2633 894 id
2668 845 2737 894 rei
2765 847 2911 908 geste
2937 845 3129 898 veritati
3146 848 3331 912 potius,

1767 946 1916 997 quam
1964 932 2206 984 racundiae
2242 932 2496 996 imputare.
2585 934 2709 984 Nam
2750 931 2936 995 iustum
2971 947 3071 984 non
3095 935 3169 984 est
3182 971 3198 998 ,
3218 948 3333 987 eum

1769 1035 1854 1086 qui
1871 1022 2010 1072 factis
2022 1022 2240 1086 peccavit
2264 1020 2329 1071 ob
2350 1021 2499 1071 verba
2511 1021 2698 1070 salvum
2728 1020 2996 1085 discedere,
3016 1035 3175 1086 neque
3190 1036 3333 1088 eum,

1771 1109 1910 1173 quus
1925 1110 2088 1174 proba
2121 1110 2248 1160 sacta
2272 1109 2397 1172 sint,
2437 1108 2501 1159 ob
2523 1108 2675 1159 verba
2710 1120 2825 1160 eum
2852 1109 3160 1162 condemnari
3186 1125 3335 1164 :ver-

1769 1199 1890 1250 bum
1907 1199 2035 1249 enim
2060 1197 2235 1262 linguae
2247 1234 2263 1260 ,
2296 1198 2482 1248 facinus
2502 1197 2681 1248 mentis
2696 1211 2829 1248 error
2842 1199 2931 1249 ost.
2996 1199 3065 1262 (6)
3098 1201 3337 1252 Praeterea

1769 1299 1963 1338 necesse
1978 1288 2052 1338 est
2082 1286 2327 1337 hominem
2352 1285 2522 1350 capitis
2538 1285 2615 1336 sui
2636 1298 2831 1336 causam
2848 1287 3069 1349 agentem
3090 1287 3335 1340 interdum

1769 1375 1882 1426 labi.
1901 1376 2104 1439 oportet
2122 1375 2253 1426 enim
2266 1373 2369 1437 eius
2384 1373 2537 1424 menti
2556 1373 2802 1424 obversari
2816 1387 2915 1424 non
2930 1375 3087 1426 solum
3103 1375 3333 1440 dicenda,

1771 1463 1851 1512 sed
1876 1463 2021 1514 etiam
2039 1475 2197 1514 causae
2224 1463 2469 1514 eventum.
2513 1465 2625 1512 Jam
2648 1475 2802 1525 quum
2818 1474 2931 1525 quae
2951 1462 3155 1514 obscura
3174 1462 3334 1516 adhuc

1769 1553 1908 1614 sunt,
1931 1552 2122 1601 fortuna
2149 1549 2300 1614 magis
2324 1563 2473 1614 quam
2499 1549 2697 1601 consilio
2731 1551 3077 1614 gubernentur,
3109 1564 3335 1615 magnam

1771 1640 1877 1690 haec
1893 1638 2301 1703 perturbationem
2326 1639 2523 1702 injicere
2540 1639 2691 1690 menti
2708 1638 2941 1704 cujusque
2956 1652 3046 1704 pro
3066 1653 3118 1690 se
3135 1640 3337 1693 dicentis

1771 1729 2149 1779 consentaneum
2185 1729 2274 1779 est.
2356 1727 2425 1792 (7)
2463 1730 2587 1779 Nam
2621 1727 2762 1779 video
2798 1740 2886 1792 ego
2917 1727 2993 1779 vel
3028 1729 3337 1792 peritissimos

1769 1818 1982 1868 oratores
2006 1817 2161 1868 multo
2191 1817 2353 1886 minus
2372 1816 2497 1868 bene
2528 1815 2685 1868 dicere
2710 1817 2751 1867 si
2768 1815 2859 1880 ipsi
2874 1817 2927 1867 in
2950 1815 3222 1870 discrimine
3243 1817 3334 1869 ali·

1771 1919 1871 1970 quo
1905 1906 2175 1968 versantur3
2192 1905 2266 1955 sin
2282 1905 2463 1968 absque
2486 1915 2577 1956 suo
2590 1904 2802 1968 periculo
2823 1917 3019 1956 causam
3042 1906 3212 1971 agant,
3231 1920 3335 1959 rem

1773 2006 1936 2058 gerere
1954 1992 2156 2043 felicius.
2238 1992 2503 2044 postulatio
2531 1993 2697 2057 itaque
2720 2006 2831 2044 mea
2850 1994 2959 2044 haic
2980 1995 3055 2046 est
3082 1995 3263 2059 legibus
3284 1997 3337 2048 et

1769 2081 2099 2132 sanctimoniae
2130 2081 2428 2132 consentiens
2443 2118 2459 2144 ,
2482 2081 2534 2132 et
2562 2094 2661 2132 non
2691 2093 2849 2132 meam
2877 2082 3028 2146 magis
3058 2095 3206 2146 quam
3248 2096 3335 2134 ve·

1773 2171 1925 2221 stram
1951 2182 2203 2234 personam
2226 2169 2417 2222 decena.
2438 2171 2607 2234 Capita
2626 2183 2743 2220 vero
2764 2171 3078 2222 accusationis
3097 2171 3335 2236 sigillatim

1771 2272 1880 2310 sum
1897 2259 2255 2323 persecuturus.
2696 2275 2705 2296 τ
2752 2265 2785 2306 ,4
2802 2267 2841 2304 ι.

1834 2353 1881 2398 8.
1902 2346 2121 2398 Primum
2136 2347 2233 2398 hoc
2245 2359 2335 2397 vos
2344 2345 2530 2398 docebo
2540 2381 2557 2409 ‚
2572 2359 2763 2398 sumina
2778 2359 2893 2397 cum
2906 2347 3067 2411 legum
3080 2347 3339 2405 violatione

1771 2447 2057 2499 summaque
2078 2447 2191 2486 cum
2217 2434 2448 2485 violentia
2476 2447 2557 2485 me
2577 2433 2627 2485 in
2654 2434 2749 2485 hoc
2775 2436 3021 2488 certamen
3048 2436 3191 2490 fuisse
3214 2450 3334 2488 con-

1770 2523 1955 2587 jectum
1970 2537 2095 2586 ςιιοιι
2102 2522 2235 2586 quod
2243 2522 2483 2586 defugiam
2493 2524 2786 2575 conventum
2794 2525 3011 2576 vestrum
3023 2543 3036 2575 ε
3050 2524 3181 2588 (nam
3190 2525 3335 2578 etiam

1773 2611 1996 2676 iniuratia
2025 2611 2173 2672 vohis,
2190 2625 2281 2661 nec
2302 2625 2365 2661 ex
2382 2610 2499 2674 legis
2536 2611 2745 2662 formula
2778 2612 3108 2676 iudicantibus
3135 2614 3336 2666 libenter

1779 2713 1979 2751 causam
1998 2700 2167 2763 capitis
2178 2699 2275 2750 mei
2294 2699 2615 2763 permissurus
2626 2713 2777 2752 essem
2791 2738 2808 2765 ,
2824 2715 2977 2765 quum
2986 2703 3205 2754 conscius
3218 2703 3339 2754 mihi

1773 2788 2004 2840 simnihil
2030 2789 2543 2853 mepeccasse,atque
2568 2802 2656 2840 vos
2680 2803 2793 2854 quoe
2817 2789 2947 2853 iusta
2978 2791 3076 2843 sint
3101 2805 3203 2844 esse
3227 2807 3339 2858 prc-

1773 2876 2106 2940 nuntiaturos)
2129 2896 2142 2928 =
2179 2877 2267 2928 sed
2293 2890 2351 2927 eo
2373 2877 2602 2941 consilio,
2638 2878 2697 2929 ut
2718 2878 2947 2930 violentia
2972 2879 3063 2932 ista
3082 2880 3341 2946 legumque

1774 2967 2079 3028 contemptus
2112 2965 2256 3016 etiam
2291 2966 2561 3015 cet-erorum
2573 3001 2589 3027 ,
2625 2978 2737 3028 qum
2767 2967 2820 3016 in
2849 2979 2930 3017 me
2964 2969 3339 3035 commiserunt,

1774 3053 1870 3105 nint
1887 3051 2194 3102 documenta.
2261 3051 2327 3114 (9)
2347 3051 2559 3101 Primum
2574 3051 2718 3115 igitur
2744 3066 2899 3117 quum
2924 3056 3175 3118 tamquam
3196 3059 3340 3110 male·

1775 3143 1897 3192 licus
1930 3140 2121 3191 delatus
2159 3152 2339 3202 essem,
2372 3139 2475 3201 iam
2502 3138 2748 3190 homicidii
2787 3153 2984 3192 causam
3022 3141 3233 3194 sustineo
3245 3159 3261 3205 ;
3290 3143 3338 3194 id

1774 3228 1908 3292 quod
1924 3227 2109 3279 nemini
2127 3241 2345 3291 unquam
2362 3228 2413 3277 in
2443 3227 2535 3277 hac
2550 3227 2679 3278 terra
2696 3227 2888 3279 accidit.
2955 3230 3027 3279 Eo
3051 3231 3215 3282 tamen
3247 3231 3340 3296 ipsi

1775 3317 1997 3367 auctores
2020 3316 2169 3379 atque
2192 3316 2343 3366 testes
2378 3315 2492 3366 raeti
2523 3317 2638 3366 sunt
2680 3328 2760 3366 me
2788 3315 3062 3368 maleficum
3100 3331 3199 3370 non
3239 3332 3343 3372 ease

1775 3420 1935 3471 neque
1951 3407 2055 3470 lege
2067 3407 2118 3456 in
2134 3405 2379 3456 maleficos
2396 3405 2493 3456 lata
2508 3406 2661 3458 teneri
2676 3423 2691 3469 3
2711 3420 2825 3471 quoe
2844 3406 2928 3457 lex
2944 3420 3098 3470 quum
3115 3408 3251 3458 notet
3268 3407 3342 3458 fu·

1777 3507 1854 3545 res
1871 3496 1921 3545 et
1934 3493 2295 3546 manticularios
2311 3531 2326 3556 ,
2346 3507 2461 3544 cum
2480 3493 2658 3557 quibus
2674 3493 2793 3544 mihi
2811 3507 3069 3545 commune
3080 3495 3343 3559 quicquam

1777 3595 1878 3632 esse
1887 3595 1987 3632 uon
1994 3582 2264 3644 docuerint,
2274 3581 2555 3643 effecerunt,
2565 3582 2623 3632 ut
2629 3581 2767 3632 vobis
2780 3581 2925 3632 liceat
2932 3582 3169 3634 sententia
3176 3583 3345 3647 aequia·

1778 3671 1898 3721 sima
1909 3670 2227 3732 etiustissima
2244 3682 2275 3719 a
2289 3669 2489 3720 crimine
2501 3682 2581 3720 me
2597 3668 2861 3733 absolvere,
2878 3670 3019 3734 cujus
3042 3670 3245 3722 obtentu
3258 3708 3273 3735 ,
3286 3671 3341 3724 hi

1779 3771 1859 3808 me
1868 3759 2101 3808 curamnt
2118 3757 2169 3808 in
2186 3768 2427 3808 carcerem
2454 3757 2811 3808 abducendum.
2833 3757 2932 3821 (10)
2945 3760 3056 3808 Jam
3068 3771 3183 3809 vero
3201 3759 3339 3810 aiunt

1780 3845 2090 3896 homicidium
2107 3858 2301 3909 quoque
2318 3858 2546 3908 magnum
2567 3858 2669 3896 esse
2694 3845 2986 3896 maleficium
3010 3863 3023 3897 ι
3044 3859 3163 3896 sane
3193 3847 3345 3898 fateor

1780 3933 1857 3984 vel
1875 3935 2141 3984 maximum
2158 3947 2262 3984 esse
2278 3933 2419 3984 sicuti
2428 3933 2727 3996 sacrileffl'um
2740 3935 2791 3984 et
2806 3933 3127 3997 proditionem
3146 3935 3311 3998 patriae
3329 3954 3341 3986 ι

1779 4023 1832 4072 at
1848 4020 2111 4084 peculiares
2130 4021 2193 4072 de
2214 4034 2507 4085 unoquoque
2523 4020 2699 4070 horum
2712 4021 2969 4071 criminum
2986 4020 3113 4083 leges
3132 4023 3342 4072 exstant.

1785 4111 1935 4160 Porro
1963 4108 2093 4158 unde
2118 4108 2359 4157 abstinere
2376 4121 2429 4158 se
2448 4107 2531 4158 alii
2553 4106 2810 4157 homicidae
2823 4106 3075 4171 jubentur,
3096 4107 3165 4162 ibi
3187 4107 3239 4157 hi
3264 4121 3345 4159 me

1781 4197 2091 4260 insectantur,
2116 4195 2167 4245 in
2192 4195 2296 4246 soro
2315 4195 2553 4245 videlicet.
2618 4194 2771 4246 Iidem
2796 4207 2893 4245 aere
2910 4194 3043 4245 litem
3076 4195 3196 4245 mihi
3213 4197 3345 4246 msti-

1785 4285 2007 4346 marunt,
2044 4282 2235 4335 tametsi
2270 4283 2353 4332 lex
2401 4281 2559 4332 edicat
2584 4283 2641 4333 ut
2693 4280 2921 4344 sanguine
2963 4283 3120 4334 caedes
3157 4283 3345 4347 luatur-3

1784 4371 1931 4436 idque
1955 4384 2055 4422 non
2077 4370 2319 4422 commodi
2338 4369 2453 4433 mei,
2471 4369 2553 4420 sed
2572 4371 2647 4420 sui
2664 4370 2787 4420 lucri
2814 4382 2958 4421 causa
2980 4371 3235 4436 facientes,
3254 4372 3346 4422 mi-

1783 4473 1876 4511 nus
1893 4473 2039 4524 quam
2058 4459 2276 4522 flagitant
2292 4459 2422 4522 leges
2449 4457 2673 4509 Manibus
2690 4459 2929 4523 perempti
2953 4461 3179 4512 tribuere.
3247 4464 3349 4513 cur

1785 4549 1949 4598 autem
1972 4547 2042 4599 ita
2064 4547 2274 4612 egerint,
2298 4548 2517 4599 oratione
2540 4548 2827 4611 procedente
2849 4549 2899 4600 id
2921 4550 3211 4613 intelligetis.
3246 4549 3346 4613 (ιι)

1784 4637 1908 4685 Tum
1923 4672 1940 4698 ,
1960 4635 2110 4686 nostis
2135 4649 2221 4686 vos
2233 4672 2249 4698 ,
2273 4636 2446 4699 opinor
2463 4650 2633 4688 omnes
2650 4636 2836 4700 judicia
2858 4637 3004 4689 caedis
3020 4638 3183 4689 haberi
3196 4639 3349 4692 solere

1784 4724 1876 4774 sub
1898 4724 1979 4773 dio
1995 4761 2011 4786 ,
2046 4723 2179 4775 nulla
2211 4725 2304 4775 alia
2337 4724 2397 4775 de
2426 4737 2600 4788 causa,
2632 4739 2781 4789 quam
2801 4763 2816 4788 ,
2850 4739 2949 4789 quo
2978 4741 3135 4791 neque
3166 4727 3349 4792 judices

1786 4812 1957 4863 eodem
1978 4811 2085 4861 loco
2116 4824 2231 4862 cum
2264 4812 2322 4864 iis
2356 4813 2673 4876 conveniant,
2703 4813 2881 4878 quihus
2904 4814 3102 4878 polluloe
3126 4817 3224 4867 sint
3244 4829 3348 4867 ma-

1785 4912 1904 4961 nus,
1938 4911 2095 4962 neque
2134 4899 2383 4949 accusator
2417 4912 2533 4949 cum
2572 4898 2815 4950 homicida
2840 4900 3011 4951 eodem
3042 4903 3171 4953 tecto
3198 4903 3350 4952 conti·

1787 4989 1979 5038 neatur.
2048 4991 2121 5038 Tu
2157 5000 2301 5052 vero,
2345 4986 2397 5037 id
2420 4987 2689 5051 negligens,
2726 4990 3026 5040 contrarium
3053 4991 3195 5053 plane
3226 4991 3348 5040 mori

1788 5077 1973 5139 vulgari
2006 5076 2174 5126 fecisti.
2256 5079 2403 5127 Porro
2438 5059 2693 5140 oportebat
2734 5078 2785 5128 te
2826 5078 3161 5141 jusjurandum
3192 5079 3349 5130 dicere

1788 5163 2119 5226 gravissimum
2150 5165 2297 5228 atque
2334 5164 2673 5228 sacerrimum,
2708 5178 2807 5228 quo
2842 5165 3097 5227 perniciem
3124 5165 3213 5215 tihi
3239 5165 3351 5216 libe·

1792 5252 1955 5315 risque
1976 5251 2072 5303 tuis
2094 5254 2145 5302 et
2173 5253 2386 5316 cognatis
2412 5253 2771 5318 imprecareris,
2790 5253 2829 5304 si
2862 5253 3065 5306 aliorum
3082 5265 3163 5308 me
3184 5255 3235 5308 iu
3255 5254 3347 5307 hac
