3825 5842
403 423 472 476 ιε
1434 415 1947 476 ΑΝτιψαΝτοΣ
1987 417 2308 481 ΤΕΤΡΑΛ.
2351 422 2435 495 Β,
2484 427 2537 502 ρ.
2648 363 2653 366 ¹

392 541 496 600 λων
533 547 834 622 μαρτυρεῖν,
863 538 1009 603 οὐδὲν
1045 539 1342 617 θαυμαστὸν
1379 541 1567 602 ἔπαθεν
1595 543 1696 602 ὑπὸ
1718 547 1820 603 τῶν
1850 567 1947 604 κυι-

397 627 520 709 ρίων
560 630 759 708 ἐχθρῶν
796 650 885 705 μοι
921 626 1080 687 ὄντων
1109 627 1334 696 πεισθεὶς
1371 629 1788 710 καταψεύδεσθαί
1826 653 1944 708 μου·

312 736 341 776 ⁸
392 713 496 794 ἐγώ
522 737 580 774 τε
614 716 777 774 ἅνόσι’
808 715 871 774 ἂν
911 714 1204 795 πάσχοιμι,
1236 719 1280 774 εἶ
1317 716 1392 795 μὴ
1437 721 1632 784 πιστῶς
1665 741 1945 797 καταμαρ-

392 802 628 882 τυρηθεὶς
655 802 987 885 διαφθαρείην
1015 807 1099 884 ὑφ’
1123 806 1290 880 ὑμῶν.
1351 803 1416 884 (ιι)
1443 803 1536 876 Μὴ
1561 805 1946 886 παραγενέσθαι

393 891 456 952 δέ
477 915 544 970 με
571 896 648 973 τῷ
671 891 810 974 φόνῳ
839 891 1180 970 ἀπιστότερον
1205 893 1242 962 ἢ
1275 891 1658 970 παραγενέσθαι
1687 893 1841 974 φασὶν
1870 884 1949 950 εἶ-

392 996 501 1039 ναι·
523 978 626 1058 ἐγὼ
659 979 704 1038 δ’
733 982 828 1038 οὐκ
855 981 915 1039 ἐκ
939 983 1040 1038 τῶν
1069 978 1298 1051 εἰκότων,
1327 979 1442 1037 ἀλλ’
1475 979 1610 1060 ἔργῳ
1642 979 1861 1053 δηλώσω
1887 981 1945 1038 οὐ

391 1066 823 1150 παραγενόμενος.
932 1065 1154 1127 Ὁπόσοι
1197 1063 1301 1146 γὰρ
1345 1067 1516 1127 δοῦλοι
1563 1067 1599 1138 ἢ
1641 1067 1822 1127 δοῦλαί
1857 1089 1948 1144 μοι

395 1153 524 1228 εἶσί,
551 1154 752 1222 πάντας
771 1154 1107 1235 παραδίδωμι
1132 1153 1434 1230 βασανίσαι·
1468 1155 1558 1213 καὶ
1587 1154 1676 1214 ἐὰν
1700 1155 1772 1233 μὴ
1800 1157 1948 1236 φανῶ

392 1242 557 1322 ταύτῃ
584 1246 651 1322 τῇ
671 1241 818 1302 νυκτὶ
841 1245 894 1302 ἐν
924 1241 1052 1323 οἴκῳ
1087 1240 1350 1300 καθεύδων
1373 1241 1409 1312 ἢ
1437 1241 1652 1312 ἐξελθών
1675 1266 1766 1302 ποι
1783 1291 1800 1322 ,
1819 1246 1949 1320 ὃμο-

315 1348 368 1389 ιο
393 1333 530 1409 λογῶ
545 1329 722 1413 φονεὺς
749 1321 899 1390 εἶναι.
921 1327 996 1390 Ἡ
1023 1328 1078 1386 δὲ
1105 1327 1193 1398 νὺξ
1220 1330 1316 1388 οὐκ
1333 1329 1549 1406 ἄσημος·
1573 1332 1679 1398 τοῖς
1697 1331 1799 1413 γὰρ
1826 1335 1949 1392 Διι-

391 1417 587 1485 πολίοις
608 1421 637 1476 ὃ
651 1415 783 1499 ἀνὴρ
810 1415 1054 1478 ἀπέθανε.
1080 1416 1144 1495 (ν)
1172 1415 1308 1496 Περὶ
1329 1417 1382 1476 δὲ
1401 1423 1494 1490 τῆς
1514 1418 1861 1496 εὐδαιμονίας,
1884 1415 1949 1494 ἧς

392 1504 544 1566 ἕνεκα
577 1503 838 1588 τρίμοντᾶ
880 1503 950 1582 μέ
975 1527 1132 1586 φασιν
1180 1503 1388 1570 εἰκότως
1429 1505 1732 1564 ἀποκτεῖναι
1771 1507 1948 1583 αὐτόν,

390 1592 524 1654 πολὺ
553 1591 806 1652 τάναντία
835 1591 965 1653 ἐστί.
1048 1592 1178 1658 Τοῖς
1217 1591 1318 1671 γὰρ
1346 1595 1597 1672 ἀτυχοῦσι
1637 1595 1949 1675 νεωτερίζειν

393 1681 661 1762 συμφέρει·
686 1682 746 1739 ἐκ
767 1677 868 1762 γὰρ
886 1683 988 1738 τῶν
1013 1678 1318 1755 μεταὸολῶν
1337 1679 1566 1750 ἐπίδοξος
1594 1685 1626 1753 ἡ
1654 1681 1950 1762 δυσπραγία

393 1766 742 1848 μεταὸἄλλειν
768 1769 936 1826 αὐτῶν
965 1765 1095 1826 ἐστί·
1123 1776 1228 1835 τοῖς
1251 1766 1304 1826 δὲ
1331 1761 1632 1848 εὐωχοῦσιν
1659 1772 1947 1851 ἀτρεμίζειν

393 1855 483 1917 καὶ
509 1853 791 1938 φυλάσσειν
820 1854 917 1926 τὴν
939 1859 1208 1935 παροῦσαν
1233 1854 1538 1936 εὐπραγίαν,
1559 1857 1949 1936 μεθισταμένων

394 1942 450 2003 δὲ
481 1947 586 2004 τῶν
631 1941 960 2025 πραγμάτων
1006 1942 1277 2022 δυστυχεῖς
1313 1940 1368 2011 ἐξ
1413 1942 1764 2023 εὐτυχούντων
1800 1946 1947 2006 καθί·

315 2050 366 2092 1⁶
397 2053 634 2093 στανται.
719 2030 820 2111 (10)
845 2030 948 2090 Ἐκ
975 2026 1030 2088 δὲ
1057 2033 1160 2088 τῶν
1183 2027 1396 2089 εἰκότων
1418 2029 1852 2112 προσποιούμενοί
1878 2058 1949 2111 με

395 2115 647 2197 ἐλέγχειν,
669 2119 764 2176 οὐκ
789 2116 1028 2188 εἰκότως,
1061 2117 1176 2176 ἀλλ’
1203 2115 1360 2184 ὄντως
1399 2116 1554 2199 φονέα
1581 2118 1649 2196 μέ
1691 2142 1820 2200 φασι
1856 2125 1947 2179 τοῦ

395 2205 578 2286 ἀνδρὸς
605 2197 758 2267 εἶναι.
840 2203 930 2266 Τὰ
957 2204 1011 2264 δὲ
1051 2203 1226 2264 εἰκότα
1256 2203 1394 2264 ἄλλα
1424 2204 1551 2287 πρὸς
1582 2209 1710 2284 ἐμοῦ
1748 2208 1948 2284 μᾶλλον

395 2292 774 2370 ἀποδέδεικται,
804 2291 948 2355 ὄντα.
1027 2289 1103 2353 'O
1151 2316 1208 2351 τε
1242 2291 1346 2372 γὰρ
1389 2298 1807 2376 καταμαρτυρῶν
1848 2318 1948 2372 μου

395 2381 609 2449 ἄπιστος
632 2379 940 2459 ἐλήλεγκται
979 2377 1073 2454 ὤν,
1111 2378 1143 2438 ὅ
1169 2403 1228 2439 τε
1253 2379 1464 2460 ἔλεγχος
1502 2383 1596 2440 οὐκ
1643 2379 1770 2440 ἔστι·
1796 2383 1865 2441 τά
1892 2407 1950 2443 τε

393 2467 654 2549 τεκμήρια
681 2467 816 2547 ἐμά,
863 2470 919 2527 οὐ
946 2467 1130 2528 τούτου
1168 2467 1296 2528 ὄντα
1338 2469 1602 2540 ἐδήλωσα·
1636 2470 1704 2529 τά
1732 2493 1788 2529 τε
1824 2468 1949 2551 ἴχνη

392 2561 484 2617 τοῦ
511 2556 666 2638 φόνου
693 2559 785 2617 οὐκ
813 2557 884 2623 εἰς
915 2553 1010 2634 ἐμὲ
1037 2554 1290 2637 φέροντα,
1317 2557 1434 2615 ἀλλ’
1473 2559 1544 2624 εἰς
1569 2557 1689 2625 τοὺς
1730 2560 1948 2618 ἂπολυο·

251 2708 258 2732 ι
395 2642 576 2723 μόνους
596 2643 957 2704 ἀποδέδεικται
988 2646 1079 2702 ὑπ’
1109 2645 1302 2706 αὐτῶν.
1385 2642 1609 2704 Πάντων
1639 2643 1694 2702 δὲ
1725 2648 1827 2704 τῶν
1854 2668 1950 2705 κα·

317 2753 372 2795 so
392 2728 779 2812 τηγορηθίντων
807 2729 1039 2789 ἀπίστων
1067 2729 1433 2809 ἐλεγχθέντων,
1461 2732 1555 2789 οὐκ
1582 2728 1672 2789 ἐὰν
1695 2730 1949 2811 ἅποφύγω

393 2821 490 2879 οὐκ
516 2817 656 2877 ἔστιν
691 2815 743 2886 ἐξ
765 2809 840 2878 ὧν
867 2815 1276 2897 ἐλεγχθήσονται
1311 2819 1358 2877 οἱ
1386 2823 1805 2896 κακουργοῦντες,
1830 2821 1946 2878 ἀλλ’

394 2905 484 2967 ἐὰν
507 2907 768 2986 ἐλεγχθῶ,
797 2903 1012 2983 οὐδεμία
1055 2903 1313 2984 ἀπολογία
1341 2909 1448 2972 τοῖς
1478 2904 1812 2984 διωκομένοις
1854 2909 1947 2988 ἀρ-

393 2992 561 3054 κοῦσᾶ
597 2995 758 3054 ἐστιν.
1112 3007 1124 3017 “

485 3101 555 3142 11.
583 3080 741 3142 Οὕτω
764 3078 819 3139 δὲ
837 3079 1029 3149 ἀδίκως
1048 3077 1320 3148 διώκοντές
1346 3104 1412 3159 με
1440 3081 1587 3141 αὐτοὶ
1614 3080 1710 3160 μὲν
1733 3081 1950 3148 ἀνοσίως

394 3172 698 3230 ἀποκτεῖναι
729 3171 1000 3242 ζητοῦντες
1037 3166 1258 3248 καθαροί
1297 3191 1454 3250 φασιν
1483 3159 1641 3242 εἶναι,
1679 3168 1773 3248 ἐμὲ
1800 3167 1855 3227 δὲ
1893 3167 1949 3235 ὃς

395 3257 626 3318 εὐσεὸεῑν
655 3260 790 3335 ὑμᾶς
815 3255 1007 3330 πείθω,
1033 3255 1216 3315 ἀνόσια
1253 3257 1380 3338 δρᾶν
1407 3256 1669 3336 λέγουσιν·
1759 3256 1864 3334 ἐγὼ
1892 3254 1947 3314 δὲ

396 3343 620 3426 καθαρὸς
662 3341 734 3402 ὢν
763 3341 968 3400 πάντων
1009 3346 1114 3401 τῶν
1153 3341 1500 3422 ἐγκλημάτων
1537 3339 1668 3423 ὑπὲρ
1714 3344 1944 3419 ἐμαυτοῦ

315 3449 369 3491 25
397 3430 706 3504 ἐπισκήπτω
735 3431 989 3490 αἰδεῖσθαι
1010 3428 1105 3501 τὴν
1141 3432 1246 3488 τῶν
1271 3428 1432 3507 μηδὲν
1462 3429 1771 3489 ἀδικούντων
1801 3427 1945 3488 εὐσέ-

397 3519 563 3593 ὅειαν,
611 3517 740 3601 ὑπὲρ
783 3517 838 3577 δὲ
877 3523 970 3576 τοῦ
1015 3517 1356 3584 ἀποθανόντος
1399 3518 1810 3596 ἀναμιμνήσκων
1852 3515 1947 3588 τὴν

395 3607 581 3679 ποινὴν
615 3609 856 3686 παραινῶ
884 3609 1006 3683 ὑμῖν
1052 3603 1126 3683 μὴ
1161 3603 1250 3664 τὸν
1293 3604 1525 3664 ἀναίτιον
1554 3604 1949 3671 καταλαὸόντας

395 3695 483 3755 τὸν
507 3694 670 3754 α’ίτιον
690 3696 920 3776 ἀφεῖναι·
943 3693 1285 3761 ἀποθανόντος
1305 3691 1406 3773 γὰρ
1429 3695 1556 3771 ἐμοῦ
1581 3693 1744 3760 οὐδεὶς
1767 3692 1842 3751 ἐτι
1861 3693 1949 3752 τὸν

398 3783 562 3843 αἴτιον
589 3782 819 3856 ζητήσει.
906 3779 994 3862 (12)
1019 3783 1206 3842 Ταῦτα
1239 3771 1327 3840 οὐν
1357 3779 1629 3858 σεὸόμενοι
1669 3780 1821 3848 ὁσίως
1858 3781 1951 3840 καὶ

406 3870 614 3938 δικαίως
670 3867 924 3930 ἃπολύετέ
971 3893 1038 3947 με
1053 3913 1070 3942 ,
1124 3867 1215 3929 καὶ
1263 3866 1337 3946 μὴ
1387 3867 1795 3946 μετανοήσαντες
1853 3867 1950 3940 τὴν

397 3959 657 4042 ἁμαρτίαν
679 3961 868 4040 γνῶτε·
895 3957 1101 4026 ἀνίατος
1121 3955 1223 4039 γὰρ
1247 3961 1283 4029 ἡ
1311 3956 1559 4035 μετάνοια
1580 3960 1684 4017 τῶν
1705 3955 1949 4017 τοιούτων

315 4063 372 4105 8⁰
398 4046 550 4109 ἐστίν.

3312 426 3585 506 (σω-ω)

2034 544 2169 597 dabit
2182 561 2348 612 poenas
2358 586 2373 612 ,
2392 550 2432 601 si
2446 551 2789 601 convincatur?
2800 553 2875 604 Nil
2892 553 3052 615 itaque
3068 553 3246 604 mirum
3260 557 3350 617 est,
3364 556 3405 605 si
3427 557 3587 616 homo,

2036 618 2115 666 cui
2145 621 2331 669 nullum
2360 621 2658 684 propositum
2688 624 2813 673 esset
2837 636 2866 672 e
2894 623 3460 686 mendaciopericulum,
3496 627 3587 674 im·

2036 688 2203 752 pulsus
2234 691 2295 740 ab
2332 691 2537 741 inimicis
2566 691 2715 753 meiS,
2736 706 2946 755 quorum
2964 694 3014 741 in
3033 697 3271 756 potestate
3298 699 3447 757 esset,
3474 696 3590 744 salso

2037 769 2116 808 me
2137 758 2384 812 indicavit.
2448 766 2504 812 ln
2532 777 2611 812 me
2634 767 2797 812 autem
2838 764 3042 813 nefanda
3072 765 3511 827 committerentur,
3550 766 3589 814 si

2034 837 2113 873 me
2132 839 2215 886 per
2240 829 2570 877 testimonium
2591 830 2723 878 omni
2744 829 2837 877 fide
2855 829 3137 880 destitutum
3160 832 3457 880 occideretis.
3520 833 3587 892 (8)

2035 892 2183 939 Porro
2218 892 2356 942 aiunt
2385 896 2545 944 minus
2578 907 2681 944 esse
2706 893 2949 957 credibile,
3004 909 3112 944 eam
3146 895 3290 961 caedis
3326 896 3591 958 patratione

2035 955 2267 1018 abfuisse,
2283 972 2428 1020 quam
2447 961 2489 1009 ei
2508 959 2779 1009 interfuisse
2800 973 2811 1003 :
2833 973 2920 1020 ego
2937 973 3068 1022 vero,
3086 961 3135 1009 id
3152 961 3283 1024 quod
3297 962 3392 1022 aio,
3409 975 3507 1010 non
3518 975 3591 1008 ra-

2036 1020 2341 1073 tiociniorum
2363 1025 2697 1088 probabilitate
2710 1062 2725 1086 ,
2744 1025 2827 1074 sed
2856 1037 3017 1074 rerum
3044 1027 3245 1077 veritate
3268 1028 3495 1076 testatum
3516 1025 3589 1074 fa·

2037 1089 2177 1140 ciam.
2240 1097 2493 1158 Quotquot
2506 1095 2633 1144 enim
2650 1095 2769 1144 mihi
2786 1097 2899 1144 sunt
2916 1095 3165 1158 utriusque
3174 1110 3320 1146 sexus
3336 1096 3591 1158 mancipint

2036 1154 2117 1206 illa
2133 1161 2293 1209 omnia
2306 1160 2441 1210 vobis
2456 1160 2627 1210 dedam
2651 1159 2711 1208 ad
2730 1160 3061 1221 quaesitionem
3078 1176 3165 1224 per
3182 1164 3418 1212 tormenta
3446 1175 3589 1224 :quo-

2036 1235 2149 1275 rum
2167 1238 2195 1274 e
2211 1226 2503 1276 confossione
2510 1226 2549 1275 si
2564 1225 2845 1288 constiterit,
2858 1239 2936 1276 me
2948 1227 3031 1275 illa
3048 1231 3189 1280 nocte
3204 1229 3349 1278 domo
3364 1227 3588 1289 abfuisse,

2038 1293 2123 1340 aut
2140 1292 2219 1340 vel
2237 1292 2403 1341 limina
2424 1292 2569 1342 modo
2594 1292 2767 1342 domus
2798 1306 2919 1342 meoe
2944 1295 3200 1360 transisse,
3225 1294 3490 1344 confitebor
3513 1307 3591 1342 me

2037 1356 2327 1408 homicidam
2352 1371 2471 1409 esse.
2544 1361 2709 1421 Neque
2738 1358 2941 1408 obscura
2974 1373 3243 1423 parumque
3270 1360 3591 1409 memorabilis

2036 1425 2109 1473 est
2126 1423 2207 1472 illa
2228 1438 2327 1474 nox
2352 1444 2365 1473 ι
2386 1425 2531 1474 bomo
2558 1425 2686 1474 enim
2704 1427 2867 1474 noster
2886 1427 3103 1490 Diipoliis
3120 1428 3240 1477 festo
3264 1425 3455 1474 cecidit.
3522 1427 3589 1485 (9)

2038 1487 2177 1544 Quod
2193 1488 2255 1537 ad
2268 1490 2561 1552 opulentiam
2576 1491 2776 1551 attinet,
2796 1490 2935 1553 cujus
2948 1491 3226 1541 amittendae
3242 1489 3495 1540 formidine
3514 1503 3591 1540 me

2037 1557 2365 1605 exsternatum
2402 1556 2452 1604 hi
2478 1556 2617 1606 aiunt
2642 1569 2807 1605 necem
2840 1557 2908 1605 illi
2931 1557 3142 1620 dedisse,
3170 1557 3311 1618 longe
3340 1569 3478 1606 secus
3519 1557 3591 1606 est

2038 1623 2182 1683 atque
2199 1621 2321 1672 adeo
2344 1623 2639 1672 contrarium
2662 1626 2808 1685 atque
2824 1622 2900 1672 isti
2923 1623 3201 1685 praedicant.
3228 1621 3457 1683 inopibus
3478 1623 3591 1683 qui-

2038 1687 2149 1737 dem
2175 1689 2428 1751 conducit,
2460 1689 2693 1740 novandis
2710 1689 2851 1738 rebus
2868 1691 2917 1738 et
2933 1689 3231 1752 capessendis
3270 1687 3482 1736 consiliis
3510 1688 3592 1737 de·

2036 1754 2317 1817 sperationis
2340 1755 2493 1819 plenis
2514 1755 2668 1806 aleam
2694 1756 2904 1804 fortunae
2918 1755 3107 1816 iacere3
3134 1767 3243 1818 spes
3266 1755 3397 1803 enim
3432 1754 3591 1816 aliqua

2036 1825 2109 1871 est
2126 1823 2312 1870 mutata
2329 1821 2601 1871 conditione
2612 1821 2757 1871 etiam
2771 1820 3094 1870 infelicitatem
3112 1821 3326 1882 ipsorum
3344 1822 3592 1869 mutatum

2038 1883 2097 1934 iri
2123 1905 2135 1936 ι
2160 1887 2415 1936 fortunatis
2438 1888 2600 1936 autem
2630 1885 2905 1935 hominibus
2924 1885 3146 1948 expedit,
3172 1889 3350 1948 quanta
3380 1885 3593 1934 maxima

2038 1965 2152 2001 cum
2182 1953 2405 2002 cautione
2430 1951 2767 2013 conquiescere
2791 1952 3018 2001 immotos
3048 1953 3097 2000 et
3122 1953 3263 2014 parta
3288 1951 3413 2000 bona
3432 1953 3595 2012 quieta

2039 2017 2190 2079 tueri3
2226 2018 2371 2068 rebus
2398 2019 2450 2068 et
2484 2018 2611 2067 enim
2639 2009 2865 2079 inv'ersis‚
2898 2031 2926 2066 e
2963 2016 3215 2066 fortunatis
3236 2016 3359 2065 fiunt
3386 2018 3593 2066 mendici

2037 2086 2088 2133 et
2104 2084 2279 2134 miseri.
2356 2085 2454 2148 (ιο)
2494 2085 2712 2146 Denique
2740 2083 2971 2133 adversus
2990 2095 3071 2132 me
3092 2083 3239 2133 annis
3270 2083 3595 2145 probabilium

2036 2149 2339 2200 solummodo
2367 2153 2757 2214 argumentorum
2779 2149 3121 2199 mihilominus
3141 2149 3299 2197 tamen
3320 2149 3447 2198 hanc
3462 2149 3595 2198 illinc

2036 2229 2274 2267 summam
2300 2218 2554 2282 eolligunt,
2578 2232 2675 2268 non
2701 2217 3027 2281 probabiliter,
3056 2215 3141 2266 sed
3154 2228 3269 2264 vere
3296 2217 3346 2265 et
3364 2219 3498 2266 certo
3514 2230 3595 2265 me

2038 2280 2329 2331 homicidam
2366 2297 2486 2334 esse.
2550 2285 2699 2347 Atqui
2736 2284 3119 2334 demonstratum
3158 2281 3267 2331 dedi
3280 2317 3295 2342 ,
3324 2280 3407 2331 illa
3432 2283 3595 2332 omnia

2038 2353 2319 2410 argumenta
2342 2364 2371 2400 a
2386 2351 2618 2414 probabili
2636 2351 2785 2414 petita
2804 2363 2894 2412 pro
2912 2363 2991 2398 me
3006 2349 3166 2412 potius
3183 2348 3404 2398 militare.
3471 2352 3593 2399 Nam

2036 2417 2228 2475 testem,
2244 2414 2384 2477 cujus
2398 2417 2672 2466 testimonio
2688 2429 2900 2479 premor,
2911 2415 3006 2464 fide
3024 2427 3185 2464 carere
3203 2414 3399 2476 planum
3414 2415 3593 2463 factum

2038 2483 2138 2530 est:
2160 2481 2390 2532 scrutinio
2410 2496 2484 2532 res
2505 2483 2693 2532 caruit:
2722 2481 2897 2531 indicia
2920 2495 3007 2544 pro
3032 2494 3113 2530 me
3140 2482 3325 2543 facere,
3352 2483 3403 2530 et
3424 2484 3595 2531 contra

2038 2543 2335 2595 adversarios
2348 2583 2362 2608 ,
2386 2546 2629 2598 declaravi
2654 2560 2667 2592 ι
2688 2546 2889 2608 vestigia
2905 2546 3051 2596 caedis
3066 2558 3165 2595 non
3183 2545 3246 2594 ad
3270 2559 3351 2594 me
3378 2544 3591 2604 deferre,

2037 2610 2121 2660 sed
2146 2610 2209 2659 ad
2230 2623 2312 2662 eos
2334 2626 2459 2675 quos
2478 2613 2738 2662 adversarii
2758 2613 2973 2662 oratione
3000 2625 3086 2662 sua
3104 2612 3359 2660 absolvunt
3371 2611 3489 2660 item
3508 2609 3594 2659 de-

2036 2681 2357 2729 monstratum
2374 2683 2461 2730 est.
2496 2683 2606 2730 Jam
2624 2680 2784 2729 omnia
2802 2693 2927 2730 meae
2941 2678 3256 2728 accusationis
3273 2678 3429 2739 capita
3448 2675 3595 2726 infida

2037 2743 2087 2789 et
2104 2743 2198 2794 fide
2216 2758 2349 2794 cassa
2379 2759 2533 2808 quum
2558 2748 2752 2796 inventa
2784 2745 2907 2806 sint,
2926 2759 3025 2793 non
3042 2744 3092 2794 id
3110 2743 3274 2806 (quod
3300 2743 3365 2792 illi
3384 2743 3591 2804 dicunt)

2038 2810 2254 2872 eveniet,
2280 2813 2361 2873 ut,
2398 2812 2437 2861 si
2472 2826 2559 2875 ego
2578 2812 2817 2872 absolvar,
2852 2811 3015 2860 nullus
3036 2809 3239 2872 posthac
3263 2807 3595 2858 maleficorum

2035 2877 2253 2927 omnium
2270 2879 2492 2928 maleficii
2510 2877 2729 2928 convinci
2748 2878 2920 2940 possit3
2942 2877 3027 2927 sed
3044 2877 3137 2926 hoc
3157 2876 3334 2938 potius,
3353 2877 3410 2924 nt
3428 2875 3593 2924 inson-

2035 2947 2161 2995 tium
2177 2959 2321 2995 nemo
2340 2945 2542 3008 posthac
2562 2947 2677 2994 satis
2695 2944 2965 2993 evidentem
2985 2943 3059 2993 sui
3081 2942 3403 3000 defensionem
3432 2942 3497 2991 sit
3512 2941 3597 2990 ha·

2038 3013 2251 3070 biturus,
2268 3011 2310 3061 si
2335 3025 2421 3074 ego
2437 3025 2569 3061 nunc
2591 3023 2703 3060 reus
2720 3023 2932 3073 peragar.

2100 3093 2173 3137 11.
2210 3089 2501 3149 Quanquam
2534 3084 2587 3134 bi
2622 3096 2705 3134 me
2736 3086 2840 3134 tam
2870 3081 3047 3144 iniuste
3074 3094 3215 3132 reum
3248 3083 3470 3145 agentes,
3502 3081 3595 3146 ipsi

2035 3175 2153 3225 dum
2178 3187 2349 3225 necem
2384 3173 2503 3222 mihi
2521 3174 2691 3223 contra
2716 3172 2787 3222 fas
2816 3170 3075 3222 intendunt
3089 3207 3104 3231 ,
3124 3182 3274 3233 puros
3297 3183 3351 3220 se
3375 3169 3541 3220 ferunt
3576 3183 3593 3214 ι

2036 3276 2116 3312 me
2140 3275 2256 3312 vero
2272 3298 2287 3324 ‚
2328 3263 2391 3311 ut
2416 3261 2493 3324 pie
2517 3261 2669 3324 agatis
2694 3273 2783 3309 vos
2805 3259 3142 3308 adhortantem
3172 3259 3331 3308 scelus
3352 3259 3595 3307 nefastum

2037 3350 2339 3401 committere
2370 3349 2555 3399 dicunt.
2590 3352 2692 3411 Ego
2713 3361 2831 3397 vero
2842 3383 2857 3410 ,
2874 3346 2959 3409 qui
2975 3359 3056 3395 me
3076 3345 3153 3395 aio
3178 3357 3357 3408 purum
3380 3345 3443 3394 ab
3460 3345 3593 3394 omni

2036 3438 2236 3488 crimine
2249 3475 2264 3500 ,
2284 3449 2455 3488 cavere
2475 3449 2565 3485 vos
2602 3435 2751 3498 iubeo
2768 3471 2784 3497 ‚
2802 3447 2865 3484 ne
2884 3434 2937 3483 in
2974 3433 3294 3483 reverentiam
3319 3430 3597 3482 hominibus

2036 3527 2235 3576 crimine
2252 3524 2417 3575 vacuis
2430 3523 2642 3574 debitam
2660 3521 2943 3583 offendatis3
2962 3520 3209 3570 homicidii
3224 3533 3342 3572 vero
3358 3520 3597 3570 ultionem

2037 3613 2099 3665 ad
2124 3615 2341 3664 animum
2372 3625 2608 3662 revocans
2640 3610 2810 3662 hortor
2832 3622 2921 3660 vos
2954 3622 3018 3660 ne
3049 3608 3287 3658 insontem
3329 3608 3599 3671 plectentes

2036 3705 2223 3753 sont-em
2248 3700 2502 3752 dimittatis
2528 3719 2541 3749 ι
2567 3712 2681 3748 nam
2702 3711 2783 3748 me
2801 3697 3051 3760 perempto
3074 3709 3219 3744 nemo
3236 3695 3298 3745 de
3328 3695 3597 3757 quaerendo

2036 3803 2152 3840 vero
2178 3787 2418 3839 homicida
2440 3787 2647 3850 amplius
2675 3785 2917 3848 cogitabit.
2974 3785 3083 3846 (12)
3120 3785 3237 3833 Haec
3261 3781 3429 3844 itaque
3464 3782 3601 3832 mala

2037 3881 2263 3929 caventes
2280 3878 2353 3928 uti
2371 3877 2444 3927 fas
2465 3875 2607 3938 etius
2624 3874 2697 3924 est
2716 3872 2949 3923 absolvite
2964 3885 3071 3933 me;
3086 3885 3147 3920 ne
3164 3871 3451 3934 poenitentes
3464 3883 3600 3920 erro·

2037 3985 2137 4022 rem
2172 3968 2437 4034 agnoscatis
2475 3988 2489 4019 ι
2523 3980 2637 4018 nam
2662 3965 3023 4016 immedicabilis
3053 3964 3104 4014 in
3146 3961 3420 4026 huiusmodi
3448 3963 3602 4012 rebus

2036 4058 2315 4123 poenitcntia
2331 4059 2421 4107 est.
