3825 5842
143 451 370 532 (ιο-ω)

84 611 124 649 2⁰
141 593 248 658 λύω
263 586 358 654 καὶ
377 585 616 680 ἀφίημι.
639 613 676 650 n
701 596 902 656 Ταῦτα
925 578 994 654 δὲ
1008 588 1359 681 ὀμοσάντων
1385 585 1664 663 Αθηναῖοι

141 696 329 770 πάντες
365 692 490 760 καθ’
529 695 703 786 ἱερῶν
730 695 1006 779 τελείων,
1032 694 1136 762 τὸν
1171 695 1424 789 νόμιμον
1461 700 1664 790 ὅρκον,

140 803 234 894 πρὸ
269 798 596 868 Διονυσίων·
642 800 748 868 καὶ
784 803 1136 894 ἐπεύχεσθαι
1177 807 1512 895 εὐορκοῦντι
1559 804 1664 894 μὲν

141 905 271 978 εἶναι
313 905 515 973 πολλὰ
543 904 649 973 καὶ
681 905 904 1001 ἀγαθοί,
947 910 1322 999 ἐπιορκοῦντι
1365 902 1420 974 δ’
1469 907 1660 992 ἐξώλη

139 1015 294 1081 αὐτὸν
321 1008 467 1080 εἶναι
502 1012 608 1079 καὶ
648 1016 834 1107 γένος.

203 1211 267 1256 99.
309 1195 533 1278 Πότερον
548 1241 566 1269 ,
592 1185 640 1255 εἷ
660 1195 959 1278 συκοφάντα
983 1195 1075 1256 καὶ
1101 1197 1400 1281 ἐπίτριπτον
1426 1198 1630 1268 κίναδος
1645 1245 1660 1274 ,

134 1286 283 1364 κύριος
307 1289 334 1342 ὁ
357 1284 507 1362 νόμος
531 1283 608 1343 ὅδ’
637 1286 777 1344 ἐστὶν
795 1282 831 1356 ἢ
855 1285 914 1342 οὗ
937 1283 1142 1365 κύριος
1165 1284 1252 1344 διὰ
1275 1292 1424 1346 τοῦτο
1444 1289 1498 1346 δ’
1515 1279 1662 1365 οἶμαι

133 1373 379 1452 γεγένηται
417 1372 640 1454 ἄκυρος,
687 1372 766 1432 ὅτι
805 1375 912 1440 τοῖς
953 1374 1127 1449 νόμοις
1173 1376 1250 1432 δεῖ
1291 1380 1519 1458 χρῆσθαι
1564 1378 1656 1434 ἄπ’

133 1461 384 1522 Εὐκλείδου
425 1460 698 1542 ἄρχοντος.
783 1460 894 1520 Καὶ
937 1459 1000 1519 σὺ
1029 1464 1119 1541 ζῇς
1147 1462 1236 1522 καὶ
1272 1462 1524 1544 περιέρχῃ
1565 1461 1659 1537 τὴν

70 1570 110 1608 2⁵
131 1550 262 1610 πόλιν
283 1547 470 1622 ταύτην
485 1593 503 1624 ,
527 1550 627 1608 οὐκ
654 1547 794 1617 ἄξιος
813 1547 903 1606 ὤν·
927 1545 980 1616 ὃς
1008 1552 1062 1608 ἐν
1086 1549 1412 1632 δημοκρατίᾳ
1432 1549 1532 1629 μὲν
1564 1574 1655 1610 συ·

131 1643 368 1719 κοραντῶν
397 1637 546 1712 ἔζης,
581 1640 638 1698 ἐν
670 1635 947 1718 ὀλιγαρχία
975 1633 1059 1710 δέ,
1092 1640 1162 1705 ὣς
1186 1636 1260 1716 μὴ
1282 1639 1661 1716 ἀναγκασθείης

130 1725 188 1786 τὰ
205 1726 440 1808 χρήματα
467 1727 760 1786 ἀποδοῦναι
783 1723 882 1784 ὅσα
907 1728 1242 1806 συκοφαντῶ)
1267 1725 1476 1802 ἔλαὸες,
1501 1727 1660 1788 ἐδού-

129 1817 252 1881 λευες
281 1815 382 1881 τοῖς
422 1813 730 1896 τριάκοντα.
813 1809 928 1892 (100)
971 1802 1109 1873 ER«
1151 1810 1214 1871 σὺ
1242 1812 1364 1895 περὶ
1404 1813 1660 1896 ἑταιρείας

129 1900 230 1980 ἐμοὶ
265 1899 434 1978 μνείαν
473 1905 602 1982 ποιῇ
635 1901 730 1962 καὶ
756 1904 930 1969 κακῶς
953 1922 1098 1968 τινας
1124 1899 1321 1978 λέγεις;
1367 1899 1421 1969 ὃς
1451 1901 1526 1961 ἑνὶ
1561 1901 1658 1980 μὲν

131 1993 217 2070 οὔχ
232 1989 506 2071 ἡταίρησας
545 1993 762 2070 (καλῶς
779 1989 882 2073 γὰρ
905 1988 968 2049 ἄν
993 2012 1075 2048 σοι
1095 1980 1202 2070 εἶχε
1226 1991 1276 2070 ),
1304 1989 1658 2072 πραττόμενος

127 2088 167 2146 δ’
192 2089 244 2147 οὔ
283 2086 411 2146 πολῦ
439 2086 693 2169 ἀργύριον
729 2088 817 2148 τὸν
850 2086 1163 2168 βουλόμενον
1209 2085 1495 2168 ἀνθρώπων
1513 2131 1530 2161 ,
1579 2090 1654 2156 ὡς

65 2193 110 2231 aa
131 2167 250 2237 οὗτοι
263 2176 453 2250 ἴσασιν,
477 2175 566 2235 ἐπὶ
583 2185 698 2245 τοῖς
721 2175 1007 2257 αἰσχίστοις
1027 2175 1193 2256 ἔργοις
1212 2173 1356 2249 ἔζης,
1380 2176 1656 2237 καὶταῦτα

127 2264 246 2324 οὕτω
277 2263 527 2346 μοχθηρὸς
560 2262 639 2324 ὢν
663 2263 758 2338 τὴν
785 2263 948 2325 ἰδέαν.
1031 2263 1170 2325 Ἀλλ’
1189 2261 1332 2342 ὅμως
1357 2255 1504 2333 οὗτος
1538 2262 1656 2326 ἰτέ-

127 2379 214 2437 ρων
250 2355 432 2432 ἐτόλμα
480 2357 828 2436 κατηγορεῖν,
870 2344 916 2434 ᾧ
960 2351 1098 2412 κατὰ
1153 2349 1271 2420 τοὺς
1316 2352 1500 2432 νόμους
1537 2352 1656 2422 τοὺς

123 2441 371 2520 ἡμετέρους
403 2443 514 2502 οὐδ’
542 2445 692 2524 αὐτῷ
727 2440 859 2524 ὑπὲρ
886 2443 1045 2502 αὑτοῦ
1090 2439 1228 2500 ἔστιν
1257 2442 1650 2521 ἀπολογεῖσθαι.

125 2531 225 2612 (101)
251 2531 400 2591 Ἀλλὰ
421 2528 545 2613 γὰρ,
573 2521 626 2590 ὦ
652 2529 851 2612 ἄνδρες,
877 2529 1164 2608 καθήμενος
1190 2527 1345 2601 ἡνίκα
1373 2553 1472 2609 μου
1488 2554 1654 2604 κατη-

120 2618 266 2700 γόρει,
296 2617 498 2698 βλέπων
523 2621 604 2687 εἷς
643 2617 798 2678 αὗτὸν
825 2617 968 2678 οὖδὲν
1011 2619 1141 2678 ἄλλο
1165 2615 1202 2689 ἢ
1231 2617 1333 2678 ὕπὸ
1358 2623 1461 2677 τῶν
1505 2619 1652 2701 τρισί·

119 2731 254 2766 κοντα
279 2707 688 2786 συνειλημμένος
703 2705 852 2776 ἔδοξα
862 2705 1142 2789 κρίνεσθαι.
1168 2705 1350 2788 Εῖγὰρ
1367 2707 1484 2767 τότε
1506 2711 1654 2788 ἠγω·

119 2794 334 2874 νιζόμην,
351 2794 426 2862 τίς
454 2794 518 2854 ἄν
541 2819 648 2874 μου
679 2796 984 2878 κατηγόρει,
1014 2797 1116 2875 οὐχ
1141 2786 1287 2864 οὗτος
1314 2798 1577 2876 ὑπῆρχεν,
1609 2799 1654 2855 εἰ

59 2903 98 2942 as
121 2883 182 2961 μὴ
202 2884 382 2944 ἐδίδουν
403 2883 675 2964 ἀργύριονς
690 2882 783 2944 καὶ
803 2883 904 2964 γὰρ
918 2888 1028 2945 νῦν.
1059 2881 1312 2965 Ἀνέκρινε
1336 2884 1380 2942 δ’
1403 2885 1466 2943 ἄν
1489 2909 1555 2961 με
1576 2884 1654 2953 τίς

121 2972 296 3044 ἔλλοςῆ
315 2975 614 3055 Χαρικλῆς,
628 2975 852 3054 ἐρωτῶν,
871 2971 1008 3034 Εἰπέ
1031 2961 1192 3051 μοιβ»
1206 2971 1488 3047 Ἀνδοκίδη,
1503 2965 1654 3046 ἦλθες

117 3063 176 3126 εἷς
199 3061 491 3136 Δεκέλειαν,
519 3063 621 3121 καὶ
640 3064 962 3142 ἐπετείχισας
978 3065 1045 3141 τῇ
1073 3061 1287 3144 πατρίδι
1309 3065 1374 3140 τῇ
1397 3067 1650 3141 σεαυτοῦ;

117 3152 216 3211 ὓῦκ
237 3149 414 3229 ἔγωγε.
498 3149 577 3212 Τί
605 3149 662 3209 δέ
672 3175 689 3225 ;
736 3149 912 3229 ἔτεμες
936 3149 1032 3222 τὴν
1069 3151 1285 3232 χώραν,
1325 3148 1418 3209 καὶ
1449 3145 1648 3222 ἐληΐσω

115 3238 144 3310 ἣ
167 3239 290 3298 κατὰ
309 3244 408 3319 γῆν
440 3237 478 3311 ἢ
503 3238 650 3299 κατὰ
679 3237 939 3298 θάλατταν
969 3235 1089 3306 τοὺς
1113 3238 1330 3306 πολίτας
1366 3236 1484 3306 τοὺς
1523 3241 1650 3298 ἑαυ-

115 3334 227 3406 τοῦ;
251 3329 327 3388 Οὔ
351 3329 506 3396 δῆτα.
599 3327 1125 3408 Οὐδ’-ἐναυμάχησας
1149 3325 1356 3386 ἐναντία
1381 3331 1448 3408 τῇ
1465 3325 1649 3405 πόλει,

116 3412 216 3471 οὗδὲ
237 3413 674 3496 συγκατέσκαψας
697 3414 766 3474 τὰ
787 3414 968 3495 τείχη,
997 3413 1116 3474 οῦδὲ
1148 3413 1536 3493 συγκατέλυσας
1561 3413 1649 3474 τὸν

115 3501 283 3578 δῆμον,
301 3503 414 3562 οὐδὲ
439 3503 534 3584 βία
560 3506 813 3576 κατῆλθες
836 3505 907 3571 εἷς
924 3502 1020 3576 τὴν
1043 3503 1229 3582 πόλιν,
1259 3502 1428 3565 Οὐδὲν
1453 3503 1648 3564 τούτων

53 3611 96 3650 ιο
115 3589 376 3664 πεποίηκα.
457 3591 668 3666 Οὗδέν;
712 3593 877 3660 δοκεῖς
897 3582 984 3652 οὖν
1011 3590 1284 3673 χαιρήσειν
1311 3589 1348 3662 ἢ
1375 3591 1470 3650 οὐκ
1509 3592 1646 3650 ἀπο-

115 3684 382 3755 θανεῖσθαι,
407 3683 482 3750 ὣς
519 3679 692 3763 ἕτεροι
719 3680 933 3762 πολλοί;
988 3678 1106 3762 (102)
1134 3671 1248 3763 ’Ἆρ’
1280 3678 1343 3738 ἂν
1382 3679 1575 3756 οἴεσθε,
1604 3669 1648 3739 ὦ

115 3765 288 3850 ἄνδρες,
305 3770 476 3830 ἄλλων
500 3773 661 3830 τινῶν
677 3771 853 3851 τυχεῖν
873 3792 938 3848 με
960 3770 1026 3828 δι’
1050 3774 1188 3848 ὑμᾶς
1202 3813 1220 3844 ,
1241 3770 1286 3828 εἰ
1310 3767 1538 3850 ἐλήφθην
1561 3770 1647 3826 ὑπ’

111 3857 288 3932 αὐτῶν,
322 3860 416 3918 οὗκ
440 3849 536 3918 οῧν
567 3857 729 3919 δεινὸν
758 3860 805 3918 εἷ
829 3857 932 3918 ὑπὸ
960 3857 1055 3936 μὲν
1075 3855 1272 3916 τούτων
1297 3855 1382 3915 διὰ
1405 3855 1544 3916 τοῦτ’
1585 3855 1648 3916 ἂν

112 3943 404 4024 ἀπωλόμην,
439 3945 526 4005 ὅτι
565 3949 636 4014 εἷς
663 3945 760 4019 τὴν
788 3945 939 4005 πόλιν
979 3946 1124 4005 οὐδὲν
1164 3944 1399 4026 ἥμαρτον
1415 3988 1432 4018 ,
1471 3941 1647 4025 ὥσπερ

111 4034 186 4092 καὶ
199 4034 391 4116 ἑτέρους
409 4033 756 4110 ἀπέκτειναν,
771 4037 824 4094 ἐν
844 4040 966 4114 ὑμῖν
985 4036 1041 4094 δὲ
1063 4033 1388 4115 κρινόμενος,
1403 4029 1488 4100 οὒς
1503 4033 1647 4093 οὐδὲν

111 4123 250 4182 κακὸν
265 4125 570 4208 πεποίηκα,
581 4127 639 4184 οὗ
658 4124 988 4202 σωθήσομαι,
1008 4122 1215 4190 πάντως
1229 4121 1412 4194 δήπου·
1427 4118 1462 4193 ἢ
1481 4123 1648 4204 σχολῇ

61 4283 68 4288 ,
113 4211 162 4288 γε’
179 4234 244 4279 τις
267 4212 418 4283 ἄλλος
447 4213 760 4296 ἀνθρώπων.
809 4216 923 4292 (103)
948 4211 1106 4273 Ἀλλὰ
1131 4209 1253 4293 γὰρ,
1273 4199 1318 4270 ὦ
1341 4209 1537 4294 ἄνδρες,
1553 4210 1646 4284 τὴν

57 4300 200 4376 “pi-e
221 4301 424 4372 ἔνδειξιν
449 4301 766 4376 ἐποιήσαντό
787 4327 886 4382 μου
915 4301 1052 4363 κατὰ
1078 4299 1234 4380 νόμον
1267 4299 1528 4378 κείμενον,
1555 4298 1648 4372 τὴν

115 4388 158 4447 δὲ
177 4391 488 4474 κατηγορίαν
523 4391 662 4450 κατὰ
699 4391 758 4450 τὸ
784 4389 1034 4473 ψήφισμα
1061 4389 1120 4448 τὸ
1143 4387 1390 4470 πρότερον
1433 4411 1646 4468 γεγενη·

113 4480 242 4555 μένον
261 4483 378 4564 περὶ
397 4481 612 4564 ἑτέρων.
691 4485 761 4544 Ei
783 4473 870 4543 οὖν
890 4485 1018 4562 ἐμοῦ
1035 4483 1445 4562 καταψηφιεῖσθε
1457 4523 1474 4556 ,
1496 4484 1648 4561 δρᾶτε

115 4569 178 4644 μὴ
217 4572 306 4631 οὔκ
349 4573 474 4651 ἐμοὶ
515 4571 745 4651 μάλιστα
776 4575 881 4632 τῶν
923 4572 1150 4630 πολιτῶν
1193 4567 1449 4652 προσήκει
1492 4567 1646 4646 λόγον

113 4657 264 4718 δοῦναι
281 4663 381 4719 τῶν
401 4659 793 4741 γεγενημένων,
822 4658 958 4720 ἀλλὰ
983 4661 1192 4726 πολλοῖς
1214 4657 1402 4740 ἑτέροις
1422 4657 1643 4734 μᾶλλον,

111 4752 242 4806 τοῦτο
271 4748 362 4827 μὲν
409 4742 488 4817 οἷς
527 4750 674 4828 ὑμεῖς
700 4747 905 4809 ἐναντία
935 4747 1292 4830 μαχεσάμενοι
1333 4744 1648 4824 διηλλάγητε

63 4849 82 4885 ⁸
115 4835 190 4893 καὶ
213 4837 386 4919 ὅρκους
413 4838 659 4917 ὠμόσατε
679 4886 696 4914 ,
724 4845 877 4900 τοῦτο
901 4837 955 4898 δὲ
983 4837 1068 4907 οὓς
1091 4835 1368 4920 φεύγοντας
1395 4833 1646 4913 κατηγά-

113 4944 240 5000 γετε,
262 4933 412 4988 τοῦτο
435 4927 490 4988 δὲ
511 4926 596 4998 οὒς
621 4928 836 5007 ἀτίμους
863 4927 1014 4996 ὄντας
1035 4925 1302 5001 ἐπιτίμους
1325 4922 1604 4996 ἐποιήσατε
1625 4966 1644 4995 ,

115 5003 177 5072 ὧν
217 5015 382 5076 εἵνεκα
429 5019 520 5078 καὶ
567 5017 762 5090 στήλας
807 5017 1033 5076 ἀνείλετε
1073 5015 1164 5075 καὶ
1208 5013 1394 5091 νόμους
1429 5009 1648 5092 ἀκύρους

115 5103 369 5177 ἐποιήσατε
391 5105 484 5166 καὶ
511 5105 824 5188 ψηφίσματα
847 5103 1168 5186 ἐξηλείψατε·
1191 5101 1242 5163 οἳ
1259 5101 1369 5161 νυνὶ
1405 5098 1645 5178 μένουσιν

117 5189 161 5248 ἓν
179 5195 238 5271 τῇ
264 5192 414 5254 πόλει
437 5193 762 5262 πιστεύοντες
787 5194 908 5273 ὑμῖν
923 5237 941 5272 ,
965 5182 1010 5252 ὦ
1025 5191 1225 5272 ἄνδρες.
1314 5190 1432 5269 (101)
1465 5189 1532 5249 Εἰ
1557 5175 1646 5246 οὖν

115 5279 382 5356 γνώσονται
423 5287 558 5362 ὑμᾶς
604 5281 1020 5364 ἀποδεχομένους
1059 5278 1150 5349 τὰς
1189 5276 1504 5356 κατηγορίας
1541 5278 1642 5336 τῶν

313 5399 570 5437 enascens.

1079 449 1486 514 Annocmls
1527 451 1657 522 OB.
1702 452 1806 516 DE
1847 452 2273 519 MYSTERIIS.
3228 469 3304 521 cs

1749 592 1963 647 nuntio,
2006 586 2168 645 Hanc
2199 587 2261 645 in
2312 585 2619 648 formulam
2660 588 2900 668 juranto
2930 591 3307 654 Athenienses

1754 711 1958 752 omnes
1970 711 2144 772 super
2154 693 2365 754 hostiis
2382 693 2679 772 perfectis,
2700 696 2811 756 rite
2834 709 2965 756 ante
2983 696 3304 774 Liberalia,

1750 809 1809 855 et
1845 799 2081 877 precari
2124 813 2448 876 memento,
2501 814 2566 860 ut
2614 816 2808 862 sancte
2846 803 3071 880 juranti
3112 806 3309 864 multae

1752 906 2162 985 prosperitates
2212 909 2484 966 eveniant
2514 951 2532 982 ,
2559 907 2833 988 pejerans
2862 922 3051 970 autem
3082 925 3147 972 ut
3192 932 3309 973 una
3382 925 3413 959 -’

1751 1031 1883 1072 cum
1920 1014 2089 1092 prole
2118 1014 2267 1075 male
2302 1027 2519 1094 pereat.

1811 1211 1890 1256 99.
1924 1209 2035 1258 Jam
2066 1207 2299 1271 responde
2336 1209 2393 1258 tu
2438 1206 2557 1257 mihi
2574 1243 2590 1270 ,
2625 1207 2979 1271 quadruplator
3014 1210 3063 1258 et
3098 1208 3305 1273 ardelio‚

1749 1297 1894 1346 quem
1915 1283 1981 1334 dii
1998 1287 2246 1349 evertant,
2266 1287 2400 1336 estne
2424 1285 2529 1336 haec
2548 1286 2629 1335 lex
2655 1287 2759 1335 rata
2777 1297 2841 1336 an
2859 1287 3027 1335 irrita?
3052 1288 3308 1349 Propterea

1757 1361 1893 1412 irrita
1913 1364 1985 1413 est
2007 1363 2139 1427 quod
2162 1378 2267 1414 vos-
2280 1365 2353 1415 uti
2380 1364 2563 1428 legibus
2578 1364 2725 1415 vultis
2740 1364 2831 1416 sub
2859 1365 3059 1416 Euclide
3078 1367 3307 1416 archonte

1749 1438 1892 1490 latis:
1913 1443 2167 1505 propterea
2189 1444 2243 1492 tu
2270 1443 2423 1506 spiras
2438 1442 2597 1492 adhuc
2614 1443 2664 1492 et
2690 1455 2783 1506 per
2797 1443 2921 1492 hanc
2944 1443 3112 1493 urbem
3135 1444 3305 1495 deam-

1749 1516 1888 1568 bulas
1905 1555 1921 1578 ,
1956 1519 2087 1569 haud
2116 1520 2349 1582 meritus;
2382 1520 2558 1583 quippe
2594 1520 2679 1582 qui
2698 1557 2712 1581 ,
2749 1522 2945 1570 tenente
2981 1520 3140 1571 adhuc
3174 1524 3305 1574 statu

1729 1595 1967 1662 ‚populari
1985 1611 2014 1647 e
2032 1597 2285 1648 calumniis
2310 1599 2361 1649 et
2378 1596 2697 1647 delationibus
2724 1598 2909 1648 victum
2936 1612 3202 1663 quaereres,
3222 1601 3306 1650 tri-

1747 1673 1877 1735 3111111
1892 1675 2109 1737 tyrannis
2130 1677 2294 1725 autem
2310 1688 2473 1724 rerum
2492 1673 2656 1737 potitis
2685 1675 2914 1737 servires,
2938 1689 3037 1738 quo
3062 1679 3305 1740 questum

1747 1751 2000 1802 calumniis
2018 1753 2211 1815 partum
2226 1765 2475 1802 revomere
2495 1765 2559 1802 ne
2583 1765 2822 1816 cogerere.
2889 1753 3017 1817 (100)
3040 1755 3173 1804 Itane
3189 1768 3305 1810 vero

1744 1830 1800 1879 tu
1819 1829 2131 1880 nihilominus
2154 1829 2217 1880 de
2230 1833 2421 1893 quaestu
2448 1829 2717 1879 meretricio
2745 1829 2961 1880 factitata
2987 1844 3067 1882 me
3087 1833 3303 1896 compel-

1745 1906 1896 1956 labis?
1914 1908 2129 1972 aliosque
2158 1907 2250 1958 ibis
2274 1907 2559 1957 infamatum
2573 1943 2589 1970 ,
2613 1907 2699 1971 qui
2726 1907 2810 1958 uni
2841 1908 3037 1972 quidem
3056 1908 3240 1961 homini
3254 1913 3305 1961 te

1744 1996 1832 2047 pro
1857 1985 2031 2048 pellice
2064 1998 2164 2036 non
2190 1983 2494 2036 substravisti
2520 2013 2583 2026 —
2608 1983 2737 2048 quod
2762 1985 2799 2034 si
2828 1986 3043 2050 fecisses,
3070 1987 3304 2038 inissetid

1745 2063 1914 2127 utique
1941 2063 2029 2113 tibi
2053 2063 2330 2126 praeclarius
2363 2093 2426 2107 -
2440 2099 2455 2126 ,
2491 2063 2575 2114 sed
2607 2062 2867 2127 unicuique
2905 2064 3087 2114 volenti
3116 2078 3304 2117 morem

1743 2141 1923 2204 gessisti
1938 2179 1953 2204 ,
1972 2141 2023 2191 id
2039 2142 2169 2206 quod
2192 2141 2245 2191 hi
2258 2141 2444 2204 judices
2469 2142 2678 2203 norunt,
2708 2143 2759 2192 et
2786 2155 2875 2205 pro
2903 2143 3106 2192 minimo
3128 2139 3323 2195 lucello'

1744 2221 2017 2283 turpissima
2050 2235 2258 2286 qttaeque
2292 2223 2457 2284 stupra
2489 2233 2657 2284 passus
2692 2233 2773 2284 es,
2810 2222 3003 2272 tametsi
3034 2235 3186 2274 ‚esses
3217 2237 3329 2276 ore·

1742 2300 1844 2348 tam
1861 2298 2086 2349 deformi.
2150 2301 2213 2350 Et
2229 2299 2539 2350 nihilominus
2568 2300 2733 2348 tamen
2758 2298 2878 2349 alios
2902 2311 3127 2351 accusare
3156 2313 3304 2352 ausus

1743 2377 1816 2426 est
1832 2376 1936 2440 hic,
1965 2378 2045 2426 cui
2070 2390 2133 2427 ne
2154 2391 2243 2440 pro
2268 2389 2321 2428 se
2341 2376 2535 2440 quidem
2554 2377 2657 2440 ipso
2675 2389 2871 2427 causam
2887 2376 3047 2428 dicere
3070 2391 3157 2441 per
3178 2379 3304 2442 leges

1743 2457 1933 2506 nostras
1968 2455 2097 2506 iicet.
2162 2456 2295 2520 (101)
2314 2457 2771 2520 verumenimvero,
2793 2470 2974 2520 quum,
3008 2457 3093 2507 illo
3116 2471 3195 2509 me
3220 2473 3303 2509 ac-

1742 2543 1966 2604 cusante,
1997 2541 2044 2590 in
2068 2554 2125 2591 os
2148 2539 2253 2603 ejus
2284 2541 2517 2605 intuerer,
2539 2539 2737 2592 videbar
2758 2541 2877 2591 mihi
2904 2541 3033 2591 baud
3058 2541 3198 2592 aliter
3232 2545 3300 2593 at·

1741 2632 1838 2683 que
1855 2633 1883 2668 a
1902 2619 2096 2681 triginta
2120 2619 2237 2669 viris
2259 2619 2629 2682 comprehensus
2642 2618 2876 2682 judicium
2894 2631 3061 2669 eornm
3080 2620 3299 2672 tolerare.

1743 2705 1864 2754 Nam
1879 2739 1896 2764 ,
1919 2703 1960 2753 si
1981 2704 2102 2753 tunc
2126 2702 2218 2753 illis
2234 2702 2565 2754 obtinentibus
2592 2701 2760 2766 capitis
2788 2701 3054 2766 periculum
3081 2703 3198 2752 1111111
3223 2703 3304 2754 de-

1740 2785 2023 2836 certandum
2043 2787 2236 2849 suisset,
2255 2787 2422 2850 ecquis
2447 2787 2577 2836 alius
2606 2799 2712 2849 me,
2735 2787 3061 2850 praeterquam
3094 2786 3199 2849 hic,
3219 2799 3301 2835 ac-

1740 2868 1981 2916 cusasset?
2014 2867 2219 2917 Fecisset
2241 2866 2390 2929 enim,
2414 2865 2505 2916 nisi
2530 2864 2797 2930 periculum
2826 2879 2913 2930 ego
2932 2865 3145 2916 nummis
3168 2865 3300 2915 rede·

1740 2945 1949 2996 missem.
2020 2949 2141 3001 Nam
2166 2959 2297 2996 nunc
2314 2959 2509 3010 quoque
2534 2945 2670 2995 nulla
2695 2945 2789 2994 alia
2806 2945 2868 2995 de
2890 2957 3033 2995 causa
3055 2957 3136 2995 me
3154 2957 3311 3010 accu-⁸

1739 3024 1888 3087 savst,
1907 3036 2057 3087 quam
2078 3023 2210 3087 quod
2227 3037 2341 3074 cum
2360 3037 2419 3074 eo
2440 3022 2659 3074 decidere
2674 3022 2827 3072 nolui.
2894 3024 3071 3086 Ecquis
3086 3035 3167 3072 me
3184 3023 3303 3072 tunc

1737 3104 1860 3154 alius
1876 3141 1891 3167 ,
1910 3105 2230 3168 praeterquam
2258 3103 2527 3166 Charicles,
2558 3103 2867 3166 percontatus
2894 3101 3062 3152 ruisset
3091 3101 3140 3150 in
3170 3101 3302 3151 hunc

1739 3181 1969 3232 modum?
1984 3201 2009 3226 κ
2029 3181 2121 3233 Dic
2136 3181 2273 3245 mihi,
2294 3179 2557 3243 Andocide,
2577 3179 2813 3230 venistine
2836 3177 3118 3230 Deceleam?
3134 3178 3315 3236 castel<

1738 3259 1838 3311 lum
1853 3260 2021 3324 patriae
2040 3260 2141 3310 tnoe
2163 3258 2341 3309 tinibus
2372 3257 2676 3321 imposuisti?
2695 3275 2720 3301 ν
2743 3260 2845 3320 Ego
2864 3269 2983 3320 nego
3014 3269 3095 3307 me
3117 3256 3313 3316 recisse„

1743 3357 1770 3382 κ
1796 3339 1858 3388 At
1893 3350 2064 3402 agrum
2100 3339 2265 3388 tamen
2301 3334 2620 3400 depopulatus
2637 3347 2715 3400 es,
2741 3337 2791 3385 et
2809 3334 2858 3384 in
2870 3334 3001 3384 cives
3020 3335 3132 3385 tuos
3151 3334 3311 3402 latro--

1736 3419 1860 3470 cinia
1877 3418 2133 3470 exercuisti
2152 3418 2255 3469 sive
2276 3417 2327 3467 111
2350 3415 2629 3467 continente
2644 3416 2745 3466 sive
2752 3428 2837 3479 per
2851 3416 3017 3466 mare?
3031 3434 3055 3458 ι
3076 3415 3302 3465 Profecto

1735 3513 1834 3550 non
1858 3498 1965 3550 reci.
1985 3518 2009 3544 ιι
2028 3500 2163 3548 Tune
2190 3498 2242 3547 111
2263 3497 2429 3561 praelio
2447 3495 2607 3546 navali
2630 3496 2861 3546 adversus
2881 3495 3087 3558 patriam
3112 3507 3211 3546 non
3229 3487 3309 3544 di·'

1737 3584 1957 3634 micastii'
1988 3595 2147 3646 neque
2180 3595 2377 3646 operam
2414 3578 2606 3631 navasti
2639 3578 2815 3629 moenia
2842 3578 3215 3629 demolientibus
3252 3579 3305 3628 et

1735 3663 1916 3712 statum
1932 3661 2118 3716 civilem
2130 3658 2489 3710 evertentibus?
2504 3670 2601 3707 11011
2612 3655 2775 3707 redisti
2787 3656 2837 3706 in
2851 3655 3021 3707 urbem
3033 3655 3227 3720 pervim
3234 3658 3259 3716 Γ
3275 3675 3300 3700 υ

1738 3743 1923 3791 Horum
1953 3739 2071 3790 nihil
2111 3737 2315 3803 patravi.
2358 3755 2382 3782 κ
2410 3735 2569 3788 Nihil?
2584 3735 2749 3797 jamne
2774 3737 2937 3785 tamen
2966 3737 3022 3784 tu
3052 3747 3213 3798 speras
3252 3736 3304 3784 te

1734 3821 1923 3870 salvum
1940 3819 2205 3882 abiturum,
2218 3830 2308 3868 nec
2326 3817 2482 3881 capite
2494 3815 2723 3866 daturum
2741 3826 2905 3878 poenas
2918 3814 2974 3863 ut
2985 3813 3065 3862 alii
3084 3811 3257 3863 multi?
3274 3832 3299 3857 υ

1736 3897 1866 3961 (102)
1887 3896 2261 3958 Existimatisne‚
2274 3895 2385 3956 viri,
2400 3893 2494 3944 alta
2517 3905 2598 3943 me
2619 3894 2749 3942 sorte
2762 3890 2908 3941 vestri
2928 3903 3073 3940 causa
3096 3903 3299 3940 usurum

1735 3977 1906 4039 misse,
1934 3975 1975 4026 si
1998 3975 2167 4030 abillis
2182 3972 2557 4036 comprehensus
2574 3969 2769 4020 missem
2780 3971 2803 4017 ἰ’
2820 3971 2932 4018 Jam
2951 3969 3035 4031 qul
3062 3967 3203 4018 acerb
3214 3981 3299 4017 11111

1735 4069 1832 4105 11011
1857 4055 1947 4115 sit,
1972 4067 2003 4104 a
2026 4053 2165 4104 vobis
2194 4065 2272 4103 me
2308 4063 2439 4100 nunc
2468 4049 2767 4112 judicatum,
2797 4059 2925 4108 qnos
2954 4045 3091 4095 nulla
3122 4045 3301 4107 injuria

1734 4134 1961 4194 laeserim,
1975 4145 2073 4182 non
2087 4129 2287 4192 absolvi,
2302 4129 2387 4192 qui
2408 4125 2547 4178 sicuti
2566 4125 2645 4175 alii
2667 4122 2943 4186 complures
2960 4121 3023 4170 ab
3036 4122 3128 4171 illis
3142 4124 3300 4172 morte

1735 4211 1988 4272 damnatus
2004 4210 2218 4269 fuissem,
2234 4205 2367 4270 quod
2384 4205 2434 4254 111
2454 4217 2540 4253 vos
2556 4201 2675 4251 1111111
2696 4199 3036 4263 deliquissem?
3068 4202 3167 4260 Ego
3188 4209 3300 4248 vero

1737 4291 1868 4339 certo
1883 4287 2061 4338 certius
2074 4286 2313 4348 absolvar,
2328 4283 2414 4333 aut
2428 4281 2583 4332 11111110
2596 4279 2743 4329 etiam
2756 4277 2916 4327 minus
2928 4275 3051 4326 alius
3062 4275 3299 4339 quispiam

1736 4369 2027 4419 absolvetur.
2053 4367 2181 4431 (103)
2199 4367 2383 4416 Verum
2397 4399 2412 4425 ,
2431 4375 2462 4412 o
2482 4359 2599 4423 viri,
2618 4357 2899 4408 detulerunt
2915 4355 3112 4419 quidem
3132 4368 3210 4404 me
3230 4369 3299 4406 se-

1734 4447 1949 4501 cundum
1966 4448 2119 4510 legem
2138 4444 2344 4496 validam
2363 4480 2378 4507 ,
2396 4440 2684 4492 accusarunt
2705 4438 2869 4488 autem
2890 4435 3209 4500 psephismate
3230 4437 3303 4486 111-

1734 4525 1890 4575 tentes
1907 4524 2065 4586 prisco
2083 4523 2133 4573 et
2151 4520 2211 4571 de
2228 4520 2334 4571 aliis
2348 4519 2535 4582 agente.
2564 4513 2749 4574 Quodsi
2770 4526 2883 4575 ergo
2901 4512 3070 4562 contra
3088 4521 3165 4560 me
3178 4509 3302 4564 detis

1734 4599 2019 4650 sententiam
2032 4635 2047 4660 ,
2062 4596 2221 4646 videte
2250 4609 2313 4645 ne
2325 4591 2655 4654 committatis,
2672 4590 2729 4639 ut
2742 4601 2840 4639 non
2854 4584 2973 4637 1111111
2991 4584 3075 4635 11111
3090 4585 3301 4646 maxime

1733 4673 1890 4724 danda
1899 4674 1963 4724 sit
1975 4685 2143 4724 eorum
2151 4683 2263 4735 qum
2270 4668 2453 4720 dudum
2462 4666 2726 4718 evenerunt
2738 4663 2878 4726 ratio,
2894 4661 2979 4712 sed
2992 4661 3139 4724 magis
3150 4660 3298 4710 etiam

1734 4753 1900 4804 multis
1926 4753 2048 4814 aliis,
2070 4763 2280 4814 quorum
2301 4749 2381 4798 alii
2406 4760 2558 4811 quum
2572 4745 2675 4795 acie
2689 4743 2941 4792 vobiscum
2966 4740 3299 4812 dimicassent,

1735 4826 2041 4893 postmodum
2060 4829 2221 4877 tamen
2240 4839 2349 4876 cum
2369 4823 2465 4874 illis
2482 4823 2531 4872 in
2555 4819 2757 4884 gratiam
2772 4816 2959 4868 redistis
2990 4816 3163 4865 mutuo
3185 4812 3299 4863 dato

1731 4899 2042 4964 jurejurando
2074 4919 2086 4950 ι
2111 4899 2229 4950 alios
2247 4913 2309 4949 ex
2331 4897 2475 4948 exilio
2494 4893 2752 4947 revocastis
2766 4930 2782 4955 ‚
2808 4891 2913 4942 aliis
2936 4890 3166 4940 honorem
3186 4884 3296 4936 red-

1733 4977 1919 5029 didistis
1932 5014 1946 5038 ,
1968 4987 2232 5038 eorumque
2249 4973 2401 5036 gratia
2422 4972 2563 5022 stelas
2578 4967 2856 5029 sustulistis,
2870 4966 2996 5028 leges
3009 4960 3295 5024 abnegastis,

1736 5051 1987 5120 plebiscita
2021 5049 2319 5115 expunxistis
2350 5069 2363 5100 ε
2401 5047 2487 5110 qui
2509 5045 2705 5110 quidem
2740 5041 2942 5092 fidentes
2956 5037 3104 5087 vobis
3124 5035 3176 5082 in
3206 5033 3299 5080 hac

1735 5129 1856 5178 urbe
1889 5129 2085 5191 degunt.
2152 5125 2283 5189 (104)
2310 5121 2493 5182 Quodsi
2518 5133 2630 5183 ergo
2651 5129 2782 5168 nunc
2816 5110 3080 5174 intelligent
3100 5119 3186 5193 vos
3206 5105 3295 5192 ad-

1733 5206 1927 5256 mittere
1946 5201 2279 5253 accusationes
2305 5209 2449 5261 super
2482 5194 2763 5246 criminibus
2782 5188 2971 5255 pridem
3003 5192 3267 5234 commlsSls
3280 5216 3295 5242 ,

1734 5295 1881 5347 quam
1893 5277 2177 5346 putatisillis
2192 5276 2253 5326 de
2266 5275 2415 5328 semet
2428 5273 2541 5337 ipsis
2555 5269 2777 5322 fiduciam
2788 5265 2918 5316 fore?
2928 5262 3015 5313 aut
3024 5267 3287 5326 quemnam

3060 5363 3087 5403 s
