3825 5842
1262 980 2371 1235 PRAEFATIO.

596 2017 757 2084 Non
808 2012 1033 2083 ullum
1074 2012 1217 2081 fere
1263 2012 1683 2107 scriptorem
1721 2012 2093 2105 antiquum
2126 2024 2326 2080 tanto
2358 2034 2574 2107 opere
2610 2008 2792 2105 j‘uvit
2833 2012 3133 2107 diligens

497 2134 894 2229 exploratio
931 2134 1263 2204 codicum
1310 2148 1584 2228 quanto
1622 2136 2028 2203 Isocratem.
2081 2138 2147 2202 Is
2181 2132 2272 2202 ab
2309 2132 2722 2203 rhetoribus
2759 2136 3134 2207 incredibi-

494 2256 639 2325 lem
680 2259 753 2325 in
796 2256 1095 2326 modum
1138 2254 1607 2351 interpolatus
1655 2254 2020 2348 legebatur
2065 2280 2192 2351 per
2235 2255 2522 2349 longam
2565 2258 2992 2329 saeculorum
3029 2285 3133 2329 se-

498 2379 675 2447 riem
703 2430 722 2465 ‚
781 2377 1017 2448 donec
1060 2376 1471 2447 Urbinatem
1508 2376 1829 2447 codicem
1856 2376 1948 2447 ab
1985 2402 2058 2447 se
2085 2402 2456 2447 excussum
2497 2378 2720 2449 edidit
2746 2386 3132 2471 Rumam,

498 2502 707 2593 cujus
744 2498 991 2569 relatio
1050 2498 1258 2571 docet
1319 2514 1585 2593 quanta
1628 2499 1760 2569 sibi
1820 2501 2269 2595 permiserint
2315 2514 2584 2570 veteres
2629 2502 2932 2596 magistri
2975 2528 3129 2571 mu·

497 2617 723 2688 tando
764 2616 1247 2712 lingendoque
1278 2670 1297 2705 ,
1356 2633 1421 2686 et
1473 2618 1798 2714 exemplo
1846 2617 2292 2689 demonstrat
2335 2634 2556 2689 artem
2613 2621 2930 2691 criticam
2980 2648 3126 2692 non

498 2734 854 2805 contineri
896 2734 968 2802 in
1012 2733 1468 2804 confusarum
1506 2735 1871 2808 literarum
1900 2737 2288 2807 notatione.
2327 2740 2699 2807 Isocratem
2728 2738 2871 2810 hoc
2915 2740 3130 2811 inodo

494 2871 664 2927 ante
704 2856 839 2926 hos
877 2871 1021 2926 tres
1056 2871 1122 2926 et
1168 2857 1412 2951 viginti
1448 2882 1678 2943 annos
1720 2882 1884 2928 vere
1933 2874 2256 2929 renatum
2303 2862 2626 2930 comitari
2665 2886 2811 2929 non
2859 2877 3130 2956 poterat

500 2980 918 3073 Hieronymi
948 2977 1191 3048 wolfii
1222 2979 1547 3074 quamvis
1576 2980 1765 3053 bona
1796 2980 2164 3051 translatio
2192 3009 2207 3050 ε
2247 2981 2466 3052 multa
2493 2982 2771 3077 refingi,
2815 2984 3132 3081 suppleri

500 3103 728 3173 multa
750 3102 1133 3173 debebant.
1158 3103 1375 3189 Quod
1402 3106 1723 3200 praestitit
1757 3106 2174 3203 professoris
2201 3109 2681 3199 Coburgensis
2697 3112 2760 3176 E
2769 3116 2886 3177 .A.
2909 3114 2961 3178 Ι.
2981 3109 3129 3177 Ale-

497 3250 659 3297 rens
685 3224 891 3295 docta
922 3224 1308 3319 diligentia.
1338 3229 1578 3296 Graeca
1607 3242 1842 3297 autem
1888 3245 2046 3324 post
2093 3228 2470 3298 Bekkeram
2500 3244 2564 3299 et
2589 3236 2668 3301 G.
2694 3232 3128 3324 De‘nclorfium

496 3348 807 3417 maxima
858 3372 1024 3417 cura
1074 3362 1488 3419 tractaverat
1536 3354 1854 3419 Bcze‘terus
1886 3404 1904 3435 ‚
1955 3353 2079 3446 qui
2135 3368 2489 3448 quantum
2539 3353 2611 3422 in
2651 3320 2792 3423 hoc
2849 3358 3174 3423 oratore'

496 3469 714 3539 studii
752 3470 1071 3564 posuerit
1110 3468 1427 3540 editione
1463 3474 1869 3567 panegyrici
1927 3489 1995 3543 et
2037 3475 2193 3544 aliis
2239 3475 2522 3570 scriptis
2566 3476 2858 3546 abunde
2893 3491 3130 3547 osten-

497 3590 623 3659 dit.
664 3591 831 3685 Ejus
861 3591 1069 3685 igitur
1106 3592 1235 3661 viri
1280 3591 1471 3664 docti
1516 3598 2002 3665 recensionem
2027 3601 2524 3692 expressimuS,
2580 3599 2936 3694 appellato
2975 3599 3131 3695 ipso

496 3714 556 3781 si
615 3714 1019 3808 quid-esset
1071 3714 1272 3809 quod
1311 3715 1457 3808 jam
1508 3716 1712 3786 aliter
1764 3718 1979 3787 scribi
2042 3718 2271 3789 vellet.
2335 3724 2583 3815 Neque
2635 3746 2828 3791 nunc
2884 3721 3132 3791 deesse

501 3837 787 3906 {socrati
836 3837 1062 3906 voluit
1103 3862 1278 3924 sn0,
1328 3840 1447 3908 sed
1488 3840 1859 3911 observata
1908 3866 2090 3911 nova
2127 3841 2508 3911 nobiscum
2555 3844 3129 3915 communicavit.

496 3961 834 4043 Quorum
873 3958 1024 4029 haec
1056 3984 1752 4031 commemoramus:
1792 3961 1911 4031 Ad
1945 3964 2274 4056 Nicocl.§
2316 3990 2380 4049 2,
2437 3963 2479 4033 l.
2511 3988 2623 4058 29,
2664 3968 2846 4059 ἔργων
2883 3963 3129 4034 delen-

497 4077 676 4147 dum
720 4079 1135 4173 significavit
1165 4108 1331 4151 cum
1374 4098 1523 4178 opt.
1564 4083 1777 4153 codd.
1817 4087 1998 4176 540,
2037 4082 2128 4168 45
2158 4088 2462 4187 θαυμάσῃς
2494 4086 2772 4179 scripsit
2818 4110 2950 4181 pro
2995 4091 3130 4155 θαύ-

497 4204 650 4299 μαζε
702 4229 781 4274 ex
835 4229 965 4275 usu
1017 4206 1389 4301 loquendi.
1428 4252 1521 4261 —-
1564 4210 1824 4279 Nic-ool.
1872 4212 1910 4301 §
1966 4237 2096 4295 αα,
2150 4208 2242 4295 45
2297 4212 2575 4305 scripsit
2622 4216 2724 4281 καὶ
2773 4215 2972 4281 λαθεῖν
3027 4217 3130 4282 καὶ

498 4329 801 4419 φθῆναι,
852 4350 985 4421 pro
1021 4330 1308 4420 ὀφθῆναι,
1350 4330 1619 4424 egregia
1655 4331 2180 4400 emendatione.
2234 4335 2271 4424 §
2312 4336 2425 4415 24,
2461 4332 2502 4401 8
2542 4348 2606 4401 et
2649 4332 2844 4424 §30,
2881 4332 2959 4404 51
3007 4333 3130 4405 de·
3213 4406 3218 4411 ,

500 4448 710 4517 lenda
760 4451 1032 4520 notavit
1086 4463 1205 4518 τῶν
1262 4435 1565 4527 Ἀθηναίων
1628 4469 1694 4522 et
1745 4466 1864 4522 τῶν
1927 4450 2098 4523 ἰδεῶν
2165 4479 2328 4523 cum
2390 4456 2700 4550 optimis,
2762 4459 2800 4548 §
2862 4455 2988 4539 55,
3041 4456 3130 4540 34

505 4578 858 4665 πραοτέρους
904 4596 1035 4667 pro
1074 4577 1287 4668 πράους
1335 4600 1418 4643 ex
1458 4591 1605 4670 opt.
1662 4580 1700 4669 §
1734 4577 1813 4646 61
1836 4630 1854 4653 ,
1893 4602 1970 4645 21
2022 4584 2080 4645 ἐν
2127 4593 2294 4647 ante
2327 4588 2456 4657 τοῖς
2493 4580 2690 4670 λόγοις
2723 4578 2924 4671 ejecit
2966 4602 3130 4647 cum

503 4694 712 4763 codd.
750 4736 839 4745 —
880 4700 1138 4793 Paneg.
1184 4698 1221 4787 §
1261 4696 1373 4778 28,
1411 4696 1455 4765 6
1490 4696 1680 4767 delet
1722 4696 1932 4778 διττὰς
1968 4724 2132 4767 cum
2169 4715 2316 4794 opt..
2360 4698 2542 4791 §33‚
2575 4705 2616 4784 [5
2655 4707 3134 4796 ὁμολογουμένως

508 4840 667 4884 cum
724 4820 808 4883 H.
847 4815 1109 4884 Wolfio
1154 4842 1287 4911 pro
1339 4826 1857 4914 ὁμολογουμένους.
1912 4824 1950 4912 5
1989 4821 2120 4907 83,
2167 4822 2258 4915 39
2310 4824 2709 4917 transponit
2760 4823 2956 4917 quod
2991 4840 3134 4893 erat

508 4946 616 5014 τὴν
652 4944 969 5033 σύμπασαν
1018 4924 1303 5010 Ἐλλάδα.
1356 4944 1393 5033 5
1433 4968 1587 5037 107,
1624 4967 1706 5036 27
1772 4944 1958 5012 delet
2008 4949 2064 5012 οἱ
2097 4944 2271 5013 ἄλλοι
2307 4969 2468 5013 cum
2509 4959 2657 5039 opt.
2689 4988 2778 4997 --
2825 4946 3127 5040 Philipp.

501 5063 544 5151 5
595 5086 645 5141 ι,
703 5087 721 5129 ι
773 5060 1009 5157 ἄγνοιαν
1052 5087 1183 5157 pro
1228 5062 1423 5131 ἄνοιαν
1455 5089 1619 5133 cum
1660 5080 1810 5159 opt.
1858 5068 1895 5157 5
1939 5064 2067 5160 57,
2113 5072 2190 5149 ίμ
2234 5092 2336 5160 sq.
2376 5069 2680 5135 correxit
2717 5065 2911 5160 quod
2953 5065 3134 5159 lege-

510 5180 721 5251 batur
752 5188 1161 5277 ἀντιλέγουσιν
1190 5193 1287 5261 ὡς.
1320 5187 1356 5275 5
1396 5182 1548 5269 154,
1606 5191 1679 5269 ιζ.
1721 5185 1970 5281 κατίδῃς
2005 5212 2137 5281 pro
2172 5184 2468 5266 κατίδοις.
2497 5229 2588 5239 -
2623 5186 2904 5256 Archicl.
2944 5190 2981 5277 §
3031 5213 3130 5282 17,

515 5302 601 5373 52
642 5306 948 5374 correxit
990 5330 1069 5373 ex
1110 5305 1269 5374 cod.
1308 5311 1374 5373 E.
1416 5306 1741 5376 ordinem
1790 5312 2067 5401 ἀφίκοντο
2104 5313 2182 5388 εἰς
2213 5315 2484 5402 Δελφούς.
2524 5311 2711 5403 574,
2766 5308 2842 5379 15
2885 5313 3144 5401 ἀφέσθαι·

796 5440 1034 5483 ΙευοιιΑτΒ.
2797 5452 2832 5485 a
