3825 5842
417 938 467 977 :35

415 1810 468 1849 ⁴0

501 438 608 493 166

493 560 587 635 τὴν
625 558 766 629 τοίξιν
796 566 1101 639 κατηγορεῖν
1133 556 1169 629 ἢ
1199 557 1330 637 ὑπὲρ
1357 558 1459 616 τῶν
1500 556 1746 617 τοιούτων
1774 558 2048 639 ἀπολογεῖ-

495 655 636 709 σθαι.
680 646 776 717 Τίς
796 647 898 729 γάρ
923 649 1061 706 ἐστιν
1085 646 1230 713 ἐλπὶς
1251 645 1367 713 τοὺς
1391 645 1578 714 ἄλλους
1599 646 1862 719 ἐθελήσειν
1880 647 2047 707 ποιεῖν

495 736 560 797 τὰ
605 736 705 797 ὑπὸ
748 740 850 795 τῶν
898 736 1201 816 στρατηγῶν
1240 733 1696 813 προσταττόμενα,
1737 732 1862 793 ὅταν
1903 734 2049 795 αὐτοὶ

495 818 636 885 οὗτοι
657 822 772 892 τοὺς
795 826 1151 900 ἀκοσμοῦντας
1177 820 1356 891 σώζειν
1386 825 1694 905 πειρῶνται;
1779 820 1868 903 (22)
1903 822 2050 902 Ἐγὼ

495 914 660 975 τοίνυν
684 912 808 982 ἀξιῶ
823 956 840 985 ,
870 910 933 971 διν
963 907 1057 988 μὲν
1082 908 1418 979 ἀποδείξωσιν
1442 914 1489 970 οἱ
1510 908 1744 989 λέγοντες
1771 912 1861 971 καὶ
1883 910 2050 971 αἰτού-

497 1025 640 1081 μενοι
667 1000 794 1081 ὑπὲρ
821 997 1144 1059 Ἀλκιὸιάδου
1175 1002 1242 1065 ὡς
1266 997 1646 1079 ἐστρατεύσατο
1671 1001 1722 1058 ἐν
1758 1008 1864 1067 τοῖς
1899 998 2050 1059 ὁπλί-

494 1114 605 1157 ταις
635 1086 670 1160 ἢ
693 1090 764 1156 ὡς
783 1084 971 1146 ἵππευε
999 1084 1462 1165 δεδοκιμασμένος,
1486 1086 1935 1169 ἀποψηφίσασθαὶ·
1960 1084 2050 1147 ἐὰν

495 1176 550 1237 δὲ
581 1174 740 1255 μηδὲν
765 1174 966 1254 ἔχοντες
991 1172 1188 1233 δίκαιον
1213 1170 1490 1233 κελεύωσιν
1516 1176 1687 1243 αὑτοῖς
1716 1173 2048 1257 χαρίζεσθαι,

495 1268 789 1343 μεμνῆσθαι
811 1261 916 1343 χρὴ
941 1260 1021 1320 ὅτι
1051 1258 1379 1321 διδάσκουσιν
1399 1264 1533 1341 ὑμᾶς
1551 1265 1808 1344 ἐπιορκεῖν
1832 1262 1923 1322 καὶ
1946 1265 2050 1330 τοῖς

492 1350 665 1431 νόμοις
693 1350 768 1429 μὴ
797 1350 1091 1422 πείθεσθαι,
1115 1348 1205 1408 καὶ
1234 1347 1312 1409 ὅτι
1339 1348 1456 1408 λίαν
1483 1349 1762 1431 προθύμως
1797 1354 1906 1417 τοῖς
1945 1351 2052 1409 ἅδι-

493 1446 642 1500 κοῧσι
685 1443 987 1520 βοηθοῦντες
1013 1436 1231 1506 πολλοὺς
1257 1441 1360 1497 τῶν
1389 1440 1559 1497 αὐτῶν
1591 1436 1754 1521 ἔργων
1782 1439 2049 1516 ἐπιθυμεῖν

502 1526 820 1601 ποιήσουσιν.

569 1636 642 1677 23.
687 1614 962 1695 Θαυμᾶζω
991 1614 1044 1674 δὲ
1083 1614 1352 1693 μάλιστα,
1389 1604 1434 1673 ὦ
1468 1613 1648 1698 ἄνδρες
1688 1612 1961 1689 δικασταί,
2004 1612 2053 1674 εἴ

491 1729 566 1772 τις
593 1708 738 1782 ὓμῶν
772 1702 859 1761 τὸν
905 1700 1234 1774 Ἀλκιὸιᾶδην
1280 1700 1487 1769 ἀξιώσει
1517 1702 1602 1761 διὰ
1639 1700 1734 1779 μὲν
1775 1699 1894 1770 τοὺς
1924 1706 2048 1784 βοη-

490 1798 700 1859 θοῦντας
723 1791 976 1860 σώζεσθαι
998 1834 1016 1867 ,
1042 1787 1129 1848 διὰ
1150 1788 1205 1847 δὲ
1228 1787 1322 1859 τὴν
1345 1792 1504 1848 αὑτοῦ
1530 1790 1783 1870 πονηρίαν
1813 1788 1886 1868 μὴ
1913 1794 2049 1850 ἄπο-

489 1878 688 1940 λέσθαι.
769 1868 873 1946 ’Ἧς
897 1878 1034 1947 ἄξιον
1059 1881 1195 1953 ὑμᾶς
1214 1878 1460 1950 ἀκοῦσαι,
1479 1872 1546 1935 ἵν’
1568 1876 1847 1951 ἐπίστησθε
1865 1877 1946 1938 ὅτι
1956 1880 2049 1938 οὔκ

494 1966 556 2026 ἂν
580 1964 790 2034 εἰκότως
820 1968 977 2025 αὐτοῦ
1002 1964 1409 2047 ἀποψηφίζοισθε
1425 2008 1443 2037 ,
1469 1968 1540 2032 ὥς
1569 1970 1738 2025 ταῦτα
1762 1962 1859 2043 μὲν
1881 1967 2048 2045 ἡμαρ-

491 2056 737 2129 τηκότος,
762 2052 830 2113 τὰ
859 2052 904 2112 δ’
933 2052 1070 2112 ἄλλα
1097 2051 1309 2112 πολίτου
1335 2058 1568 2133 χρηστοῦ
1594 2050 1960 2132 γεγενημένου·
1989 2054 2049 2111 ἐκ

491 2142 592 2223 γὰρ
629 2146 732 2201 τῶν
762 2142 934 2201 ἄλλων
975 2144 1079 2199 τῶν
1122 2139 1292 2221 τούτῳ
1327 2139 1706 2220 πεπραγμένων
1736 2140 1947 2208 δικαίως
1985 2138 2047 2199 ἂν

492 2234 649 2291 αὐτοῦ
669 2230 886 2289 θάνατον
915 2228 1372 2310 καταψηφίζοισθε.
1444 2228 1532 2309 (τι)
1568 2226 1834 2309 Προσήκει
1861 2228 1905 2287 δ’
1926 2232 2046 2306 ὑμῖν

391 2318 608 2400 intrepi
629 2321 798 2377 αὐτῶν
818 2314 1022 2376 εἰδέναι·
1047 2315 1226 2389 ἐπειδὴ
1252 2315 1354 2397 γὰρ
1377 2315 1592 2374 καὶτῶν
1617 2314 2047 2395 ἀπολογουμένων

490 2405 807 2487 ἀποδέχεσθε
847 2404 1100 2483 λεγόντων
1127 2402 1221 2471 τὰς
1249 2401 1497 2487 σφετέρας
1533 2405 1702 2463 αὐτῶν
1741 2402 1929 2483 ἀρετὰς
1956 2402 2047 2464 καὶ

493 2493 580 2563 τὰς
606 2500 708 2555 τῶν
732 2494 998 2575 προγόνων
1026 2491 1318 2572 εὐεργεσίας
1335 2536 1353 2569 ,
1379 2491 1512 2559 εἰκὸς
1539 2494 1673 2570 ὑμᾶς
1701 2490 1792 2551 καὶ
1817 2496 1921 2551 τῶν
1950 2514 2045 2549 κα·

487 2584 722 2662 τηγόρων
754 2586 1068 2663 ἀκροᾶσθαι,
1109 2580 1198 2639 ἐὰν
1244 2580 1571 2662 ἀποφαίνωσι
1611 2578 1728 2648 τοὺς
1767 2578 2048 2661 φεύγοντας

488 2668 659 2730 πολλὰ
678 2672 749 2737 εἰς
769 2672 905 2747 ὑμᾶς
925 2666 1298 2749 ἡμαρτηκότας
1321 2666 1412 2726 καὶ
1437 2666 1554 2735 τοὺς
1571 2666 1851 2747 προγόνους
1873 2670 2045 2727 αὐτῶν

487 2758 693 2817 πολλῶν
729 2760 905 2817 κακῶν
941 2755 1133 2823 αἰτίους
1158 2754 1547 2835 γεγενημένους.
1633 2756 1724 2833 (25)
1755 2746 1925 2823 Οὗτος
1945 2753 2047 2837 γὰρ

487 2846 611 2912 παῖς
639 2844 734 2923 μὲν
771 2842 845 2902 ὧν
871 2846 998 2925 παρ’
1023 2842 1333 2924 Ἀρχεδήμῳ
1372 2845 1449 2923 τῷ
1475 2841 1715 2922 γλάμωνι
1729 2886 1746 2919 ,
1775 2843 1870 2901 οὐκ
1895 2841 2047 2920 ὀλίγα

486 2937 586 2992 τῶν
617 2930 877 3013 ὑμετέρων
909 2928 1226 3014 ὑφῃρημένῳ
1243 2975 1262 3008 ‚
1287 2930 1496 2989 πολλῶν
1523 2929 1760 3010 ὁρώντων
1785 2929 1928 2989 ἔπινε
1952 2930 2045 3007 μὲν

487 3020 588 3079 ὑπὸ
612 3023 687 3101 τῷ
716 3022 859 3101 αὐτῷ
883 3018 1078 3099 ἱματίῳ
1118 3016 1522 3095 κατακείμενος,
1563 3015 1798 3094 ἐκώμαζε
1831 3018 1885 3077 δὲ
1931 3023 2045 3097 μεθ’

484 3108 708 3189 ἡμέραν,
735 3106 926 3182 aiv-1260<
946 3107 1156 3188 ἑταίραν
1186 3106 1344 3183 ἔχων,
1376 3104 1693 3185 μιμούμενος
1718 3106 1836 3174 τοὺς
1861 3109 2043 3167 ἑαυτοῦ

487 3194 765 3277 προγόνους
779 3241 797 3274 ,
820 3194 912 3255 καὶ
933 3195 1215 3273 ἡγούμενος
1230 3195 1320 3253 οὐκ
1344 3192 1408 3252 ἂν
1422 3192 1670 3253 δύνασθαι
1694 3192 2045 3274 πρεσὸύτερος

486 3280 559 3341 ὢν
579 3282 816 3363 λαμπρὸς
839 3282 1104 3362 γενέσθαι,
1139 3283 1183 3339 εἶ
1214 3280 1288 3359 μὴ
1311 3280 1421 3348 νέος
1443 3276 1516 3339 ὢν
1537 3281 1886 3361 πονηρότατος
1913 3281 2045 3351 δόξει

486 3360 633 3428 εἶναι.
719 3371 808 3451 (2⁶)
841 3368 1196 3450 Μετεπέμφθη
1246 3370 1291 3425 δ’
1337 3367 1438 3426 ὑπὸ
1467 3367 1824 3441 Ἀλκιὸιοίδου,
1863 3368 2043 3441 ἐπειδὴ

485 3460 716 3536 φανερῶς
761 3455 1100 3535 ἐξημάρτανε.
1185 3453 1371 3515 Καίτοι
1411 3452 1559 3524 ποῖόν
1590 3477 1704 3514 τινα
1745 3455 1851 3536 χρὴ
1889 3454 2044 3517 αὐτὸν

412 3562 460 3601 10
485 3546 571 3625 ὑφ’
595 3546 741 3619 ὑμῶν
767 3542 1066 3621 νομίζεσθαι
1093 3530 1258 3620 εἶναι,
1282 3540 1422 3610 ὅστις
1450 3542 1676 3623 κάκείνῳ
1703 3544 1896 3603 τοιαῦτ’
1928 3546 2043 3603 ἐπι-

405 4173 455 4213 H

485 3630 718 3702 τηὸεύων
753 3629 1082 3704 διεὸέὸλητο,
1117 3626 1170 3696 ὃς
1211 3628 1327 3696 τοὺς
1365 3628 1552 3697 ἄλλους
1589 3634 1737 3689 ταῦτ’
1765 3630 2041 3710 ἐδίδασκες

487 3718 641 3779 Μετὰ
681 3718 943 3797 Θεοτίμου
982 3718 1037 3777 δὲ
1084 3716 1456 3785 ἐπιδουλεύσας
1496 3722 1571 3797 τῷ
1615 3719 1777 3800 πατρὶ
1821 3718 2040 3800 Ὠρεοὺς

484 3806 802 3886 προῦδωκεν.
849 3805 918 3868 ‘0
939 3806 994 3865 δὲ
1023 3802 1348 3885 παραλαόὼν
1371 3804 1431 3863 τὸ
1453 3803 1644 3885 χωρίον
1671 3804 1921 3886 πρότερον
1946 3805 2039 3884 μὲν

485 3893 688 3974 ὔὸριζεν
727 3895 882 3953 αὖτὸν
910 3896 1100 3975 ὡραῖον
1130 3892 1287 3965 ὄντα,
1316 3893 1568 3951 τελευτῶν
1597 3891 1651 3951 δὲ
1681 3893 1844 3966 δήσας
1884 3892 2042 3975 ἀργό-

487 4005 592 4063 ριον
613 3980 997 4062 εἰσεπράττετο.
1047 3982 1136 4058 (27)
1159 3978 1229 4041 Ὁ
1245 3978 1300 4039 δὲ
1320 3979 1496 4061 πατὴρ
1519 3979 1674 4039 αὐτὸν
1695 3979 1855 4048 οὕτως
1870 3981 2038 4059 ἐμίσει

484 4070 710 4153 σφόδρα,
741 4068 866 4129 ὥστ’
889 4069 994 4129 οὐδ’
1024 4067 1088 4129 ἂν
1117 4068 1457 4136 ἀποθανόντος
1484 4066 1679 4149 ἔφασκε
1705 4067 1773 4128 τὰ
1793 4070 1925 4128 ὀστᾶ
1950 4093 2039 4129 κο-

484 4158 758 4235 μίσασθαι.
802 4156 1222 4229 Τελευτήσαντος
1240 4157 1288 4214 δ’
1311 4154 1505 4215 ἐκείνου
1527 4154 1748 4236 ἐραστὴς
1770 4154 2041 4235 γενόμενος

484 4246 822 4327 Ἀρχεὸιάδης
849 4244 1002 4304 αὐτὸν
1026 4243 1268 4303 ἐλύσατο.
1314 4245 1396 4303 Οὖ
1423 4245 1600 4324 πολλῷ
1625 4242 1678 4303 δὲ
1697 4244 1868 4326 χρόνῳ
1892 4244 2040 4305 ὅστε·-

486 4357 570 4415 ρον
596 4332 990 4399 κατακυὸεύσας
1009 4330 1074 4389 fit
1093 4330 1235 4404 ὄντα,
1256 4332 1316 4390 ἐκ
1341 4332 1544 4405 Λευκῆς
1561 4335 1721 4403 ἀκτῆς
1739 4331 2039 4413 ὁρμώμενος

481 4420 600 4489 τοὺς
623 4421 797 4503 φίλους
817 4417 1196 4488 κατεπόντιζεν.
1245 4419 1335 4495 (28)
1358 4416 1507 4479 Ὅσα
1537 4418 1632 4497 μὲν
1655 4408 1762 4493 οὗν,
1789 4409 1834 4478 ὦ
1858 4419 2038 4501 ἄνδρες

484 4507 753 4581 δικασταί,
777 4504 812 4578 ἢ
837 4508 905 4573 εἷς
935 4505 1048 4573 τοὺς
1075 4504 1286 4573 πολίτας
1313 4504 1347 4577 ἢ
1373 4510 1442 4572 εἰς
1474 4504 1591 4573 τοὺς
1616 4506 1831 4575 οἰκείους
1853 4506 1888 4581 ἢ
1918 4510 2035 4589 περὶ

483 4596 597 4663 τοὺς
624 4598 779 4654 αὑτοῦ
811 4591 1032 4665 ξένουςῆ
1061 4591 1181 4673 περὶ
1207 4591 1325 4659 τοὺς
1364 4591 1551 4659 ἄλλους
1585 4590 1892 4672 ἡμάρτηκε,
1933 4617 2035 4670 μα-

481 4684 602 4763 κρὸν
630 4682 688 4741 ἂν
710 4682 790 4753 εἴη
811 4680 993 4760 λέγειν·
1019 4678 1313 4747 Ἱππόνικος
1343 4678 1396 4739 δὲ
1414 4678 1635 4747 πολλοὺς
1662 4678 2035 4760 παρακαλέσας

480 4770 736 4851 ἐξέπεμψε
763 4768 858 4841 τὴν
895 4772 1051 4829 αὑτοῦ
1087 4772 1336 4848 γυναῖκα,
1371 4766 1584 4850 φάσκων
1619 4774 1800 4827 τοῦτον
1837 4770 1910 4834 ὡς
1943 4770 2035 4827 οὐκ

479 4860 698 4941 ἀδελφὸν
740 4860 927 4931 αὐτῆς,
953 4860 1067 4916 ἀλλ’
1098 4860 1167 4925 ὥς
1209 4858 1371 4937 ἄνδρα
1409 4856 1604 4929 ἐκείνης
1632 4860 1701 4924 εἰς
1732 4854 1828 4929 τὴν
1864 4856 2030 4915 οἰκίαν

479 4949 692 5009 εἰσιέναι
718 4946 814 5019 τὴν
843 4949 1018 5006 αὑτοῦ.
1103 4948 1194 5025 (29)
1233 4946 1342 5006 Καὶ
1363 4946 1562 5003 τοιαῦθ’
1593 4944 1918 5025 ἡμαρτηκότι
1941 4944 2031 5003 καὶ

479 5036 613 5096 οὕτω
642 5035 782 5095 δεινὰ
802 5035 892 5094 καὶ
913 5032 1084 5093 πολλὰ
1119 5033 1206 5093 καὶ
1227 5032 1431 5112 μεγάλα
1455 5032 1764 5104 πεποιηκότι
1786 5031 1902 5092 οὔτε
1926 5034 2029 5091 τῶν

479 5123 858 5205 πεπραγμένων
909 5126 1050 5205 αὐτῷ
1101 5121 1384 5200 μεταμέλει
1427 5119 1546 5179 οὔτε
1587 5122 1688 5179 τῶν
1733 5120 2028 5197 μελλόντων

483 5212 702 5272 ἔσεσθαι.
733 5211 835 5272 Ὃν
867 5214 1063 5289 μᾶλλον
1094 5210 1195 5269 ἔδει
1214 5208 1574 5269 κοσμιώτατον
1595 5198 1725 5267 εἶναι
1749 5212 1850 5266 τῶν
1877 5211 2024 5267 πολι·

1447 426 1730 487 ΛΥΣΙΟΥ
1770 427 1820 488 Ο
1863 426 2073 489 ΚΑΤΑ
2111 426 2580 495 ΑΛΚΙΒῙΑΔΟΥ
2609 434 2682 494 Α.

3408 446 3665 521 (εει-ιιι),

2138 572 2343 625 sertores
2364 574 2588 627 ordinum
2606 586 2833 627 accusare
2848 588 2997 639 quam
3013 589 3183 629 eorum
3212 591 3407 630 cauum
3424 580 3673 639 defendere.

2140 667 2269 726 Quid
2302 670 2430 721 enim
2454 668 2554 733 spei
2575 670 2648 721 est
2678 672 2862 723 ceteros
2892 672 3119 725 mandata
3146 673 3327 726 ducum
3349 681 3644 734 exsecuturos
3657 720 3670 745 ,

2139 762 2333 825 quando
2350 763 2421 813 illi
2446 764 2537 828 ipsi
2554 778 2749 817 servare
2766 767 2988 831 satagunt
3006 768 3287 820 militarium
3306 771 3469 834 legum
3490 773 3675 827 violato-

2139 858 2246 905 res?
2308 856 2407 919 (22)
2428 858 2507 909 Sic
2540 858 2685 921 igitur
2716 860 2877 911 statuo
2899 862 2971 912 ιεί
3002 862 3037 912 ii
3052 862 3140 925 qui
3160 875 3249 925 pro
3270 864 3511 917 alcibiade
3531 866 3677 932 depre-

2140 950 2328 1013 cantur,
2361 950 2560 1015 ejusque
2594 966 2788 1005 causam
2822 956 2995 1018 agunt,
3032 956 3262 1019 poterunt
3294 962 3679 1027 commonstrare,

2139 1058 2251 1096 eum
2275 1049 2359 1097 aut
2378 1046 2504 1099 inter
2524 1048 2681 1112 gravis
2698 1050 2957 1102 armaturae
2972 1052 3145 1104 milites
3158 1052 3300 1105 tuisse
3310 1092 3327 1117 ,
3346 1056 3435 1106 aut
3444 1057 3681 1121 probatum

2140 1141 2403 1205 equitasse,
2423 1155 2559 1193 reum
2581 1142 2816 1194 absolvite
2842 1164 2856 1195 ι
2888 1144 3015 1207 quod
3034 1146 3075 1195 si
3103 1146 3221 1197 nihil
3244 1147 3363 1211 justi
3382 1150 3680 1215 proferentes,

2136 1238 2375 1300 iubebunt
2392 1254 2479 1291 vos
2492 1241 2751 1305 gratificari
2768 1241 2883 1317 ipds
2896 1279 2913 1306 ,
2934 1246 3227 1297 mementote
3243 1246 3375 1309 quod
3399 1260 3486 1298 vos
3502 1256 3681 1302 monent

2140 1337 2190 1386 et
2220 1336 2559 1400 jusjurandum
2580 1339 2788 1404 violare,
2808 1342 2860 1391 et
2893 1342 3077 1405 legibus
3098 1356 3197 1393 non
3220 1356 3418 1407 parere,
3444 1346 3682 1411 quodque,

2140 1450 2293 1500 quum
2322 1437 2711 1502 delinquentibus
2738 1441 2825 1491 tali
2856 1440 3018 1493 studio
3040 1442 3423 1507 patrocinentur,
3452 1445 3607 1508 plures
3627 1448 3681 1499 ad

2140 1534 2309 1587 cad-
2328 1534 2505 1601 flagitia
2530 1538 2829 1590 excitabunt.

2202 1639 2279 1686 23.
2314 1635 2547 1700 Equidem
2564 1636 2865 1701 potissimum
2884 1638 3049 1701 miror,
3066 1638 3278 1701 jndices,
3294 1639 3335 1689 si
3352 1640 3467 1703 quis
3480 1642 3679 1695 vestrum

2139 1734 2483 1786 existimaverit
2519 1734 2812 1787 Alcibiadem
2844 1738 3039 1801 propter
3072 1737 3340 1788 advocatos
3376 1750 3481 1789 esse
3504 1752 3680 1793 serram

2138 1836 2257 1887 dum
2275 1874 2290 1900 ,
2318 1838 2371 1889 et
2390 1840 2587 1902 propter
2607 1852 2746 1889 suam
2766 1840 2912 1903 ipsius
2946 1838 3303 1903 improbitatem
3338 1854 3437 1891 non
3470 1854 3569 1893 esse
3586 1857 3681 1907 per-

2138 1933 2365 1986 dendum.
2433 1938 2506 1987 De
2530 1950 2627 2001 qua
2648 1950 2847 2001 aequum
2867 1938 2941 1989 est
2958 1952 3045 1989 vos
3062 1938 3294 1989 nonnulla
3318 1939 3515 2005 audire,
3532 1944 3587 1993 ut
3608 1956 3683 1995 co-

2136 2028 2373 2091 gnoscatis
2397 2043 2485 2080 vos
2506 2032 2679 2083 merito
2702 2032 2971 2085 condonare
2988 2033 3057 2083 illi
3080 2047 3179 2085 non
3199 2047 3365 2099 posse,
3393 2038 3523 2099 quod
3540 2040 3587 2089 in
3601 2042 3683 2093 hac

2137 2130 2332 2193 quidem
2358 2145 2412 2182 re
2432 2132 2715 2198 deliquerit,
2736 2134 2789 2185 iu
2814 2136 2984 2187 ceteris
3005 2150 3122 2188 vero
3146 2136 3379 2189 omnibus
3394 2142 3559 2204 optimi
3577 2145 3683 2197 ciris

2138 2228 2333 2281 iunctus
2356 2232 2419 2281 sit
2443 2232 2620 2285 officio.
2639 2235 2761 2283 Nam
2792 2248 2857 2285 ex
2890 2235 3088 2299 reliquis
3104 2250 3301 2303 quoque
3320 2238 3441 2289 vitae
3476 2240 3683 2294 institutis

2134 2326 2244 2389 iure
2264 2328 2423 2392 ipsum
2446 2328 2663 2391 plectetis
2686 2333 2868 2395 capite3
2893 2332 2991 2397 (24)
3010 2345 3121 2396 quae
3139 2347 3227 2385 vos
3244 2334 3476 2387 convenit
3492 2337 3681 2390 edoceri.

2138 2428 2301 2484 Quum
2324 2426 2454 2477 enim
2487 2425 2702 2479 toleretis
2732 2440 2842 2478 reos
2878 2442 2979 2479 suae
3012 2430 3225 2494 ipsorum
3258 2432 3459 2484 virtutis
3491 2435 3682 2488 facinora

2137 2526 2419 2591 egregiaque
2440 2526 2679 2589 maiorum
2710 2528 2882 2579 merita
2914 2530 3242 2594 recensentes,
3269 2544 3362 2594 par
3391 2533 3469 2582 ost
3499 2535 3677 2585 omnino

2138 2626 2435 2675 accusatores
2448 2624 2591 2675 etiam
2609 2624 2775 2675 audire
2785 2662 2801 2687 ,
2821 2625 2861 2675 si
2878 2626 3255 2676 commonstrare
3269 2628 3518 2690 potuerint
3532 2631 3579 2679 et
3590 2644 3681 2681 reos

2136 2724 2264 2787 ipsos
2296 2724 2451 2775 multa
2490 2724 2538 2775 in
2570 2739 2659 2776 vos
2688 2725 2967 2789 deliquisse,
2992 2728 3234 2777 eteorum
3266 2730 3475 2791 majores
3494 2731 3679 2794 plurima
3782 2752 3784 2791 1

2138 2827 2275 2878 vobis
2308 2828 2434 2878 mala
2470 2827 2703 2879 intulisse.
2774 2829 2873 2893 (25)
2914 2832 3009 2881 iste
3047 2844 3201 2895 quum
3232 2845 3353 2895 puer
3389 2836 3537 2897 esset,
3564 2837 3677 2899 apud
3782 2816 3784 2881 f

2137 2924 2487 2977 Archedemum
2502 2926 2733 2990 Lippuux,
2753 2928 2837 2990 qui
2854 2940 2915 2978 ex
2941 2928 3113 2979 vestris
3132 2942 3231 2979 non
3254 2942 3415 2994 pauca
3436 2934 3677 2997 surripuit,

2136 3020 2301 3072 multis
2318 3022 2741 3085 conspicientibus,
2766 3023 2817 3073 in
2848 3024 3017 3073 eadem
3046 3027 3211 3087 iacens
3232 3028 3451 3090 stragula
3476 3030 3678 3093 potabat,

2135 3116 2588 3179 comessabaturque
2618 3116 2825 3167 interdiu
2843 3154 2858 3179 ,
2887 3117 3132 3182 impubes,
3150 3132 3264 3171 cum
3282 3125 3472 3187 scorto,
3490 3126 3677 3189 maiores

2134 3224 2246 3262 suos
2266 3212 2504 3275 imitatus,
2527 3212 2880 3278 arbitratusque
2904 3216 3005 3265 tore
3026 3216 3084 3266 ut
3116 3230 3215 3267 non
3248 3222 3414 3282 posset
3442 3220 3493 3271 in
3517 3222 3670 3275 adulta

2133 3310 2278 3357 aetate
2312 3307 2570 3370 praeclarus
2592 3308 2695 3359 lieri
2708 3346 2723 3372 ,
2752 3310 2844 3360 nisi
2869 3310 2919 3360 in
2950 3312 3118 3361 tenera
3138 3314 3340 3377 pueritia
3362 3316 3525 3379 palam
3548 3318 3673 3369 vide·

2134 3405 2266 3454 retur
2279 3404 2611 3467 nequissimus.
2675 3406 2773 3469 (26)
2794 3407 2867 3457 Ab
2890 3408 3131 3460 Alcibiade
3146 3422 3291 3475 porro
3309 3414 3564 3465 accersitus
3586 3418 3666 3479 est,

2132 3512 2285 3563 quum
2312 3501 2460 3564 ipsius
2478 3502 2654 3565 flagitia
2672 3502 2773 3566 jam
2808 3505 3061 3556 manifesta
3085 3506 3273 3558 fierent.
3340 3511 3406 3561 At
3424 3510 3669 3573 cuiusmodi

2131 3616 2243 3653 eum
2267 3616 2296 3653 a
2313 3603 2449 3654 vobis
2473 3604 2638 3655 haberi
2674 3606 2862 3669 oportet
2880 3607 2963 3670 qui
2994 3610 3045 3659 et
3064 3608 3235 3661 eadem
3263 3625 3379 3661 cum
3416 3612 3499 3663 illo
3522 3612 3666 3663 studia

2130 3700 2340 3749 sectatus
2357 3698 2430 3747 est
2446 3738 2461 3761 ,
2486 3698 2537 3747 et
2560 3697 2881 3749 infamabatur
2905 3702 3039 3765 quasi
3060 3703 3147 3767 qul
3172 3706 3357 3755 ceteros
3380 3706 3503 3757 iniis
3516 3707 3667 3758 studiis
3782 3720 3784 3727 ⁴

2131 3792 2435 3842 institueret?
2499 3795 2707 3855 Operam
2740 3794 2779 3845 is
2800 3796 3055 3847 Theotimo
3076 3802 3307 3862 praestans
3327 3803 3379 3851 et
3412 3802 3532 3865 patri
3562 3803 3667 3853 insi·

2128 3887 2311 3950 diatus,
2338 3891 2493 3938 oreos
2514 3890 2740 3953 prodidit.
2765 3892 3075 3955 Theotimus,
3112 3894 3287 3958 oppido
3306 3900 3525 3961 recepto,
3544 3898 3665 3949 istius

2130 3987 2449 4039 adolescentia
2464 3988 2693 4053 flagitiose
2710 3993 2910 4054 abusuS,
2922 3992 3117 4044 tandem
3136 3994 3184 4043 in
3202 3994 3393 4046 vincula
3407 3996 3604 4058 coniecit
3616 3996 3664 4045 ut

2126 4085 2377 4147 pecuniam
2409 4089 2705 4152 exposceret.
2774 4090 2875 4152 (27)
2900 4089 2995 4141 Sed
3018 4090 3173 4141 fllium
3192 4092 3329 4155 pater
3348 4096 3452 4144 tam
3470 4094 3660 4157 graviter

2127 4177 2295 4230 oderat
2310 4181 2367 4231 ut
2398 4182 2594 4244 negaret
2613 4194 2665 4231 se
2687 4182 2762 4232 vel
2800 4183 2978 4233 mortui
3000 4196 3107 4233 ossa
3146 4186 3468 4248 recepturum.
3528 4187 3609 4237 lllo
3636 4200 3662 4237 e

2125 4276 2248 4327 vivis
2265 4278 2482 4343 sublato,
2505 4279 2818 4331 Archebiades
2840 4280 2983 4343 huius
3010 4282 3196 4332 amator
3222 4284 3375 4334 tactus
3407 4298 3517 4334 eum
3535 4284 3658 4334 rede·

2126 4368 2214 4419 mit
2234 4382 2297 4419 ex
2320 4370 2538 4421 vinculis.
2604 4374 2709 4422 Non
2736 4372 2802 4423 ita
2834 4373 2989 4423 multo
3011 4374 3147 4437 post,
3174 4373 3315 4447 bonis
3332 4377 3433 4427 suis
3454 4378 3552 4427 alea
3570 4378 3657 4427 dis·

2123 4460 2351 4525 perditis,
2388 4464 2581 4515 solvens
2610 4476 2672 4515 ex
2698 4468 2853 4517 Leuca
2884 4466 3001 4517 Acta
3022 4468 3203 4517 amicos
3231 4467 3500 4520 submersit.
3564 4472 3651 4531 (28)

2124 4558 2255 4614 Quot
2276 4556 2436 4621 igitur,
2465 4557 2679 4619 judices,
2709 4559 2785 4609 vel
2810 4559 2858 4608 in
2892 4560 3021 4609 cives
3036 4598 3049 4622 ,
3070 4559 3151 4611 vel
3173 4561 3223 4612 in
3243 4564 3496 4625 cognatos,
3514 4562 3582 4613 vel
3614 4565 3655 4611 in

2122 4648 2330 4713 hospites
2349 4664 2487 4712 suos,
2520 4650 2737 4714 aliosque
2761 4652 2980 4716 admisit,
3018 4654 3213 4717 longum
3244 4658 3369 4706 esset
3406 4670 3648 4707 recensere.

2123 4745 2412 4809 Hipponicus
2439 4748 2598 4795 autem
2617 4746 2835 4808 pluribus
2847 4748 3123 4798 convocatis
3138 4786 3153 4811 ,
3170 4764 3369 4800 uxorem
3388 4750 3653 4815 repudiavit,

2118 4854 2270 4903 quum
2287 4838 2465 4890 diceret
2486 4840 2617 4891 huuc
2638 4854 2737 4891 non
2760 4841 2817 4892 ut
2842 4842 3036 4914 tratrem
3058 4843 3184 4893 illius
3200 4880 3214 4905 ,
3234 4844 3319 4895 sed
3338 4847 3391 4896 ut
3410 4848 3621 4897 maritum
3636 4880 3649 4905 ,

2118 4935 2167 4985 in
2200 4934 2329 4985 aedes
2353 4946 2464 4985 suas
2490 4946 2593 4984 esse
2618 4934 2898 4997 ingressum.
2966 4936 3067 4998 (29)
3106 4938 3263 4999 Atque
3294 4936 3420 4989 hunc
3442 4938 3525 5002 qui
3543 4939 3649 4989 talia

2116 5029 2343 5092 deliquit,
2368 5027 2453 5091 qui
2464 5029 2539 5078 tot
2559 5028 2607 5085 et
2624 5028 2723 5076 tam
2738 5026 2927 5090 indigna
2948 5028 3270 5093 perpetravit,
3292 5043 3445 5095 neque
3464 5035 3649 5095 praeter-

2116 5125 2295 5174 itorum
2334 5122 2535 5187 pmnitet
2572 5122 2863 5187 quidquam,
2900 5134 3058 5186 neque
3092 5136 3262 5174 eorum
3286 5126 3523 5189 poeniiehit
3550 5138 3649 5189 quo

2116 5220 2274 5269 sutura
2308 5217 2421 5268 sunt
2443 5236 2455 5267 =
2481 5220 2578 5266 imo
2603 5229 2748 5281 quem
2786 5218 2993 5269 maxime
3032 5220 3155 5270 inter
3175 5219 3305 5271 cives
3334 5220 3538 5285 oportuit
3556 5235 3647 5271 esse
