3825 5842
579 450 628 493 n
1394 475 1396 478 ψ
1743 431 1835 488 PR
1845 432 2067 488 AEFAT
2078 437 2166 488 10.

576 577 770 656 parte
809 561 1101 630 faustam
1125 561 1308 629 nacti
1352 560 1704 628 fortunam
1735 584 2013 645 summ,
2043 576 2240 630 tanto
2280 560 2581 653 majores
2609 583 2959 660 aerumnas
2986 563 3211 628 versio
3233 557 3329 628 la-

579 684 722 750 tina
759 683 1037 750 creavit.
1079 682 1356 750 Etenim
1387 705 1600 775 quam
1649 681 1973 750 Reiskius
2004 680 2390 751 elaboravit
2427 681 3084 774 interpretationem
3141 682 3328 748 Anti-

578 803 870 898 phontis
891 857 907 889 ,
939 802 1322 871 Andocidis
1342 855 1359 888 ,
1407 801 1627 894 Lysiae
1654 817 1722 870 et
1747 802 1893 871 lsaei
1913 856 1931 889 ,
1959 804 2087 871 etsi
2132 801 2508 896 perutilem
2543 825 2694 870 esse
2725 826 3133 888 censemuS,
3171 803 3321 896 ipsa

578 940 809 994 tamen
863 924 1012 992 haec
1053 923 1318 993 utilitas
1363 923 1434 990 in
1468 946 1553 992 eo
1586 925 1886 993 maxime
1919 925 2150 1020 posita
2188 937 2327 1010 est,
2358 922 2553 1017 quod
2586 947 2732 992 non
2770 925 3175 992 versionem
3204 948 3329 991 au-

574 1060 728 1115 ctor
768 1044 1003 1132 dedit,
1044 1042 1166 1114 sed
1197 1042 1656 1138 paraphrasin
1691 1047 1929 1140 potius
1959 1061 2029 1115 et
2065 1061 2344 1114 tantum
2384 1070 2531 1114 non
2558 1047 3149 1114 commentarium
3174 1069 3329 1140 per-

575 1181 890 1262 petuum.
923 1166 1270 1234 Nimirum
1310 1189 1750 1260 quaecunque
1788 1166 2031 1262 paullo
2061 1168 2435 1236 obscurius
2462 1166 2652 1236 dicta
2680 1167 3037 1254 videntur,
3068 1192 3147 1236 ea
3168 1167 3324 1235 lon-

573 1289 676 1383 gis
703 1285 1437 1356 ‘circumlocutionum
1481 1286 1902 1380 'ambagibus
1971 1289 2302 1374 illustrat,
2366 1288 2770 1358 adstrictius
2816 1289 3151 1359 conclusa
3207 1288 3318 1357 vel

573 1408 946 1504 abruptius
974 1408 1222 1501 juncta
1251 1409 1688 1502 interpositis
1731 1411 2102 1478 sententiis
2129 1411 2201 1478 in
2247 1410 2857 1478 ratiocinationem
2890 1410 2997 1479 vel
3028 1410 3331 1479 inatten-

573 1531 736 1599 tiori
789 1530 1011 1598 cuivis
1041 1544 1399 1625 patentem
1448 1529 1743 1599 diducit.
1790 1535 1937 1600 Hoc
1978 1532 2212 1626 itaque
2262 1547 2469 1625 pacto
2508 1556 2730 1626 quum
2770 1555 3066 1600 nervosa
3110 1532 3327 1602 seculi

574 1651 1037 1746 Antiphontei
1077 1651 1380 1746 brevitas
1419 1651 1492 1720 in
1534 1650 2007 1721 luxuriantem
2048 1652 2249 1722 abeat
2281 1652 2674 1722 ubertatem
2696 1707 2713 1740 ,
2748 1678 2877 1722 nec
2913 1669 3052 1721 tam
3080 1678 3325 1723 carnes

573 1773 928 1842 addantur
955 1771 1260 1858 lacertiS,
1301 1796 1512 1867 quam
1552 1773 1805 1866 orandi
1837 1775 1941 1842 vis
1979 1799 2462 1868 saepenumero
2500 1775 2853 1868 frangatur
2882 1774 3329 1854 volubilitate

573 1893 1013 1962 circulatoria
1049 1920 1063 1960 :
1098 1908 1351 1988 sponte
1375 1893 1547 1963 hinc
1584 1895 1930 1989 intelligas
1972 1896 2212 1965 solidae
2241 1897 2429 1965 illius
2462 1912 2531 1964 et
2564 1897 2871 1966 robustae
2908 1897 3329 1991 eloquentiae

574 2040 722 2084 non
769 2013 986 2106 modo
1020 2039 1168 2082 non
1201 2014 1586 2108 imaginem
1635 2015 1973 2109 praeberi,
2020 2015 2142 2084 sed
2197 2016 2311 2084 vix
2344 2016 2673 2084 umbram
2725 2011 2941 2085 ullam
2999 2015 3326 2109 relinqui.

574 2135 920 2207 Censebat
947 2160 1114 2204 vero
1143 2136 1497 2204 Firminus
1521 2136 1740 2206 Didot
1776 2137 2058 2208 laudem
2086 2139 2429 2208 versionis
2460 2163 2621 2207 cum
2654 2139 3143 2208 commentarii
3178 2163 3325 2206 me—

572 2259 711 2326 rito
755 2255 947 2324 haud
982 2255 1162 2325 ultra
1204 2255 1707 2326 cumulandam
1738 2282 1888 2326 esse
1922 2233 2134 2354 quam
2165 2258 2315 2327 fieri
2348 2274 2621 2354 posset,
2648 2274 2729 2327 ut
2762 2258 2954 2328 salvo
2983 2259 3325 2327 orationis

571 2378 808 2447 colore
841 2400 1088 2446 sensus
1115 2379 1578 2471 aperirentur.
1606 2381 1764 2462 Quo
1791 2380 2200 2467 accedebat,
2237 2381 2431 2475 quod
2473 2379 2986 2475 typographicae
3040 2405 3325 2474 quoque

574 2500 878 2568 rationes
919 2487 1439 2593 impediebant,
1476 2500 1865 2593 quominus
1915 2500 2131 2570 latina
2186 2501 2444 2570 Reiskii
2508 2526 2892 2595 graecorum
2948 2527 2986 2570 e
3031 2503 3317 2595 regione

575 2634 1122 2716 apponerentur.
1150 2624 1392 2714 ltaque
1410 2621 1483 2686 in
1515 2622 1710 2712 Lysia
1742 2645 1893 2689 eam
1915 2621 2243 2691 dedimus
2278 2624 2709 2710 versionem,
2733 2647 2887 2717 quae
2928 2623 3017 2693 ab
3048 2630 3323 2718 Augero

569 2740 857 2811 condita
886 2765 1172 2834 graecam
1203 2741 1595 2811 orationem
1629 2741 1716 2810 ad
1755 2741 2047 2811 verbum
2086 2767 2286 2837 paene
2314 2741 2605 2811 reddere
2637 2741 2847 2829 solet,
2881 2741 3057 2811 adeo
3109 2758 3185 2812 ut
3219 2743 3321 2812 vel

574 2863 793 2934 nimia
834 2863 1019 2934 circa
1055 2861 1195 2932 hoc
1233 2864 1701 2958 trepidatione
1735 2864 2095 2932 interdum
2149 2863 2420 2932 humile
2460 2863 2799 2958 quiddam
2840 2864 3145 2933 traxerit.
3196 2867 3323 2932 Ca-

569 2987 975 3079 stigavimus
1013 3010 1166 3053 earn
1197 2984 1370 3054 locis
1391 3010 1602 3080 quarn
1631 2985 1956 3078 plurimis
1985 2987 2247 3081 quibus
2281 2991 2591 3079 Augerus
2624 3001 2929 3054 mentem
2962 2989 3324 3084 scriptoris

571 3108 808 3174 minus
846 3122 991 3174 erat
1022 3121 1384 3174 assecutus
1417 3106 1525 3174 vel
1549 3107 1993 3204 conjecturas
2024 3130 2185 3176 suas
2216 3106 3223 3202 inopportuneintroduxerat.
3244 3114 3321 3178 ln

572 3228 1006 3323 Antiphonte
1029 3241 1265 3296 autem
1304 3242 1372 3294 et
1411 3227 1775 3297 Andocide
1814 3243 1881 3296 et
1905 3233 2080 3297 Isaeo
2114 3253 2339 3323 quum
2370 3245 2619 3324 praeter
2634 3229 2891 3298 Reiskii
2925 3231 3324 3300 versionem

571 3349 701 3417 alia
729 3350 890 3416 satis
937 3347 1196 3415 idonea
1235 3372 1380 3415 non
1415 3347 1935 3436 offerretur,ita
1969 3373 2100 3417 nos
2134 3349 2453 3434 fecimuS‚
2478 3364 2555 3416 ut
2590 3349 2958 3418 Reiskiana
2988 3351 3323 3420 retinere·-

573 3493 730 3536 mus
762 3468 1168 3562 ubicunque
1228 3467 1512 3536 resectis
1550 3469 2085 3563 supervacaneis
2132 3481 2201 3535 et
2238 3489 2629 3563 paucorum
2666 3465 3048 3536 verborum
3093 3483 3321 3536 muta-

575 3591 772 3658 tione
812 3587 894 3656 ad
949 3612 1168 3681 graeca
1208 3588 1728 3657 accommodari
1766 3603 2092 3683 possent,
2136 3587 2223 3656 de
2273 3612 2459 3656 novo
2491 3603 2727 3656 autem
2772 3603 3202 3656 verteremus
3244 3613 3324 3658 ea

572 3699 851 3794 omnia,
892 3733 1046 3804 quae
1078 3709 1368 3778 liberius
1405 3709 1728 3778 Reiskius
1779 3734 1907 3779 suo
1952 3708 2329 3803 indulgens
2369 3710 2653 3803 ingenio
2678 3708 3186 3778 efformaverat.
3242 3710 3319 3778 Id

574 3857 736 3900 vero
776 3831 850 3898 in
893 3829 1329 3926 Antiphonte
1361 3845 1428 3898 et
1458 3830 1826 3900 Andocide
1855 3846 1999 3900 tam
2030 3852 2213 3924 saepe
2241 3828 2497 3899 accidit
2546 3845 2625 3898 ut
2663 3830 2922 3898 intacta
2970 3854 3319 3926 perpauca

571 3949 1058 4018 remanserint.
1124 3955 1343 4044 Atque
1386 3949 1732 4019 hactenus
1767 3949 1856 4019 de
1902 3952 2138 4048 priore
2171 3951 2309 4021 hoc
2364 3950 2759 4037 volumine3
2792 3952 2881 4021 de
2909 3952 3159 4040 alter-0,
3205 3953 3320 4022 cui

575 4069 784 4164 majoi
823 4094 982 4166 pars
1011 4070 1275 4140 laboris
1303 4087 1713 4162 reservatur,
1749 4097 1880 4142 suo
1914 4072 2231 4143 dicemus
2258 4073 2438 4142 loco.
2460 4073 2657 4160 Vale,
2684 4073 2928 4160 lector,
2956 4073 3266 4169 faveque.

670 4289 998 4371 Pamisus,
1051 4309 1294 4352 mense
1342 4290 1625 4380 Augusti
1676 4293 2235 4360 MDCCCXLVH.

2446 4415 2614 4506 CAR.
2668 4412 2979 4477 Miimzn.
