3825 5842
1228 401 1619 464 lsocRATls
1660 403 1811 463 PAN
1820 402 1915 464 EG
1923 403 2155 465 Ymcn
2159 403 2219 464 S.

3256 424 3329 474 29

177 531 257 611 μὲν
277 532 337 592 δι’
362 532 552 592 ἔνδειαν
574 534 679 591 τῶν
697 535 817 591 καθ’
840 531 1065 611 ἡμέραν,
1094 530 1212 601 τοὺς
1230 531 1285 591 δὲ
1314 531 1402 592 διὰ
1427 532 1515 592 τὸν
1539 532 1693 592 πόλε-
1716 534 1761 599 d
1785 548 1929 604 atque
1952 542 2072 592 alios
2087 543 2238 604 fame,
2253 542 2374 592 alios
2393 544 2537 594 armis
2555 544 2735 607 perire,
2757 546 2863 611 (35)
2876 558 2936 598 ne
2951 547 3055 597 baec
3073 548 3266 612 quidem
3287 565 3346 600 ne

173 646 253 699 μον
275 619 667 697 ἀπολλυμένους,
753 622 845 699 (3ο)
878 620 993 680 οὐδὲ
1018 621 1163 679 ταῦθ’
1193 620 1353 689 οὕτως
1375 622 1567 702 ἔχοντα
1594 646 1695 681 πε-

173 710 344 789 ριεῖδεν,
366 711 479 767 ἀλλ’
498 708 757 788 ἡγεμόνας
781 711 853 776 εἰς
875 708 968 776 τὰς
988 709 1165 777 πόλεις
1188 709 1497 792 ἐξέπεμψεν,
1522 709 1573 769 οἳ
1586 734 1695 769 πα-

172 797 446 877 ραλαὸόντες
466 798 581 865 τοὺς
600 797 833 876 μάλιστα
854 796 966 877 βίου
987 796 1275 873 δεομένους,
1296 797 1581 878 στρατηγοὶ
1598 822 1693 857 κα-

114 906 133 939 s
170 884 415 952 ταστάντες
441 886 607 943 αὐτῶν
636 885 729 945 καὶ
754 883 973 965 πολέμῳ
1009 884 1367 965 κρατήσαντες
1393 884 1510 953 τοὺς
1559 889 1695 968 βαρ-

172 972 357 1051 ὂάρους,
381 971 573 1039 πολλὰς
598 972 693 1051 μὲν
737 974 815 1056 ἐφ’
844 972 1093 1054 ἑκατέρας
1131 978 1227 1045 τῆς
1262 972 1483 1055 ἠπείρου
1520 972 1697 1042 πόλεις

171 1058 369 1135 ἔκτισαν,
392 1060 598 1129 ἁπάσας
621 1060 788 1129 δὲτὰς
812 1061 997 1134 νήσους
1019 1060 1346 1144 κατῴκισαν,
1372 1060 1695 1143 ἀμφοτέρους

171 1146 215 1205 δὲ
250 1147 331 1205 καὶ
366 1146 477 1215 τούς
514 1148 968 1221 ἀκολουθήσαντας
1016 1149 1108 1208 καὶ
1151 1149 1269 1218 τούς
1313 1150 1693 1228 ὑπομείναντας

169 1233 357 1293 ἔσωσαν·
436 1236 523 1313 (ω)
548 1243 655 1302 τοῖς
674 1234 769 1313 μὲν
792 1234 893 1316 γὰρ
916 1236 1100 1309 ἱκανὴν
1118 1236 1214 1309 τὴν
1237 1236 1371 1297 οἶκοι
1394 1238 1575 1319 χώραν
1594 1262 1692 1297 κα·

106 1347 143 1383 ιο
168 1323 359 1396 τέλιπον,
374 1332 473 1390 τοῖς
488 1322 545 1383 δὲ
559 1322 725 1383 πλείω
738 1329 833 1397 τῆς
843 1324 1180 1406 ὑπαρχούσης
1198 1324 1467 1407 ἐπόρισαν·
1482 1326 1691 1385 ἅπαντα
1718 1349 1753 1390 e

169 1410 251 1491 γὰρ
280 1412 637 1492 περιεὸάλοντο
662 1411 752 1471 τὸν
779 1412 937 1472 τόπον
974 1412 1029 1471 ὃν
1058 1418 1147 1471 νῦν
1170 1412 1501 1494 τυγχάνομεν
1532 1413 1691 1475 κατέ-

167 1519 337 1575 χοντες.
365 1496 525 1558 Ὥστε
559 1498 652 1558 καὶ
679 1501 786 1568 τοῖς
812 1498 1025 1581 ὕστερον
1053 1502 1378 1581 βουληθεῖσιν
1419 1501 1690 1562 ἀποικίσαι

1786 646 1950 706 glexit,
1971 644 2055 695 sed
2078 644 2230 695 duces
2249 645 2296 693 in
2315 645 2533 695 civitates
2548 646 2706 707 misit,
2728 648 2809 710 qui
2825 649 3147 710 egentissimis
3165 654 3361 715 quibus·

1784 766 1879 814 que
1897 752 2059 801 ascitis
2072 788 2087 813 ,
2102 751 2330 805 barbaros
2343 734 2488 801 ductu
2505 766 2594 802 suo
2609 753 2829 805 vicerunt
2841 758 2892 805 et
2905 756 3081 806 multas
3093 756 3142 807 in
3160 761 3362 821 utraque

1784 856 2061 907 continente
2079 855 2226 905 urbes
2245 855 2591 919 condiderunt,
2615 862 2665 907 et
2686 856 2736 907 in
2757 871 2927 911 omnes
2945 860 3128 911 insulas
3153 863 3364 913 colonias

1783 958 2112 1021 deduxerunt,
2133 963 2571 1023 conservorumque
2595 962 2847 1025 utrosque,
2869 968 2965 1013 tam
2993 977 3074 1014 eos
3091 965 3178 1028 qui
3206 968 3360 1017 secuti

1785 1064 2008 1126 fuerunt,
2031 1078 2178 1128 quam
2203 1079 2286 1115 eos
2308 1065 2394 1130 qui
2431 1066 2481 1115 in
2505 1066 2659 1130 patria
2683 1075 3030 1120 remanserunt.
3100 1070 3199 1135 (36)
3236 1076 3356 1123 Nam

1783 1165 1946 1215 alteris
1969 1178 2110 1227 agros
2145 1165 2277 1215 domi
2312 1167 2430 1217 satis
2456 1168 2636 1219 multos
2660 1170 2983 1235 reliquerunt;
3007 1172 3169 1222 alteris
3191 1174 3353 1237 plnres

1782 1283 1928 1332 quam
1949 1270 2214 1321 habuerant
2242 1270 2554 1322 tradiderunt.
2621 1276 2826 1324 Omnem
2853 1275 2982 1325 enim
3001 1275 3165 1325 locum
3188 1278 3344 1340 hunc,

1780 1387 1931 1438 quem
1951 1390 2082 1425 nune
2103 1380 2354 1437 tenemus,
2379 1382 2492 1427 sunt
2511 1378 2744 1441 amplexi,
2764 1385 2813 1429 et
2847 1380 2942 1430 illis
2965 1381 3110 1431 etiam
3143 1382 3228 1445 qui
3249 1386 3360 1445 post

1780 1479 1942 1544 aliquo
1955 1480 2168 1531 colonias
2185 1480 2376 1533 mittere
2391 1486 2701 1547 nostramque
2715 1486 2882 1536 urbem
2895 1486 3070 1536 imitari
3083 1487 3354 1548 voluerunt,

167 1584 283 1651 τινὰς
301 1585 383 1643 καὶ
406 1586 859 1665 μιμήσασθαιτὴν
897 1588 1049 1648 πόλιν
1076 1588 1170 1660 τὴν
1198 1588 1459 1671 ἡμετέρα,
1488 1590 1691 1663 πολλὴν
1780 1584 1886 1646 ejus
1908 1585 1976 1635 rei
2007 1584 2114 1635 sine
2139 1586 2238 1635 ullo
2255 1587 2446 1648 negotio
2463 1592 2751 1650 potestatem
2773 1588 3026 1641 dederunt.
3105 1594 3204 1642 Nec
3229 1591 3358 1642 enim

170 1671 399 1751 ῥᾳστώνην
420 1675 691 1747 ἐποίησαν·
715 1680 773 1735 οὐ
795 1674 897 1756 γὰρ
926 1675 1111 1744 αὐτοὺς
1137 1676 1239 1735 ἔδει
1262 1676 1558 1754 κτωμένους
1579 1677 1689 1759 χώ-

1781 1694 1977 1733 necesse
1995 1682 2060 1733 illi
2086 1684 2358 1735 habuerunt
2379 1684 2478 1747 agri
2497 1684 2763 1749 occupandi
2783 1699 2926 1735 causa
2948 1699 3049 1737 scie
3067 1689 3346 1750 decernere,

103 1778 155 1827 ⁴8
171 1783 245 1839 ραν
262 1761 661 1837 διακινδυνεύειν,
682 1764 799 1823 ἀλλ’
820 1767 891 1832 εἷς
909 1763 1005 1836 τὴν
1026 1768 1111 1845 ὕφ’
1130 1768 1283 1839 ἡμῶν
1304 1767 1691 1846 nicomedem,
1721 1791 1756 1831 a
1786 1784 1871 1833 sed
1897 1784 2078 1835 Gioecis
2095 1784 2361 1847 assignatos
2379 1799 2408 1835 a
2428 1785 2566 1835 nobis
2579 1799 2719 1863 agros
2743 1788 3036 1850 profectione
3055 1793 3277 1853 suscepta
3299 1791 3362 1840 fa·

168 1851 226 1914 εἰς
244 1848 416 1919 ταύτην
456 1853 615 1909 οἰκεῖν
644 1850 831 1918 ἰόντας.
940 1854 1031 1930 (37)
1080 1850 1265 1912 Καίτοι
1302 1852 1381 1921 τίς
1410 1852 1473 1911 ἂν
1499 1852 1693 1927 ταύτης

168 1938 408 2014 ἡγεμονίαν
429 1940 728 2009 ἐπιδείξειεν
747 1940 783 2011 ἢ
806 1940 1197 2021 πατριωτέραν,
1219 1946 1313 2013 τῆς
1336 1941 1585 2023 πρότερον
1604 1966 1691 2022 γε·

170 2024 349 2103 νομένης
374 2028 490 2109 πρὶν
516 2028 615 2096 τὰς
639 2029 889 2095 πλείστας
921 2032 1212 2101 οἰκισθῆναι
1240 2034 1343 2088 τῶν
1371 2028 1693 2102 Ἑλληνίδων

168 2112 360 2189 πόλεων,
386 2113 421 2186 ἦ
449 2118 651 2193 μᾶλλον
679 2114 1066 2199 συμφέρουσαν,
1088 2121 1180 2189 τῆς
1219 2116 1336 2184 τοὺς
1365 2117 1459 2195 μὲν
1490 2118 1694 2200 βαρὸά-

108 2222 150 2259 20
172 2222 265 2281 ρους
284 2204 593 2273 ἀναστάτους
616 2204 943 2283 ποιησάσης,
980 2204 1101 2273 τοὺς
1125 2208 1171 2264 δ’
1192 2203 1467 2278 ’Έλληνας
1494 2208 1567 2273 εἰς
1602 2230 1695 2265 το-

169 2287 334 2362 σαύτην
362 2292 604 2373 εὐπορίαν
631 2292 1061 2374 προαγαγούσης,

1782 1887 1873 1939 cile
1899 1892 2172 1939 tenuerunt.
2239 1888 2339 1952 (37)
2364 1890 2486 1949 Quis
2513 1902 2624 1951 vero
2645 1896 2719 1940 est
2743 1893 2826 1955 qui
2857 1892 3178 1956 principatum
3197 1896 3361 1945 osten·
3445 1870 3456 1883 Ι

1782 1988 1866 2039 dat
1888 1989 1982 2039 hoc
2011 1990 2088 2041 vel
2117 1991 2282 2053 patriis
2300 1991 2533 2042 institutis
2555 1993 2707 2055 magis
2729 1992 3090 2056 confirmatum,
3117 1997 3200 2059 qui
3221 2000 3360 2045 vetu-

1784 2100 1907 2145 state
1927 2096 2176 2159 plerasque
2195 2101 2390 2149 Graecas
2409 2097 2552 2148 nrbes
2574 2100 2800 2162 superet,
2818 2098 2898 2149 vel
2919 2099 3186 2164 utiliorem,
3209 2100 3293 2164 qui
3305 2104 3357 2152 et

1791 2194 2020 2245 barbaros
2049 2196 2210 2245 solum
2236 2202 2424 2247 vertere
2454 2198 2611 2261 coegit
2631 2200 2682 2249 et
2715 2202 2914 2249 Graecos
2951 2198 3014 2249 ad
3055 2202 3214 2251 tantas
3249 2214 3367 2264 opes

1790 2302 1986 2352 evexit?

232 2398 293 2439 ³⁸·
333 2380 407 2439 Οὗ
428 2380 617 2455 τῡῖνυν,
650 2381 829 2453 ἕπεῑδῆ
857 2380 926 2440 τὰ
949 2380 1173 2460 μὲγῑπα
1206 2380 1566 2464 συνδῑὲπραξε,
1589 2387 1691 2442 τῶν
1721 2379 1765 2442 b
1853 2412 1932 2457 38.
1953 2411 2118 2471 Neque
2131 2423 2245 2459 vero
2259 2423 2412 2473 quum
2426 2411 2648 2462 maximis
2659 2412 2708 2461 in
2724 2412 2868 2462 rebus
2882 2412 3160 2474 adjumento
3172 2413 3366 2474 fuisset,

170 2464 314 2524 ἄλλων
338 2466 690 2548 ὠλιγώρησεν,
718 2472 835 2528 ἀλλ’
869 2467 1039 2549 ἀρχὴν
1070 2469 1163 2547 μὲν
1187 2468 1385 2541 ταύτην
1410 2469 1693 2542 ἐποιήσατο

169 2556 251 2610 τῶν
286 2557 601 2635 εὐεργεσιῶν,
647 2555 839 2638 τροφὴν
870 2566 975 2625 τοῖς
1015 2557 1273 2635 δεομένοις
1299 2559 1482 2638 εὑρεῖν,
1524 2558 1691 2639 ἥνπερ

107 2662 147 2701 25
166 2638 251 2719 χρὴ
270 2641 374 2709 τούς
396 2644 684 2721 μέλλοντας
710 2644 801 2705 καὶ
830 2645 950 2726 περὶ
972 2650 1075 2705 τῶν
1102 2646 1274 2704 ἄλλων
1294 2647 1468 2714 καλῶς
1497 2646 1694 2717 διοική·

170 2750 274 2802 σειν,
298 2731 548 2809 ἡγουμένη
580 2730 639 2791 δὲ
661 2734 749 2792 τὸν
782 2733 891 2813 βίον
916 2732 1117 2793 *tomen-‘t
1139 2733 1337 2801 τούτοις
1365 2732 1521 2811 μόνον
1549 2734 1695 2793 οὔπω

168 2822 240 2875 τοῦ
270 2822 351 2891 ζῆν
379 2822 647 2899 ἐπιθυμεῖν
674 2821 827 2889 ἀξίως
870 2821 1030 2902 ἔχειν,
1062 2820 1223 2891 οὕτως
1266 2821 1565 2897 ἐπεμελήθη
1602 2822 1694 2881 καὶ

169 2906 253 2962 τῶν
276 2908 481 2988 λοιπῶν,
510 2907 652 2968 ὥστε
680 2913 785 2969 τῶν
811 2910 1088 2991 παρόντων
1114 2918 1221 2977 τοῖς
1247 2909 1533 2991 ἀνθρώποις
1559 2914 1694 2990 ἀγα-

170 2995 266 3067 θῶν,
286 2995 375 3055 ὅσα
396 2997 467 3075 μὴ
488 2996 641 3079 παρὰ
660 2998 790 3059 θεῶν
814 2998 1023 3079 ἔχομεν,
1048 2998 1185 3058 ἀλλὰ
1208 3000 1273 3057 δι’
1294 2998 1549 3071 ἀλλήλους
1568 3001 1694 3075 ἡμῖν

112 3104 150 3142 ³⁰
169 3081 315 3159 γέγονε
328 3129 345 3161 ,
370 3084 525 3163 μηδὲν
554 3086 656 3164 μὲν
682 3086 802 3145 ἄνευ
824 3091 917 3158 τῆς
934 3086 1137 3153 πόλεως
1153 3091 1246 3155 τῆς
1262 3085 1523 3167 ἡμετέρας
1544 3076 1695 3159 εἶναι,

168 3169 221 3227 τὰ
246 3170 291 3229 δὲ
317 3174 529 3233 πλεῖστα
556 3173 649 3233 διὰ
675 3174 869 3246 ταύτην
897 3177 1225 3254 γεγενῆσθαι.
1312 3174 1403 3255 (39)
1437 3176 1694 3253 Παραλα·
1725 3190 1761 3230 c
1818 3226 1829 3237 .

170 3257 306 3318 Εοῦσα
329 3261 423 3344 γὰρ
441 3262 561 3331 τούς
576 3260 849 3335 Ἕλληνας
870 3263 1077 3341 ἀνόμως
1099 3266 1294 3333 ζῶντας
1314 3262 1406 3322 καὶ
1431 3262 1698 3341 σποράδην

170 3348 397 3419 οἰκοῦντας
406 3396 422 3423 ,
448 3352 539 3411 καὶ
566 3350 689 3419 τούς
711 3351 805 3431 μὲν
834 3350 935 3411 ὑπὸ
960 3354 1275 3411 δυναστειῶν
1308 3350 1701 3433 ὓὸριζομένους,

170 3435 264 3503 τούς
288 3437 337 3496 δὲ
376 3439 440 3497 δι’
472 3440 732 3521 ἀναρχίαν
777 3438 1193 3517 ἀπολλυμένους,
1239 3438 1330 3498 καὶ
1369 3438 1567 3498 τούτων
1598 3443 1702 3497 τῶν

110 3540 149 3578 ³⁵
171 3528 319 3583 κακῶν
344 3527 523 3596 αὐτοὺς
546 3527 852 3601 ἀπήλλαξε,
872 3532 975 3587 τῶν
996 3526 1091 3606 μὲν
1116 3526 1270 3609 κυρία
1293 3526 1573 3606 γενομένη,
1593 3536 1699 3594 τοῖς

171 3611 207 3668 δ’
233 3614 380 3686 αὐτὴν
406 3617 751 3697 παράδειγμα
788 3616 1085 3689 ποιήσασα·
1115 3615 1299 3697 πρώτη
1330 3614 1433 3695 γὰρ
1476 3615 1567 3674 καὶ
1611 3614 1703 3675 νό-

172 3723 275 3774 μους
294 3702 428 3763 ἔθετο
451 3705 545 3764 καὶ
571 3704 843 3764 πολιτείαν
867 3704 1249 3777 κατεστήσατο.

1783 2510 1994 2573 neglexit
2024 2515 2234 2572 ceteras,
2261 2514 2347 2564 sed
2383 2528 2471 2565 sua
2497 2515 2726 2567 beneficia
2756 2515 2868 2566 inde
2898 2516 3144 2580 auspicata
3165 2519 3270 2579 est,
3309 2520 3366 2566 ut

1786 2613 1972 2665 victum
1991 2620 2181 2666 curaret
2206 2616 2554 2679 indigentibus3
2585 2618 2632 2669 id
2655 2620 2784 2683 quod
2799 2620 3013 2683 inprimis
3031 2620 3074 2671 ei
3098 2620 3368 2670 faciendum

1785 2722 1885 2778 est,
1910 2719 1996 2782 qui
2015 2719 2200 2782 reliqua
2211 2721 2359 2771 etism
2375 2726 2504 2773 recte
2523 2723 2782 2773 constituta
2803 2736 2909 2773 esse
2929 2722 3064 2797 velit.
3088 2726 3250 2783 Quum
3269 2738 3358 2773 nu-

1788 2826 1884 2871 tem
1907 2823 2058 2873 vitam
2085 2824 2175 2875 hae
2201 2824 2304 2875 sola
2331 2838 2382 2875 re
2401 2826 2686 2876 instructam
2709 2827 2921 2878 nondum
2943 2841 3052 2879 esse
3070 2828 3263 2890 dignam
3286 2828 3354 2877 vi·

1783 2925 1924 2975 vendi
1944 2927 2181 2978 desiderio
2207 2931 2424 2991 putaret,
2445 2942 2552 2980 eam
2576 2930 2624 2979 in
2653 2931 2826 2981 ceteris
2851 2945 3042 2995 quoque
3063 2932 3359 2994 diligentiam

1784 3023 2030 3087 adhibuit,
2051 3031 2108 3075 ut
2125 3039 2294 3076 eorum
2317 3025 2581 3089 bonorum,
2600 3028 2777 3090 quihus
2795 3027 3000 3077 fruimur
3023 3028 3244 3078 homines
3267 3041 3367 3077 non

1786 3124 2018 3176 divinitus
2035 3127 2247 3189 acceptis
2257 3163 2274 3190 ,
2294 3128 2379 3177 sed
2389 3131 2566 3179 'mutua
2579 3131 2742 3181 nostra
2756 3142 2902 3193 opera
2915 3130 3226 3192 comparatis,
3242 3128 3360 3179 nihil

1788 3238 1893 3275 sinc
1916 3226 2034 3276 urbe
2059 3229 2222 3277 nostra
2252 3228 2529 3291 contigerit,
2553 3229 2760 3293 plurima
2789 3243 2904 3281 vero
2926 3235 3122 3295 accepta
3153 3232 3220 3281 illi
3250 3232 3367 3282 refe·

1789 3329 1972 3377 rantur.
2038 3328 2138 3391 (39)
2168 3332 2290 3379 Nam
2313 3344 2468 3393 quum
2494 3332 2650 3382 Graeci
2671 3331 2788 3382 olim
2813 3332 2918 3382 sine
2938 3332 3126 3395 legibus
3149 3333 3370 3384 viventes

1791 3425 1842 3474 et
1854 3423 2058 3488 sparsim
2077 3424 2365 3488 habitantes,
2382 3427 2462 3477 alii
2477 3428 2799 3491 potentiorum
2817 3428 2984 3493 iniquo
3001 3429 3252 3480 dominatu
3267 3444 3372 3494 pre·

1792 3526 2055 3587 merentur,
2071 3525 2172 3586 alii,
2188 3526 2320 3589 quod
2335 3528 2494 3579 nullos
2507 3530 2705 3592 magistr
2713 3534 2823 3579 atus
2837 3530 3085 3591 haberent,
3095 3530 3371 3581 interirent:

1793 3624 1940 3673 etiam
1963 3624 2040 3675 his
2059 3625 2196 3675 malis
2209 3640 2292 3676 eos
2311 3626 2557 3691 liberavit,
2577 3628 2697 3679 alios
2715 3629 2763 3679 in
2779 3632 3070 3693 potestatem
3093 3628 3371 3691 redigendo,

1334 3705 1425 3782 (⁴0)
1457 3708 1627 3775 Δῆλον
1658 3704 1703 3761 δ’
1794 3722 1915 3773 alios
1937 3725 2158 3787 exemplo
2191 3738 2281 3774 suo
2305 3726 2599 3788 corrigendo.
2625 3728 2782 3776 Prima
2803 3727 2931 3775 enim
2967 3728 3018 3777 et
3039 3724 3167 3787 leges
3187 3726 3301 3777 tulit
3321 3731 3376 3777 et

172 3792 349 3850 ἐηῖθεΨ
380 3798 425 3853 οἱ
452 3793 557 3876 γὰρ
585 3796 641 3852 ἐν
666 3796 806 3875 ἀρχῇ
833 3794 954 3875 περὶ
987 3797 1092 3852 τῶν
1125 3798 1346 3876 φονικῶν
1376 3792 1698 3872 ἐγκαλέσαψ
1728 3785 1772 3850 d
1800 3824 2144 3887 rempublicam
2168 3825 2440 3875 constituit.
2542 3826 2644 3888 (4ο)
2669 3824 2726 3873 Id
2748 3824 2881 3887 quod
2908 3824 3018 3875 inde
3043 3825 3366 3888 perspicitur:

174 3900 261 3949 τες,
290 3882 373 3939 καὶ
414 3880 754 3961 βουληθέντες
794 3885 930 3961 μετὰ
970 3882 1127 3963 λόγου
1156 3882 1249 3941 καὶ
1291 3881 1365 3959 μὴ
1412 3880 1547 3958 μετὰ
1592 3880 1708 3962 βίας

116 3978 153 4016 ⁴⁰
173 3965 482 4029 διαλύσασθαι
501 3970 573 4029 τὰ
600 3971 730 4054 πρὸς
748 3971 1007 4043 ἀλλήλους
1021 4016 1037 4045 ,
1059 3974 1111 4029 ἐν
1134 3979 1239 4037 τοῖς
1257 3970 1433 4046 νόμοις
1452 3974 1555 4036 τοῖς
1572 3974 1707 4049 ἡμε·

172 4054 309 4135 τέροις
331 4058 421 4125 τὰς
453 4059 653 4139 κρίσεις
686 4058 999 4131 ἐποιήσαντο
1038 4058 1161 4139 περὶ
1186 4061 1382 4118 αὐτῶν.
1470 4058 1581 4118 Καὶ
1612 4058 1706 4136 μὲν

173 4140 225 4214 δὴ
249 4144 331 4203 καὶ
356 4150 458 4205 τῶν
490 4151 691 4226 τεχνῶν
723 4147 819 4217 τάς
850 4172 908 4207 τε
946 4146 1076 4226 πρὸς
1117 4149 1414 4226 τάναγκαῖα
1456 4150 1545 4205 τοῦ
1595 4146 1708 4226 βίου

174 4232 407 4309 ῃησίμας
443 4234 537 4292 καὶ
568 4232 665 4300 τὰς
708 4234 836 4316 πρὸς
878 4234 1069 4307 ἡδονὴν
1114 4232 1586 4313 μεμηχανημένως,
1616 4234 1711 4301 τὰς

174 4315 253 4390 μὲν
277 4322 516 4400 εὑροῦσα,
556 4319 652 4389 τὰς
690 4321 745 4380 δὲ
774 4322 1109 4400 δοκιμάσασα
1138 4326 1367 4402 χρῆσθαι
1398 4325 1504 4389 τοῖς
1536 4322 1713 4389 ἄλλοις

120 4420 156 4458 ⁴5
174 4406 462 4484 παρέδωκεν.
550 4408 639 4489 (41)
688 4406 803 4482 Τὴν
853 4409 1023 4469 τοίνυν
1066 4410 1231 4483 ἄλλην
1277 4408 1527 4483 διοίκησιν
1574 4408 1709 4469 οὸτω

1797 3930 1909 3967 nam
1929 3918 2012 3980 qui
2043 3918 2186 3981 primi
2207 3917 2452 3969 homicidii
2475 3931 2670 3968 causam
2696 3923 2896 3980 egerunt
2927 3922 2977 3967 et
2997 3918 3372 3981 disceptatione,

1798 4029 1893 4065 non
1912 4018 1964 4066 vi
1983 4022 2032 4067 et
2053 4017 2200 4068 armis
2221 4018 2571 4069 controversias
2595 4017 2720 4067 liniri
2738 4017 3023 4079 voluerunt,
3053 4017 3232 4067 nostris
3265 4017 3377 4080 legi-

1799 4119 1891 4168 bus
1908 4119 2091 4181 Judicia
2111 4120 2439 4170 instituerunt.
2505 4118 2633 4178 Quin
2655 4118 2800 4168 etium
2823 4118 2952 4167 artes
2979 4117 3107 4168 etad
3142 4118 3254 4167 vitae
3285 4130 3372 4167 ne-

1798 4221 2070 4269 cessitatem
2104 4220 2276 4281 utiles,
2304 4224 2352 4269 et
2382 4218 2644 4281 voluptatis
2666 4230 2814 4267 causa
2848 4217 3170 4279 excogitatas,
3194 4216 3376 4280 partim

1798 4317 2010 4379 invenit,
2036 4318 2206 4381 partim
2226 4317 2444 4380 probavit
2460 4319 2605 4379 atque
2624 4316 2730 4365 aliis
2754 4314 2958 4365 utendas
2973 4313 3184 4364 tradidit.
3270 4314 3377 4377 (41)

1798 4418 1922 4473 Quae
1948 4428 2060 4465 vero
2091 4415 2152 4465 ad
2174 4420 2439 4466 ceterarum
2481 4426 2642 4463 rerum
2679 4412 2891 4462 rationes
2923 4412 3155 4474 attinent,
3182 4425 3239 4461 ea
3274 4416 3376 4462 tam

178 4490 419 4569 Ῠῑλῡξὲνως
456 4496 887 4556 κατεσκευάσατο
915 4497 1008 4556 καὶ
1046 4496 1175 4579 πρὸς
1202 4497 1439 4564 ἅπαντας
1483 4497 1708 4571 obtime,
1734 4520 1769 4561 e
1796 4513 2094 4579 hospitaliter
2133 4514 2362 4564 instruxit
2396 4518 2448 4564 et
2483 4518 2582 4563 tam
2621 4500 2982 4562 accommodate
3018 4513 3286 4573 universis,
3327 4514 3381 4563 ut

180 4576 293 4638 ὥστε
312 4584 399 4642 καὶ
424 4588 533 4651 τοῖς
560 4583 851 4665 χρημάτων
882 4584 1137 4663 δεομένοις
1164 4588 1256 4645 καὶ
1277 4591 1385 4653 τοῖς
1410 4588 1711 4645 ἀπολαῦσαι

182 4669 265 4723 τῶν
305 4672 644 4752 ὑπαρχόντων
690 4676 1025 4751 ἐπιθυμοῦσιν
1067 4674 1376 4756 ἀμφοτέροις
1408 4673 1708 4756 ἁρμόττειν,

180 4755 253 4813 καὶ
284 4757 411 4834 μήτε
444 4770 557 4827 τοῖς
584 4762 945 4839 εὐδαιμονοῦσι
976 4762 1109 4839 μήτε
1144 4767 1249 4830 τοῖς
1279 4765 1620 4842 δυστυχοῦσιν
1660 4768 1713 4822 ἐν

129 4862 165 4899 ω
182 4848 275 4909 ταῖς
296 4850 461 4907 αὐτῶν
481 4850 759 4929 ἀχρήστως
782 4848 939 4929 ἔχειν,
964 4848 1364 4931 ἀλλ”ἑκατέροις
1388 4854 1557 4910 αὐτῶν
1583 4842 1715 4910 εἶναι

185 4938 290 5011 παρ’
308 4940 449 5012 ἡμῖν,
472 4946 581 5004 τοῖς
604 4936 698 5015 μὲν
718 4937 934 5008 ἡδίστας
952 4938 1247 5019 διατριὸάς,
1272 4944 1378 5007 τοῖς
1400 4939 1461 4997 δ’
1479 4941 1715 5020 ἀσφαλε-

126 5032 174 5079 49
188 5020 353 5091 στάτην
366 5025 695 5104 καταφυγήν.
726 5028 815 5106 (⁴2)
835 5024 963 5087 Ἔτι
984 5024 1039 5085 δὲ
1061 5028 1155 5099 τὴν
1173 5026 1353 5109 χώραν
1369 5029 1463 5087 οὐκ
1480 5026 1715 5108 αὐτάρκη
1742 5053 1777 5092 a

190 5110 489 5187 κεκτημένων
517 5115 779 5191 ἑκάστων,
810 5115 948 5174 ἀλλὰ
966 5114 1034 5174 τὰ
1063 5118 1157 5193 μὲν
1185 5115 1545 5190 ἐλλείπουσαν,
1565 5116 1631 5175 τὰ
1661 5116 1715 5176 δὲ

192 5196 445 5259 πλείωτῶν
467 5203 663 5261 ἱκανῶν
685 5200 962 5284 φέρουσαν,
986 5204 1075 5268 καὶ
1097 5207 1296 5278 πολλῆς
1319 5204 1542 5288 ἀπορίας
1560 5203 1717 5279 οὔσης

1802 4615 2019 4677 utrisque
2037 4626 2187 4676 quum
2215 4612 2431 4675 pecunioe
2463 4610 2786 4673 indigentibus
2803 4610 2908 4658 tum
2951 4608 3130 4671 opibus
3153 4608 3256 4658 suis
3288 4608 3378 4657 frui

1801 4714 2101 4775 volentibus,
2121 4712 2454 4774 convenirent,
2477 4714 2626 4775 utque
2645 4725 2735 4761 nec
2752 4710 2811 4759 iis
2827 4746 2842 4771 ,
2861 4709 3041 4772 quibus
3062 4707 3194 4757 domi
3214 4720 3288 4757 res
3306 4721 3378 4757 se·

1804 4810 1978 4861 cundoe
2008 4814 2190 4870 essent,
2210 4823 2298 4859 nec
2319 4810 2378 4858 iis
2395 4809 2572 4872 quibus
2602 4807 2821 4858 adversae
2849 4810 3036 4870 essent,
3058 4806 3378 4857 incommoda-

1804 4910 1934 4971 rent,
1953 4907 2036 4957 sed
2057 4908 2246 4969 utrique
2268 4906 2394 4969 apud
2419 4920 2508 4956 nos
2543 4906 2776 4956 haberent
2790 4942 2805 4965 ,
2827 4905 2964 4954 alteri
2992 4904 3106 4954 vitae
3145 4904 3376 4953 rationem

1800 5002 2201 5065 jucundissimam
2216 5042 2229 5067 ,
2244 5004 2380 5054 alteri
2398 5004 2670 5065 confugium
2686 5003 3002 5053 tutissimum.
3031 5001 3131 5064 (42)
3146 5004 3378 5050 Praeterea

1805 5118 1958 5167 quum
1974 5119 2070 5155 non
2082 5105 2240 5155 omnis
2257 5105 2399 5155 telius
2413 5105 2572 5155 omnia
2587 5105 2753 5164 ferret,
2765 5102 2849 5152 sed
2868 5098 3156 5164 quibusdam
3168 5101 3350 5147 careret
3362 5132 3378 5159 ‚

1806 5214 2094 5279 quibusdam
2103 5213 2392 5276 abundaret,
2405 5226 2561 5277 neque
2579 5211 2712 5262 facile
2726 5210 2848 5260 ratio
2861 5210 2968 5260 iniri
2983 5216 3145 5275 posset
3155 5248 3171 5270 ,
3189 5212 3266 5263 vel
3277 5226 3376 5277 quo
