<?xml version="1.0" encoding="UTF-8"?>
<!DOCTYPE html PUBLIC "-//W3C//DTD XHTML 1.0 Transitional//EN"
    "http://www.w3.org/TR/xhtml1/DTD/xhtml1-transitional.dtd">
<html xmlns="http://www.w3.org/1999/xhtml" xml:lang="en" lang="en">
 <head>
  <title>
</title>
<meta http-equiv="Content-Type" content="text/html;charset=utf-8" />
  <meta name='ocr-system' content='tesseract 3.04.00' />
  <meta name='ocr-capabilities' content='ocr_page ocr_carea ocr_par ocr_line ocrx_word'/>
</head>
<body>
  <div class='ocr_page' id='page_1' title='image "./oratoresatticia03unkngoog/oratoresatticia03unkngoog_0342.png"; bbox 0 0 3825 5842; ppageno 0'>
   <div class='ocr_carea' id='block_1_1' title="bbox 560 482 3302 2909">
    <p class='ocr_par' dir='ltr' id='par_1_1' title="bbox 666 482 2205 561">
     <span class='ocr_line' id='line_1_1' title="bbox 666 482 2205 561; baseline -0.001 -18"><span class='ocrx_word' id='word_1_1' title='bbox 666 489 706 561; x_wconf 73' lang='lat' dir='ltr'>u</span> <span class='ocrx_word' id='word_1_2' title='bbox 1770 482 2205 543; x_wconf 80' lang='lat' dir='ltr'><strong>PRAEFATIO.</strong></span> 
     </span>
    </p>

    <p class='ocr_par' dir='ltr' id='par_1_2' title="bbox 560 613 3302 2771">
     <span class='ocr_line' id='line_1_2' title="bbox 668 613 3296 712; baseline 0.001 -28"><span class='ocrx_word' id='word_1_3' title='bbox 668 640 800 711; x_wconf 76' lang='lat' dir='ltr'><strong>pro</strong></span> <span class='ocrx_word' id='word_1_4' title='bbox 834 620 1125 710; x_wconf 79' lang='grc' dir='ltr'>ἀφεῖσθαι.</span> <span class='ocrx_word' id='word_1_5' title='bbox 1162 618 1200 707; x_wconf 86' lang='grc'><strong>5</strong></span> <span class='ocrx_word' id='word_1_6' title='bbox 1230 614 1347 699; x_wconf 77' lang='grc'><strong>84,</strong></span> <span class='ocrx_word' id='word_1_7' title='bbox 1382 614 1475 699; x_wconf 74' lang='grc'><strong>43</strong></span> <span class='ocrx_word' id='word_1_8' title='bbox 1518 618 1941 709; x_wconf 80' lang='grc' dir='ltr'>ὑπομείναιμεν</span> <span class='ocrx_word' id='word_1_9' title='bbox 1975 638 2108 711; x_wconf 80' lang='lat' dir='ltr'><strong>pro</strong></span> <span class='ocrx_word' id='word_1_10' title='bbox 2143 623 2476 709; x_wconf 81' lang='grc' dir='ltr'><strong>ὑπομεῖναι.</strong></span> <span class='ocrx_word' id='word_1_11' title='bbox 2521 616 2562 707; x_wconf 96' lang='grc'><strong>5</strong></span> <span class='ocrx_word' id='word_1_12' title='bbox 2601 613 2758 703; x_wconf 81' lang='lat'>105,</span> <span class='ocrx_word' id='word_1_13' title='bbox 2803 614 2889 685; x_wconf 80' lang='lat'><strong>32</strong></span> <span class='ocrx_word' id='word_1_14' title='bbox 2935 626 3127 686; x_wconf 83' lang='grc' dir='ltr'><strong>ταῦτα</strong></span> <span class='ocrx_word' id='word_1_15' title='bbox 3163 640 3296 712; x_wconf 79' lang='lat' dir='ltr'><strong>pro</strong></span> 
     </span>
     <span class='ocr_line' id='line_1_3' title="bbox 664 731 3292 831; baseline -0.001 -26"><span class='ocrx_word' id='word_1_16' title='bbox 664 741 873 807; x_wconf 79' lang='grc' dir='ltr'><strong>ταύτό.</strong></span> <span class='ocrx_word' id='word_1_17' title='bbox 901 778 997 789; x_wconf 94' lang='grc'><strong>--</strong></span> <span class='ocrx_word' id='word_1_18' title='bbox 1030 742 1285 829; x_wconf 79' lang='lat' dir='ltr'><em>Areop.</em></span> <span class='ocrx_word' id='word_1_19' title='bbox 1318 736 1359 827; x_wconf 97' lang='lat' dir='ltr'>S</span> <span class='ocrx_word' id='word_1_20' title='bbox 1387 732 1520 829; x_wconf 81' lang='lat'><strong>39,</strong></span> <span class='ocrx_word' id='word_1_21' title='bbox 1558 758 1645 830; x_wconf 79' lang='lat'><strong>27</strong></span> <span class='ocrx_word' id='word_1_22' title='bbox 1684 748 1953 831; x_wconf 82' lang='lat' dir='ltr'><strong>transp.</strong></span> <span class='ocrx_word' id='word_1_23' title='bbox 1992 733 2194 829; x_wconf 88' lang='lat' dir='ltr'><strong>quod</strong></span> <span class='ocrx_word' id='word_1_24' title='bbox 2232 733 2600 826; x_wconf 79' lang='lat' dir='ltr'><strong>legebatur</strong></span> <span class='ocrx_word' id='word_1_25' title='bbox 2639 748 2746 815; x_wconf 68' lang='grc' dir='ltr'><strong>τῆς</strong></span> <span class='ocrx_word' id='word_1_26' title='bbox 2783 731 3052 815; x_wconf 76' lang='grc' dir='ltr'><strong>εὐταξίας</strong></span> <span class='ocrx_word' id='word_1_27' title='bbox 3088 742 3292 829; x_wconf 77' lang='grc' dir='ltr'><strong>ἐπιμε-</strong></span> 
     </span>
     <span class='ocr_line' id='line_1_4' title="bbox 662 832 3288 949; baseline -0 -24"><span class='ocrx_word' id='word_1_28' title='bbox 662 860 913 926; x_wconf 83' lang='grc' dir='ltr'><strong>λεῖσθαι.</strong></span> <span class='ocrx_word' id='word_1_29' title='bbox 947 896 1039 909; x_wconf 92' lang='grc'>-</span> <span class='ocrx_word' id='word_1_30' title='bbox 1080 862 1184 923; x_wconf 84' lang='lat' dir='ltr'><strong>De</strong></span> <span class='ocrx_word' id='word_1_31' title='bbox 1197 879 1385 948; x_wconf 81' lang='lat' dir='ltr'><em>pace</em></span> <span class='ocrx_word' id='word_1_32' title='bbox 1412 855 1450 945; x_wconf 91' lang='lat' dir='ltr'>S</span> <span class='ocrx_word' id='word_1_33' title='bbox 1502 878 1523 923; x_wconf 83' lang='lat'>1</span> <span class='ocrx_word' id='word_1_34' title='bbox 1552 853 1653 940; x_wconf 86' lang='grc'><strong>15,</strong></span> <span class='ocrx_word' id='word_1_35' title='bbox 1682 881 1720 921; x_wconf 81' lang='lat'><em>2</em></span> <span class='ocrx_word' id='word_1_36' title='bbox 1755 869 2022 949; x_wconf 76' lang='lat' dir='ltr'><strong>transp.</strong></span> <span class='ocrx_word' id='word_1_37' title='bbox 2061 882 2192 923; x_wconf 98' lang='grc' dir='ltr'><strong>πον.</strong></span> <span class='ocrx_word' id='word_1_38' title='bbox 2225 858 2383 949; x_wconf 79' lang='grc' dir='ltr'><strong>ἔχειν</strong></span> <span class='ocrx_word' id='word_1_39' title='bbox 2412 883 2545 949; x_wconf 86' lang='grc' dir='ltr'><strong>νομ.</strong></span> <span class='ocrx_word' id='word_1_40' title='bbox 2575 895 2672 908; x_wconf 88' lang='grc'><strong>--</strong></span> <span class='ocrx_word' id='word_1_41' title='bbox 2707 854 2860 925; x_wconf 85' lang='lat' dir='ltr'><em>Hel.</em></span> <span class='ocrx_word' id='word_1_42' title='bbox 2893 880 3040 924; x_wconf 83' lang='lat' dir='ltr'><strong><em>enc.</em></strong></span> <span class='ocrx_word' id='word_1_43' title='bbox 3087 858 3126 947; x_wconf 96' lang='lat' dir='ltr'>S</span> <span class='ocrx_word' id='word_1_44' title='bbox 3165 832 3288 941; x_wconf 45' lang='lat'><strong>61}</strong></span> 
     </span>
     <span class='ocr_line' id='line_1_5' title="bbox 669 953 3302 1074; baseline -0.002 -24"><span class='ocrx_word' id='word_1_45' title='bbox 669 977 756 1050; x_wconf 81' lang='grc'>35</span> <span class='ocrx_word' id='word_1_46' title='bbox 808 984 1342 1049; x_wconf 77' lang='grc' dir='ltr'><strong>κατακαλέσωνται</strong></span> <span class='ocrx_word' id='word_1_47' title='bbox 1377 1001 1511 1074; x_wconf 77' lang='lat' dir='ltr'><strong>pro</strong></span> <span class='ocrx_word' id='word_1_48' title='bbox 1554 983 1711 1047; x_wconf 74' lang='grc' dir='ltr'><strong>ἐπικ.</strong></span> <span class='ocrx_word' id='word_1_49' title='bbox 1749 1020 1842 1029; x_wconf 93' lang='grc'><strong>--</strong></span> <span class='ocrx_word' id='word_1_50' title='bbox 1901 978 2122 1046; x_wconf 79' lang='lat' dir='ltr'><strong>Busir.</strong></span> <span class='ocrx_word' id='word_1_51' title='bbox 2157 978 2198 1069; x_wconf 97' lang='lat' dir='ltr'>S</span> <span class='ocrx_word' id='word_1_52' title='bbox 2235 975 2352 1062; x_wconf 84' lang='grc'><strong>35,</strong></span> <span class='ocrx_word' id='word_1_53' title='bbox 2381 1001 2420 1071; x_wconf 88' lang='grc'>7</span> <span class='ocrx_word' id='word_1_54' title='bbox 2469 953 2760 1053; x_wconf 70' lang='grc' dir='ltr'><strong>Ἐλλησιν</strong></span> <span class='ocrx_word' id='word_1_55' title='bbox 2809 975 3114 1046; x_wconf 63' lang='lat' dir='ltr'><strong>festituit</strong></span> <span class='ocrx_word' id='word_1_56' title='bbox 3161 1000 3302 1073; x_wconf 78' lang='lat' dir='ltr'><strong>pro</strong></span> 
     </span>
     <span class='ocr_line' id='line_1_6' title="bbox 661 1099 3290 1198; baseline -0.002 -26"><span class='ocrx_word' id='word_1_57' title='bbox 661 1126 809 1197; x_wconf 90' lang='lat' dir='ltr'><strong>quo</strong></span> <span class='ocrx_word' id='word_1_58' title='bbox 849 1103 1049 1198; x_wconf 81' lang='lat' dir='ltr'><strong>prius</strong></span> <span class='ocrx_word' id='word_1_59' title='bbox 1088 1101 1464 1195; x_wconf 79' lang='lat' dir='ltr'><strong>scripserat</strong></span> <span class='ocrx_word' id='word_1_60' title='bbox 1499 1099 1731 1180; x_wconf 71' lang='grc' dir='ltr'><strong>ἄλλοις.</strong></span> <span class='ocrx_word' id='word_1_61' title='bbox 1778 1102 1817 1191; x_wconf 96' lang='grc'><strong>5</strong></span> <span class='ocrx_word' id='word_1_62' title='bbox 1848 1099 2044 1195; x_wconf 71' lang='grc'><strong>43,9</strong></span> <span class='ocrx_word' id='word_1_63' title='bbox 2079 1104 2432 1175; x_wconf 61' lang='grc' dir='ltr'><strong>ποιήσουσιν</strong></span> <span class='ocrx_word' id='word_1_64' title='bbox 2463 1122 2543 1176; x_wconf 72' lang='lat' dir='ltr'><strong>ex</strong></span> <span class='ocrx_word' id='word_1_65' title='bbox 2583 1113 2733 1193; x_wconf 84' lang='lat' dir='ltr'><strong>opt.</strong></span> <span class='ocrx_word' id='word_1_66' title='bbox 2778 1122 2910 1193; x_wconf 82' lang='lat' dir='ltr'><strong>pro</strong></span> <span class='ocrx_word' id='word_1_67' title='bbox 2937 1104 3290 1175; x_wconf 68' lang='grc' dir='ltr'><strong>ποιήσωσιν·</strong></span> 
     </span>
     <span class='ocr_line' id='line_1_7' title="bbox 660 1221 3294 1321; baseline 0 -28"><span class='ocrx_word' id='word_1_68' title='bbox 660 1266 757 1276; x_wconf 93' lang='lat'>—</span> <span class='ocrx_word' id='word_1_69' title='bbox 792 1223 1096 1321; x_wconf 62' lang='lat' dir='ltr'><strong>chnatlz.</strong></span> <span class='ocrx_word' id='word_1_70' title='bbox 1138 1225 1176 1315; x_wconf 90' lang='lat' dir='ltr'>S</span> <span class='ocrx_word' id='word_1_71' title='bbox 1226 1221 1333 1309; x_wconf 83' lang='lat'><strong>13,</strong></span> <span class='ocrx_word' id='word_1_72' title='bbox 1369 1250 1407 1291; x_wconf 66' lang='grc' dir='ltr'><strong>α</strong></span> <span class='ocrx_word' id='word_1_73' title='bbox 1462 1230 1963 1318; x_wconf 86' lang='grc' dir='ltr'><strong>μεσεγγυώματος</strong></span> <span class='ocrx_word' id='word_1_74' title='bbox 2017 1224 2316 1292; x_wconf 74' lang='lat' dir='ltr'><strong>restituit</strong></span> <span class='ocrx_word' id='word_1_75' title='bbox 2349 1246 2482 1320; x_wconf 79' lang='lat' dir='ltr'><strong>pro</strong></span> <span class='ocrx_word' id='word_1_76' title='bbox 2530 1229 3040 1319; x_wconf 70' lang='grc' dir='ltr'><strong>μεσεγγυήματος.</strong></span> <span class='ocrx_word' id='word_1_77' title='bbox 3093 1223 3134 1314; x_wconf 91' lang='grc'>5</span> <span class='ocrx_word' id='word_1_78' title='bbox 3175 1222 3294 1319; x_wconf 83' lang='grc'><strong>37,</strong></span> 
     </span>
     <span class='ocr_line' id='line_1_8' title="bbox 662 1342 3291 1441; baseline -0 -26"><span class='ocrx_word' id='word_1_79' title='bbox 662 1346 753 1418; x_wconf 79' lang='lat'><strong>26</strong></span> <span class='ocrx_word' id='word_1_80' title='bbox 781 1343 1243 1439; x_wconf 76' lang='grc' dir='ltr'><strong>καταδεέστερον</strong></span> <span class='ocrx_word' id='word_1_81' title='bbox 1280 1369 1361 1415; x_wconf 86' lang='lat' dir='ltr'><strong>ex</strong></span> <span class='ocrx_word' id='word_1_82' title='bbox 1399 1360 1545 1441; x_wconf 88' lang='lat' dir='ltr'><strong>opt.</strong></span> <span class='ocrx_word' id='word_1_83' title='bbox 1584 1369 1714 1439; x_wconf 77' lang='lat' dir='ltr'><strong>pro</strong></span> <span class='ocrx_word' id='word_1_84' title='bbox 1747 1350 1951 1439; x_wconf 81' lang='grc' dir='ltr'><em>-έρως,</em></span> <span class='ocrx_word' id='word_1_85' title='bbox 1986 1346 2024 1436; x_wconf 96' lang='grc'><strong>5</strong></span> <span class='ocrx_word' id='word_1_86' title='bbox 2059 1342 2236 1431; x_wconf 56' lang='lat'><strong>1554</strong></span> <span class='ocrx_word' id='word_1_87' title='bbox 2266 1347 2353 1441; x_wconf 82' lang='lat'><strong>37</strong></span> <span class='ocrx_word' id='word_1_88' title='bbox 2403 1370 2632 1417; x_wconf 83' lang='lat' dir='ltr'>uncos</span> <span class='ocrx_word' id='word_1_89' title='bbox 2673 1345 2972 1416; x_wconf 77' lang='lat' dir='ltr'><strong>addidit.</strong></span> <span class='ocrx_word' id='word_1_90' title='bbox 3026 1347 3067 1438; x_wconf 97' lang='lat' dir='ltr'>S</span> <span class='ocrx_word' id='word_1_91' title='bbox 3106 1368 3244 1415; x_wconf 75' lang='lat'><strong>202</strong></span> <span class='ocrx_word' id='word_1_92' title='bbox 3271 1397 3291 1431; x_wconf 92' lang='lat'>,</span> 
     </span>
     <span class='ocr_line' id='line_1_9' title="bbox 666 1466 3296 1564; baseline -0.002 -25"><span class='ocrx_word' id='word_1_93' title='bbox 666 1474 755 1554; x_wconf 73' lang='lat'><strong>24</strong></span> <span class='ocrx_word' id='word_1_94' title='bbox 788 1474 1007 1539; x_wconf 74' lang='grc' dir='ltr'><strong>ἐκείνου</strong></span> <span class='ocrx_word' id='word_1_95' title='bbox 1039 1497 1107 1564; x_wconf 92' lang='grc' dir='ltr'><strong>γε</strong></span> <span class='ocrx_word' id='word_1_96' title='bbox 1139 1492 1272 1563; x_wconf 83' lang='lat' dir='ltr'><strong>pro</strong></span> <span class='ocrx_word' id='word_1_97' title='bbox 1306 1470 1495 1537; x_wconf 76' lang='grc' dir='ltr'><strong>ἐκεῖνό</strong></span> <span class='ocrx_word' id='word_1_98' title='bbox 1525 1496 1594 1563; x_wconf 85' lang='grc' dir='ltr'><strong>γε</strong></span> <span class='ocrx_word' id='word_1_99' title='bbox 1618 1522 1637 1553; x_wconf 86' lang='grc'>,</span> <span class='ocrx_word' id='word_1_100' title='bbox 1692 1483 1883 1538; x_wconf 77' lang='lat' dir='ltr'><strong>certa</strong></span> <span class='ocrx_word' id='word_1_101' title='bbox 1929 1467 2360 1562; x_wconf 77' lang='lat' dir='ltr'><strong>conjectura.</strong></span> <span class='ocrx_word' id='word_1_102' title='bbox 2399 1510 2496 1521; x_wconf 91' lang='lat'>—</span> <span class='ocrx_word' id='word_1_103' title='bbox 2539 1466 2780 1538; x_wconf 77' lang='lat' dir='ltr'><strong>Ante&#39;d.</strong></span> <span class='ocrx_word' id='word_1_104' title='bbox 2820 1471 2861 1562; x_wconf 97' lang='lat' dir='ltr'>S</span> <span class='ocrx_word' id='word_1_105' title='bbox 2900 1466 2968 1555; x_wconf 85' lang='lat'><strong>5,</strong></span> <span class='ocrx_word' id='word_1_106' title='bbox 2995 1466 3043 1538; x_wconf 87' lang='grc'><strong>6</strong></span> <span class='ocrx_word' id='word_1_107' title='bbox 3073 1472 3296 1562; x_wconf 61' lang='grc' dir='ltr'><strong>ἤνεγκα</strong></span> 
     </span>
     <span class='ocr_line' id='line_1_10' title="bbox 661 1584 3300 1688; baseline -0 -28"><span class='ocrx_word' id='word_1_108' title='bbox 661 1596 767 1687; x_wconf 73' lang='grc' dir='ltr'><strong>μὲν</strong></span> <span class='ocrx_word' id='word_1_109' title='bbox 810 1615 943 1687; x_wconf 77' lang='lat' dir='ltr'><strong>pro</strong></span> <span class='ocrx_word' id='word_1_110' title='bbox 975 1596 1333 1686; x_wconf 75' lang='grc' dir='ltr'><strong>ἠνέγκαμεν.</strong></span> <span class='ocrx_word' id='word_1_111' title='bbox 1380 1591 1418 1681; x_wconf 90' lang='lat' dir='ltr'>S</span> <span class='ocrx_word' id='word_1_112' title='bbox 1459 1590 1571 1676; x_wconf 79' lang='lat'><strong>23,</strong></span> <span class='ocrx_word' id='word_1_113' title='bbox 1602 1588 1691 1662; x_wconf 85' lang='grc'>35</span> <span class='ocrx_word' id='word_1_114' title='bbox 1728 1597 1990 1685; x_wconf 75' lang='grc' dir='ltr'><strong>ἐμαυτοῦ</strong></span> <span class='ocrx_word' id='word_1_115' title='bbox 2022 1616 2104 1660; x_wconf 83' lang='lat' dir='ltr'><strong>ex</strong></span> <span class='ocrx_word' id='word_1_116' title='bbox 2143 1590 2348 1661; x_wconf 72' lang='lat' dir='ltr'><strong>libris</strong></span> <span class='ocrx_word' id='word_1_117' title='bbox 2389 1615 2523 1688; x_wconf 84' lang='lat' dir='ltr'><strong>pro</strong></span> <span class='ocrx_word' id='word_1_118' title='bbox 2564 1600 2762 1662; x_wconf 77' lang='grc' dir='ltr'><strong>αὐτοῦ.</strong></span> <span class='ocrx_word' id='word_1_119' title='bbox 2805 1593 2843 1683; x_wconf 94' lang='grc'>5</span> <span class='ocrx_word' id='word_1_120' title='bbox 2881 1590 2998 1679; x_wconf 85' lang='grc'><strong>36,</strong></span> <span class='ocrx_word' id='word_1_121' title='bbox 3029 1590 3122 1661; x_wconf 80' lang='lat'><strong>23</strong></span> <span class='ocrx_word' id='word_1_122' title='bbox 3155 1584 3300 1659; x_wconf 69' lang='grc' dir='ltr'><strong>οὐδὲ</strong></span> 
     </span>
     <span class='ocr_line' id='line_1_11' title="bbox 658 1698 3287 1812; baseline 0 -30"><span class='ocrx_word' id='word_1_123' title='bbox 658 1712 823 1783; x_wconf 83' lang='grc' dir='ltr'><strong>ταῦτ’</strong></span> <span class='ocrx_word' id='word_1_124' title='bbox 858 1718 1035 1808; x_wconf 80' lang='grc' dir='ltr'><strong>ἔχων,</strong></span> <span class='ocrx_word' id='word_1_125' title='bbox 1073 1736 1207 1808; x_wconf 80' lang='lat' dir='ltr'><strong>pro</strong></span> <span class='ocrx_word' id='word_1_126' title='bbox 1253 1709 1377 1781; x_wconf 82' lang='grc' dir='ltr'><strong>οὐδ’</strong></span> <span class='ocrx_word' id='word_1_127' title='bbox 1411 1717 1491 1798; x_wconf 84' lang='grc' dir='ltr'><strong>εἰ,</strong></span> <span class='ocrx_word' id='word_1_128' title='bbox 1530 1728 1721 1783; x_wconf 78' lang='lat' dir='ltr'><strong>certa</strong></span> <span class='ocrx_word' id='word_1_129' title='bbox 1763 1714 2200 1809; x_wconf 79' lang='lat' dir='ltr'><strong>conjectura.</strong></span> <span class='ocrx_word' id='word_1_130' title='bbox 2235 1698 2286 1807; x_wconf 70' lang='grc'><strong>’5</strong></span> <span class='ocrx_word' id='word_1_131' title='bbox 2341 1712 2499 1804; x_wconf 85' lang='lat'>115,</span> <span class='ocrx_word' id='word_1_132' title='bbox 2543 1740 2610 1785; x_wconf 81' lang='grc' dir='ltr'><strong>ιι</strong></span> <span class='ocrx_word' id='word_1_133' title='bbox 2669 1716 2832 1783; x_wconf 79' lang='grc' dir='ltr'><strong>ἀλλὰ</strong></span> <span class='ocrx_word' id='word_1_134' title='bbox 2875 1739 3009 1812; x_wconf 83' lang='lat' dir='ltr'><strong>pro</strong></span> <span class='ocrx_word' id='word_1_135' title='bbox 3053 1719 3193 1784; x_wconf 80' lang='grc' dir='ltr'><strong>ἀλλ’</strong></span> <span class='ocrx_word' id='word_1_136' title='bbox 3231 1722 3287 1783; x_wconf 75' lang='grc' dir='ltr'><strong>ἁ·</strong></span> 
     </span>
     <span class='ocr_line' id='line_1_12' title="bbox 661 1832 3292 1933; baseline 0 -29"><span class='ocrx_word' id='word_1_137' title='bbox 661 1839 698 1928; x_wconf 86' lang='grc'><strong>5</strong></span> <span class='ocrx_word' id='word_1_138' title='bbox 726 1833 883 1921; x_wconf 81' lang='grc'>166,</span> <span class='ocrx_word' id='word_1_139' title='bbox 906 1859 980 1903; x_wconf 77' lang='lat'><strong>21</strong></span> <span class='ocrx_word' id='word_1_140' title='bbox 1022 1832 1385 1903; x_wconf 67' lang='grc' dir='ltr'><strong>καταὸιῶναι</strong></span> <span class='ocrx_word' id='word_1_141' title='bbox 1417 1858 1549 1929; x_wconf 81' lang='lat' dir='ltr'><strong>pro</strong></span> <span class='ocrx_word' id='word_1_142' title='bbox 1581 1833 1737 1904; x_wconf 64' lang='grc' dir='ltr'><strong>ἐπιδ.</strong></span> <span class='ocrx_word' id='word_1_143' title='bbox 1776 1837 1815 1926; x_wconf 88' lang='grc'>5</span> <span class='ocrx_word' id='word_1_144' title='bbox 1853 1836 2010 1931; x_wconf 79' lang='grc'><strong>178,</strong></span> <span class='ocrx_word' id='word_1_145' title='bbox 2045 1834 2142 1933; x_wconf 55' lang='lat'><strong>52·</strong></span> <span class='ocrx_word' id='word_1_146' title='bbox 2175 1850 2443 1933; x_wconf 80' lang='lat' dir='ltr'><strong>transp.</strong></span> <span class='ocrx_word' id='word_1_147' title='bbox 2475 1840 2799 1932; x_wconf 80' lang='grc' dir='ltr'><strong>ποιούμεθα</strong></span> <span class='ocrx_word' id='word_1_148' title='bbox 2827 1844 3025 1931; x_wconf 75' lang='grc' dir='ltr'><strong>ἡμεῖς.</strong></span> <span class='ocrx_word' id='word_1_149' title='bbox 3071 1832 3292 1927; x_wconf 67' lang='grc'>5253,</span> 
     </span>
     <span class='ocr_line' id='line_1_13' title="bbox 656 1955 3292 2055; baseline -0 -28"><span class='ocrx_word' id='word_1_150' title='bbox 656 1956 749 2041; x_wconf 76' lang='grc'><strong>45</strong></span> <span class='ocrx_word' id='word_1_151' title='bbox 784 1955 1247 2027; x_wconf 71' lang='lat' dir='ltr'><strong>scribendum</strong></span> <span class='ocrx_word' id='word_1_152' title='bbox 1276 1970 1565 2027; x_wconf 79' lang='grc' dir='ltr'><strong>τοιοῦτον.</strong></span> <span class='ocrx_word' id='word_1_153' title='bbox 1603 1961 1642 2050; x_wconf 91' lang='grc'><strong>5</strong></span> <span class='ocrx_word' id='word_1_154' title='bbox 1674 1958 1835 2045; x_wconf 77' lang='lat'>302,</span> <span class='ocrx_word' id='word_1_155' title='bbox 1886 1958 1972 2029; x_wconf 82' lang='lat'><strong>13</strong></span> <span class='ocrx_word' id='word_1_156' title='bbox 2019 1959 2304 2055; x_wconf 79' lang='lat' dir='ltr'><strong>scripsit</strong></span> <span class='ocrx_word' id='word_1_157' title='bbox 2343 1965 2478 2043; x_wconf 77' lang='grc' dir='ltr'><strong>τοὺς</strong></span> <span class='ocrx_word' id='word_1_158' title='bbox 2509 1962 2611 2031; x_wconf 77' lang='grc' dir='ltr'><strong>καὶ</strong></span> <span class='ocrx_word' id='word_1_159' title='bbox 2635 1960 2854 2055; x_wconf 76' lang='grc' dir='ltr'><strong>μικρὰ,</strong></span> <span class='ocrx_word' id='word_1_160' title='bbox 2906 1957 3156 2031; x_wconf 82' lang='lat' dir='ltr'><strong>addito</strong></span> <span class='ocrx_word' id='word_1_161' title='bbox 3187 1961 3292 2027; x_wconf 74' lang='grc' dir='ltr'><strong>καί</strong></span> 
     </span>
     <span class='ocr_line' id='line_1_14' title="bbox 660 2076 3291 2173; baseline -0 -26"><span class='ocrx_word' id='word_1_162' title='bbox 660 2078 751 2147; x_wconf 88' lang='lat' dir='ltr'><strong>de</strong></span> <span class='ocrx_word' id='word_1_163' title='bbox 772 2078 964 2172; x_wconf 89' lang='lat' dir='ltr'><strong>conj.</strong></span> <span class='ocrx_word' id='word_1_164' title='bbox 993 2120 1081 2131; x_wconf 91' lang='lat'><strong>—-</strong></span> <span class='ocrx_word' id='word_1_165' title='bbox 1128 2083 1411 2173; x_wconf 84' lang='lat' dir='ltr'><strong><em>Trapez.</em></strong></span> <span class='ocrx_word' id='word_1_166' title='bbox 1454 2080 1494 2170; x_wconf 87' lang='grc'><strong>5</strong></span> <span class='ocrx_word' id='word_1_167' title='bbox 1529 2082 1647 2165; x_wconf 66' lang='grc'><strong>42,</strong></span> <span class='ocrx_word' id='word_1_168' title='bbox 1691 2076 1779 2148; x_wconf 84' lang='grc'><strong>38</strong></span> <span class='ocrx_word' id='word_1_169' title='bbox 1826 2102 1992 2149; x_wconf 84' lang='lat' dir='ltr'><strong>cum</strong></span> <span class='ocrx_word' id='word_1_170' title='bbox 2039 2078 2369 2151; x_wconf 79' lang='lat' dir='ltr'><strong>Dobreeo</strong></span> <span class='ocrx_word' id='word_1_171' title='bbox 2414 2078 2878 2151; x_wconf 84' lang='lat' dir='ltr'><strong>scribendum</strong></span> <span class='ocrx_word' id='word_1_172' title='bbox 2909 2102 3058 2149; x_wconf 82' lang='lat' dir='ltr'><strong>esse</strong></span> <span class='ocrx_word' id='word_1_173' title='bbox 3085 2078 3291 2173; x_wconf 82' lang='lat' dir='ltr'><strong>signi·</strong></span> 
     </span>
     <span class='ocr_line' id='line_1_15' title="bbox 560 2198 3286 2297; baseline 0.001 -28"><span class='ocrx_word' id='word_1_174' title='bbox 560 2214 564 2217; x_wconf 64' lang='grc'><em>“</em></span> <span class='ocrx_word' id='word_1_175' title='bbox 660 2198 820 2269; x_wconf 81' lang='lat' dir='ltr'><strong>sicat</strong></span> <span class='ocrx_word' id='word_1_176' title='bbox 874 2207 1032 2269; x_wconf 85' lang='grc' dir='ltr'><strong>ὥστε</strong></span> <span class='ocrx_word' id='word_1_177' title='bbox 1080 2204 1161 2269; x_wconf 85' lang='grc' dir='ltr'><strong>τὸ</strong></span> <span class='ocrx_word' id='word_1_178' title='bbox 1212 2204 1338 2295; x_wconf 76' lang='grc' dir='ltr'><strong>μὲν</strong></span> <span class='ocrx_word' id='word_1_179' title='bbox 1385 2212 1675 2295; x_wconf 82' lang='grc' dir='ltr'><strong>πρῶτον</strong></span> <span class='ocrx_word' id='word_1_180' title='bbox 1733 2202 1895 2296; x_wconf 75' lang='grc' dir='ltr'><strong>παρὰ</strong></span> <span class='ocrx_word' id='word_1_181' title='bbox 1941 2206 2145 2297; x_wconf 81' lang='grc' dir='ltr'><strong>μικρὸν</strong></span> <span class='ocrx_word' id='word_1_182' title='bbox 2178 2203 2398 2290; x_wconf 71' lang='grc' dir='ltr'><strong>ἦλθον,</strong></span> <span class='ocrx_word' id='word_1_183' title='bbox 2453 2227 2536 2272; x_wconf 81' lang='lat' dir='ltr'><strong>ex</strong></span> <span class='ocrx_word' id='word_1_184' title='bbox 2576 2202 2884 2295; x_wconf 82' lang='lat' dir='ltr'><strong>vestigiis</strong></span> <span class='ocrx_word' id='word_1_185' title='bbox 2926 2200 3286 2271; x_wconf 85' lang='lat' dir='ltr'><strong>codicum.</strong></span> 
     </span>
     <span class='ocr_line' id='line_1_16' title="bbox 661 2320 3288 2425; baseline 0.001 -34"><span class='ocrx_word' id='word_1_186' title='bbox 661 2326 699 2415; x_wconf 90' lang='grc'><strong>5</strong></span> <span class='ocrx_word' id='word_1_187' title='bbox 726 2326 845 2409; x_wconf 89' lang='grc'><strong>44,</strong></span> <span class='ocrx_word' id='word_1_188' title='bbox 870 2323 966 2411; x_wconf 81' lang='grc'><strong>48</strong></span> <span class='ocrx_word' id='word_1_189' title='bbox 996 2353 1109 2417; x_wconf 80' lang='grc' dir='ltr'><strong>μου</strong></span> <span class='ocrx_word' id='word_1_190' title='bbox 1144 2346 1277 2417; x_wconf 79' lang='lat' dir='ltr'><strong>pro</strong></span> <span class='ocrx_word' id='word_1_191' title='bbox 1313 2352 1417 2417; x_wconf 81' lang='grc' dir='ltr'><strong>μοι</strong></span> <span class='ocrx_word' id='word_1_192' title='bbox 1446 2348 1609 2393; x_wconf 91' lang='lat' dir='ltr'><strong>cum</strong></span> <span class='ocrx_word' id='word_1_193' title='bbox 1640 2325 1980 2421; x_wconf 84' lang='lat' dir='ltr'><strong>Sauppio.</strong></span> <span class='ocrx_word' id='word_1_194' title='bbox 2009 2366 2097 2377; x_wconf 90' lang='lat'>-</span> <span class='ocrx_word' id='word_1_195' title='bbox 2129 2328 2372 2425; x_wconf 78' lang='lat' dir='ltr'><em>AEgin.</em></span> <span class='ocrx_word' id='word_1_196' title='bbox 2401 2326 2442 2417; x_wconf 86' lang='grc'><strong>5</strong></span> <span class='ocrx_word' id='word_1_197' title='bbox 2468 2322 2533 2413; x_wconf 86' lang='grc'>5,</span> <span class='ocrx_word' id='word_1_198' title='bbox 2554 2320 2640 2393; x_wconf 77' lang='lat'><strong>32</strong></span> <span class='ocrx_word' id='word_1_199' title='bbox 2667 2327 2798 2417; x_wconf 78' lang='lat' dir='ltr'><strong>etS</strong></span> <span class='ocrx_word' id='word_1_200' title='bbox 2833 2323 2934 2408; x_wconf 86' lang='lat'><strong>13,</strong></span> <span class='ocrx_word' id='word_1_201' title='bbox 2973 2322 3061 2419; x_wconf 86' lang='lat'><strong>37</strong></span> <span class='ocrx_word' id='word_1_202' title='bbox 3095 2322 3288 2393; x_wconf 83' lang='lat' dir='ltr'><strong>delet</strong></span> 
     </span>
     <span class='ocr_line' id='line_1_17' title="bbox 658 2446 3288 2545; baseline 0.001 -30"><span class='ocrx_word' id='word_1_203' title='bbox 658 2449 771 2541; x_wconf 83' lang='grc' dir='ltr'><strong>γὰρ</strong></span> <span class='ocrx_word' id='word_1_204' title='bbox 804 2462 869 2516; x_wconf 83' lang='lat' dir='ltr'><strong>et</strong></span> <span class='ocrx_word' id='word_1_205' title='bbox 905 2448 1051 2517; x_wconf 83' lang='grc' dir='ltr'><strong>ὄντα</strong></span> <span class='ocrx_word' id='word_1_206' title='bbox 1094 2472 1259 2517; x_wconf 88' lang='lat' dir='ltr'><strong>cum</strong></span> <span class='ocrx_word' id='word_1_207' title='bbox 1298 2466 1445 2543; x_wconf 82' lang='lat' dir='ltr'><strong>opt.</strong></span> <span class='ocrx_word' id='word_1_208' title='bbox 1486 2449 1677 2541; x_wconf 79' lang='grc'>544,</span> <span class='ocrx_word' id='word_1_209' title='bbox 1732 2453 1813 2533; x_wconf 88' lang='grc' dir='ltr'><strong>ι4</strong></span> <span class='ocrx_word' id='word_1_210' title='bbox 1862 2448 2016 2545; x_wconf 82' lang='grc' dir='ltr'><strong>εἶχεν</strong></span> <span class='ocrx_word' id='word_1_211' title='bbox 2061 2472 2194 2545; x_wconf 84' lang='lat' dir='ltr'><strong>pro</strong></span> <span class='ocrx_word' id='word_1_212' title='bbox 2239 2446 2427 2545; x_wconf 81' lang='grc' dir='ltr'><strong>εἶχον,</strong></span> <span class='ocrx_word' id='word_1_213' title='bbox 2464 2448 2556 2519; x_wconf 89' lang='lat' dir='ltr'><strong>de</strong></span> <span class='ocrx_word' id='word_1_214' title='bbox 2596 2449 2784 2541; x_wconf 81' lang='lat' dir='ltr'><strong>conj.</strong></span> <span class='ocrx_word' id='word_1_215' title='bbox 2813 2490 2908 2501; x_wconf 92' lang='lat'>—</span> <span class='ocrx_word' id='word_1_216' title='bbox 2943 2448 3114 2519; x_wconf 79' lang='lat' dir='ltr'><strong>Adv.</strong></span> <span class='ocrx_word' id='word_1_217' title='bbox 3151 2454 3288 2517; x_wconf 84' lang='lat' dir='ltr'><strong>Eu-</strong></span> 
     </span>
     <span class='ocr_line' id='line_1_18' title="bbox 658 2566 3290 2665; baseline 0.002 -28"><span class='ocrx_word' id='word_1_218' title='bbox 658 2569 851 2660; x_wconf 78' lang='lat' dir='ltr'><em>thyn.</em></span> <span class='ocrx_word' id='word_1_219' title='bbox 891 2571 930 2661; x_wconf 89' lang='grc'><strong>5</strong></span> <span class='ocrx_word' id='word_1_220' title='bbox 971 2568 1078 2654; x_wconf 83' lang='lat'><strong>13,</strong></span> <span class='ocrx_word' id='word_1_221' title='bbox 1114 2574 1209 2654; x_wconf 85' lang='grc' dir='ltr'><strong>4ο</strong></span> <span class='ocrx_word' id='word_1_222' title='bbox 1251 2566 1438 2665; x_wconf 80' lang='grc' dir='ltr'><strong>μηδὲν</strong></span> <span class='ocrx_word' id='word_1_223' title='bbox 1472 2570 1746 2641; x_wconf 77' lang='lat' dir='ltr'><strong>addidit</strong></span> <span class='ocrx_word' id='word_1_224' title='bbox 1793 2570 1884 2640; x_wconf 88' lang='lat' dir='ltr'><strong>de</strong></span> <span class='ocrx_word' id='word_1_225' title='bbox 1931 2569 2226 2644; x_wconf 78' lang='lat' dir='ltr'><strong>Bekkeri</strong></span> <span class='ocrx_word' id='word_1_226' title='bbox 2271 2570 2460 2665; x_wconf 85' lang='lat' dir='ltr'><strong>conj.</strong></span> <span class='ocrx_word' id='word_1_227' title='bbox 2501 2574 2540 2664; x_wconf 86' lang='grc'><strong>5</strong></span> <span class='ocrx_word' id='word_1_228' title='bbox 2601 2570 2704 2660; x_wconf 82' lang='lat'><strong>15,</strong></span> <span class='ocrx_word' id='word_1_229' title='bbox 2762 2572 2804 2643; x_wconf 88' lang='lat'>3</span> <span class='ocrx_word' id='word_1_230' title='bbox 2857 2569 3110 2653; x_wconf 78' lang='grc' dir='ltr'><strong>ἐλπίζειν</strong></span> <span class='ocrx_word' id='word_1_231' title='bbox 3150 2595 3290 2664; x_wconf 82' lang='lat' dir='ltr'><strong>pro</strong></span> 
     </span>
     <span class='ocr_line' id='line_1_19' title="bbox 658 2688 1533 2771; baseline 0.003 -12"><span class='ocrx_word' id='word_1_232' title='bbox 658 2688 875 2771; x_wconf 82' lang='grc' dir='ltr'><strong>ἤλπιζε</strong></span> <span class='ocrx_word' id='word_1_233' title='bbox 908 2715 1071 2761; x_wconf 89' lang='lat' dir='ltr'><strong>cum</strong></span> <span class='ocrx_word' id='word_1_234' title='bbox 1116 2695 1199 2761; x_wconf 88' lang='lat' dir='ltr'><strong>H.</strong></span> <span class='ocrx_word' id='word_1_235' title='bbox 1250 2692 1533 2762; x_wconf 76' lang='lat' dir='ltr'><strong>Wolfio,</strong></span> 
     </span>
    </p>

    <p class='ocr_par' dir='ltr' id='par_1_3' title="bbox 744 2814 2466 2909">
     <span class='ocr_line' id='line_1_20' title="bbox 744 2814 2466 2909; baseline -0.001 -26"><span class='ocrx_word' id='word_1_236' title='bbox 744 2814 1171 2909; x_wconf 66' lang='lat' dir='ltr'><strong>Sci-ipsimus</strong></span> <span class='ocrx_word' id='word_1_237' title='bbox 1206 2831 1507 2885; x_wconf 78' lang='lat' dir='ltr'><strong>exeunte</strong></span> <span class='ocrx_word' id='word_1_238' title='bbox 1536 2815 1911 2887; x_wconf 81' lang='lat' dir='ltr'><strong>Decembri</strong></span> <span class='ocrx_word' id='word_1_239' title='bbox 1963 2818 2466 2889; x_wconf 75' lang='lat' dir='ltr'>MDCCCXLV.</span> 
     </span>
    </p>
   </div>
   <div class='ocr_carea' id='block_1_2' title="bbox 3751 19 3776 3202">
    <p class='ocr_par' dir='ltr' id='par_1_4' title="bbox 3751 19 3776 3202">
     <span class='ocr_line' id='line_1_21' title="bbox 3751 19 3776 3202; textangle 90"><span class='ocrx_word' id='word_1_240' title='bbox 3760 3163 3773 3202; x_wconf 68' lang='grc' dir='ltr'><strong>μ.</strong></span> <span class='ocrx_word' id='word_1_241' title='bbox 3762 3115 3770 3126; x_wconf 92' lang='grc'>.</span> <span class='ocrx_word' id='word_1_242' title='bbox 3760 3085 3769 3098; x_wconf 89' lang='grc'>-</span> <span class='ocrx_word' id='word_1_243' title='bbox 3758 2991 3770 3062; x_wconf 70' lang='grc' dir='ltr'><strong>..ι-</strong></span> <span class='ocrx_word' id='word_1_244' title='bbox 3757 2831 3772 2942; x_wconf 67' lang='grc' dir='ltr'><strong>...ι-</strong></span> <span class='ocrx_word' id='word_1_245' title='bbox 3757 2759 3768 2814; x_wconf 75' lang='grc' dir='ltr'><strong>-ι</strong></span> <span class='ocrx_word' id='word_1_246' title='bbox 3751 837 3774 2738; x_wconf 57' lang='lat' dir='ltr'><em>mmm—-—*————</em></span> <span class='ocrx_word' id='word_1_247' title='bbox 3761 232 3776 801; x_wconf 49' lang='lat' dir='ltr'><strong>-q——nffl</strong></span> <span class='ocrx_word' id='word_1_248' title='bbox 3768 182 3776 213; x_wconf 83' lang='grc'><strong>-</strong></span> <span class='ocrx_word' id='word_1_249' title='bbox 3764 19 3776 163; x_wconf 59' lang='grc'><strong>,4-</strong></span> 
     </span>
    </p>
   </div>
   <div class='ocr_carea' id='block_1_3' title="bbox 3757 4814 3765 5689">
    <p class='ocr_par' dir='ltr' id='par_1_5' title="bbox 3757 4814 3765 5689">
     <span class='ocr_line' id='line_1_22' title="bbox 3757 4814 3765 5689; baseline 0 0"><span class='ocrx_word' id='word_1_250' title='bbox 3757 4814 3765 5689; x_wconf 95' lang='lat' dir='ltr'><strong> </strong></span> 
     </span>
    </p>
   </div>
  </div>
 </body>
</html>
