3825 5842
490 521 494 526 ’
533 503 643 556 164

1504 477 1783 540 ΛΥΣιοΥ
1822 481 1873 537 0
1920 455 2118 536 KAT'A
2162 458 2742 535 AAK'lBlAAOr'A..

3417 472 3656 547 (εει-ωε
3674 496 3682 546 3

531 625 810 706 Σκέψασθε
824 617 879 678 δὲ
891 617 1022 684 τίνες
1048 583 1176 674 εἰσὶν
1194 612 1277 680 οὓς
1295 613 1372 670 δεῖ
1388 611 1648 692 παρεῖναι.
1673 611 1797 688 Οὐχ
1818 605 1997 674 οἵτινες
2023 604 2085 664 ἂν
2177 616 2304 668 (11108
2323 604 2551 654 interesse
2567 603 2802 667 oportent.
2866 605 3036 652 Annon
3055 614 3138 652 eos
3161 600 3245 664 qui
3263 601 3386 650 hanc
3403 600 3570 650 babent
3593 605 3694 650 :nta-

532 711 629 783 τὴν
660 706 867 781 ἡλικίαν
896 703 1090 775 ταύτην
1125 699 1344 780 ἔχωσιν;
1381 700 1479 806 οὐχ.
1515 695 1599 764 οὓς
1635 693 1699 755 ἂν
1722 699 1769 755 οἱ
1802 693 2085 776 στρατηγοὶ

530 795 908 867 καταλέξωσιν,
970 794 1031 868 (7)
1050 789 1313 868 Ἥγοῧμαι
1339 789 1405 860 δ’,
1426 809 1470 843 ω
1495 785 1673 866 ἄνδρες
1690 782 1960 854 δικασταί,
1979 780 2086 862 ὅλῳ

460 913 507 954 ιο
534 891 608 968 τῷ
626 885 769 966 νόμῳ
790 881 945 962 μόνον
966 877 1117 938 αὐτὸν
1138 880 1239 936 τῶν
1259 877 1485 935 πολιτῶν
1512 873 1689 952 ἔνοχον
1712 863 1867 931 εἶναι·
1892 873 2086 950 ἀστρα-

534 975 674 1042 τείας
711 971 805 1050 μὲν
833 969 932 1051 γὰρ
961 967 1169 1033 δικαίως
1201 965 1264 1025 ἂν
1294 965 1449 1023 αὐτὸν
1478 964 1707 1039 ἁλῶναι,
1738 959 1817 1020 δ’τι
1860 959 2086 1019 καταλε-

534 1061 639 1142 γεὶς
664 1063 723 1120 οὗ
758 1063 954 1139 παρῆν,
994 1053 1290 1122 λιποταξίου
1324 1052 1406 1123 δέ,
1444 1050 1523 1109 ὅτι
1567 1053 1659 1110 οὐκ
1696 1048 1943 1120 ἐπεξῆλθε
1973 1044 2084 1124 μεθ’

534 1152 679 1227 ὑμῶν
704 1142 1260 1228 στρατοπεδευόμενος,
1296 1135 1411 1198 οὐδὲ
1434 1137 1673 1218 παρέσχε
1700 1135 1831 1214 μετὰ
1861 1138 1965 1193 τῶν
1989 1133 2087 1190 ἀλ-

532 1238 635 1296 λων
658 1235 838 1295 ἑαυτὸν
864 1231 1040 1304 τάξαι,
1073 1229 1265 1294 δειλίας
1296 1226 1378 1299 δέ,
1401 1225 1481 1284 ὅτι
1505 1227 1609 1284 δεῖν
1642 1224 1795 1284 αὐτὸν
1826 1221 1958 1300 μετὰ
1983 1223 2086 1278 τῶν

530 1327 755 1384 ὁπλιτῶν
774 1317 1082 1382 κινδυνεύειν
1106 1316 1343 1377 ἱππεύειν
1368 1313 1551 1375 εἵλετο.
1624 1315 1687 1390 (ε)
1716 1311 1903 1373 Καίτοι
1933 1307 2086 1390 φασὶν

532 1411 687 1471 αὐτὸν
710 1409 906 1480 ταύτην
932 1407 1027 1479 τὴν
1054 1403 1337 1484 ἀπολογίαν
1360 1402 1695 1478 ποιήσεσθαι,
1717 1403 1786 1467 ὡς
1807 1396 2086 1476 ἐπειδήπερ

528 1500 765 1572 ἵππευεν,
782 1496 926 1558 οὐδὲν
948 1495 1117 1568 ἠδίκει
1140 1491 1233 1564 τὴν
1257 1491 1428 1551 πόλιν.
1512 1488 1657 1566 Ἐγὼ
1677 1490 1720 1548 δ’
1744 1492 1973 1565 ἡγοῦμαι
2001 1483 2086 1544 διὰ

530 1589 669 1650 τοῦθ’
697 1593 830 1666 ὑμᾶς
860 1584 1070 1650 δικαίως
1094 1582 1157 1641 ἂν
1187 1582 1331 1660 αὐτῷ
1362 1578 1677 1659 ὀργίζεσθαι,
1709 1575 1787 1634 ὅτι
1809 1581 1895 1633 τοῦ
1925 1571 2084 1649 νόμου

455 1699 506 1739 15
530 1677 848 1747 κελεύοντος,
879 1673 968 1732 ἐάν
988 1679 1063 1738 ιἕις
1081 1668 1431 1746 ἀδοκίμαστος
1454 1665 1650 1745 ἱππεύῃ
1665 1708 1680 1736 ,
1710 1663 1894 1740 ἄτιμον
1923 1652 2082 1737 εἶναι,

534 1766 817 1843 ἐτόλμησεν
849 1758 1195 1839 ἀδοκίμαστος
1220 1755 1477 1816 ἱππεύειν.
1585 1751 1696 1814 Καί
1720 1774 1809 1829 μοι
1832 1749 2088 1828 ἀνάγνωθι

532 1853 621 1914 τὸν
652 1852 825 1931 νόμον.

1191 1973 1429 2022 ΝΟΜΟΣ.

610 2133 655 2173 ⁹.
698 2101 866 2175 Οὗτος
887 2106 1053 2166 τοίνυν
1075 2107 1147 2173 εἷς
1178 2104 1315 2164 τοῦτ’
1341 2095 1468 2176 ἦλθε
1494 2101 1775 2184 πονηρίας,
1813 2100 1904 2161 καὶ
1931 2099 2090 2168 οὕτως

532 2203 678 2276 ὑμῶν
705 2194 1059 2279 κατεφρόνησε
1086 2193 1177 2252 καὶ
1212 2190 1326 2259 τοὺς
1363 2190 1643 2270 πολεμίους
1681 2190 1846 2250 ἔδεισε
1882 2189 1973 2248 καὶ
1999 2191 2090 2246 ἳπ-

530 2287 706 2348 πεύειν
725 2284 1025 2361 ἐπεθύμησε
1046 2280 1137 2340 καὶ
1164 2284 1266 2338 τῶν
1290 2278 1461 2356 νόμων
1486 2280 1582 2338 οὐκ
1610 2277 1926 2358 ἐφρόντισεν,
1953 2277 2086 2336 ὥστε

529 2374 676 2435 οὖδὲν
708 2376 851 2453 αὐτῷ
878 2371 1072 2431 τούτων
1098 2371 1199 2428 τῶν
1225 2367 1471 2426 κινδύνων
1495 2365 1769 2444 ἐμέλησεν,
1799 2365 1913 2424 ἀλλ’
1939 2364 2086 2424 ἐδου·

528 2462 662 2537 λήθη
686 2461 775 2523 καὶ
807 2460 988 2538 ἄτιμος
1016 2448 1147 2518 εἶναι
1169 2455 1260 2516 καὶ
1282 2455 1345 2514 τὰ
1378 2454 1613 2536 χρήματ’
1639 2455 1795 2512 αὑτοῦ
1826 2455 2090 2531 δημευθῆ-

450 2571 505 2612 ao
529 2576 618 2612 ναι
654 2549 746 2610 καὶ
774 2547 969 2616 πάσαις
994 2547 1109 2612 ταῖς
1142 2543 1401 2622 κειμέναις
1425 2541 1632 2620 ζημίαις
1654 2540 1827 2622 ἔνοχος
1850 2541 2088 2620 γενέσθαι

532 2641 733 2720 μᾶλλον
764 2636 799 2708 ἢ
839 2633 972 2714 μετὰ
1003 2637 1105 2693 τῶν
1139 2633 1368 2691 πολιτῶν
1406 2621 1538 2688 εἶναι
1577 2627 1679 2688 καὶι
1694 2628 1909 2702 ὁπλίτης
1938 2628 2054 2707 γενέ
2062 2666 2088 2676 ‹-

530 2732 667 2788 σθαι.
755 2725 847 2803 (ιο)
879 2721 991 2784 Καὶ
1014 2721 1178 2802 ἕτεροι
1200 2717 1295 2799 μὲν
1321 2717 1648 2777 οὗδεπώποτε
1676 2716 2089 2792 ὁπλιτεύσαντες,

528 2811 833 2880 ἱππεύοντες
860 2810 914 2869 δὲ
942 2809 1030 2870 τὸν
1060 2808 1218 2867 ἄλλον
1244 2805 1427 2887 χρόνον
1456 2804 1546 2865 καὶ
1582 2803 1752 2864 πολλὰ
1795 2802 1934 2865 κακὰ
1973 2802 2090 2872 τοὺς

530 2902 811 2980 πολεμίους
828 2896 1196 2972 πεποιηκότες,
1222 2898 1313 2953 οὐκ
1336 2893 1629 2973 ἐτόλμησαν
1654 2891 1741 2951 ἐπὶ
1766 2889 1882 2959 τοὺς
1902 2891 2091 2962 ἵππους

530 2991 821 3064 ἀναὸἥναι,
843 2988 1061 3053 δεδιότες
1081 2988 1216 3063 ὑμᾶς
1239 2981 1437 3065 καὶτὸν
1458 2981 1639 3058 νόμον·
1668 2979 1801 3040 οὕτω
1824 2979 1926 3062 γὰρ
1953 2971 2088 3052 ἦσαν

526 3074 1045 3161 παρεσκευασμένοι,
1078 3074 1178 3153 οὐχ
1212 3074 1281 3137 ὡς
1322 3068 1682 3149 ἀπολουμένης
1722 3073 1816 3142 τῆς
1860 3069 2089 3148 πόλεως,

528 3168 645 3228 ἀλλ’
672 3170 743 3235 ὥς
770 3161 1135 3241 σωθησομένης
1162 3158 1253 3219 καὶ
1278 3157 1511 3238 μεγάλης
1538 3157 1787 3235 ἐσομένης
1814 3156 1906 3216 καὶ
1933 3180 2091 3236 τιμω-

450 3280 511 3322 2⁵·
530 3257 821 3340 ρησομένης
842 3255 961 3323 τοὺς
996 3254 1329 3318 ἀδικοῦντας·
1360 3247 1698 3321 Ἀλκιόιοίδης
1735 3249 1779 3308 δ’
1802 3247 2088 3325 ἐτόλμησεν

530 3347 815 3418 ἀναὸῆναι,
845 3341 963 3403 οὔτε
986 3340 1157 3407 εὔνους
1182 3336 1254 3397 ὢν
1274 3342 1349 3419 τῷ
1378 3336 1566 3408 πλήθει
1589 3335 1707 3395 οὔτε
1736 3334 1984 3417 πρότερον
2002 3340 2090 3395 ἱπ-

528 3433 726 3502 πεύσας
748 3431 865 3491 οὗτε
883 3435 971 3488 νῦν
996 3427 1336 3504 ἐπιστάμενος
1351 3425 1469 3485 οὔτε
1484 3425 1568 3506 ὑφ’
1582 3427 1725 3502 ὑμῶν
1742 3424 2088 3502 δοκιμασθείς,

530 3527 599 3590 ὡς
636 3524 733 3582 οὐκ
766 3517 1063 3597 ἐξεσόμενον
1096 3521 1161 3594 τῇ
1193 3513 1342 3574 πόλει
1375 3512 1523 3586 δίκην
1552 3509 1700 3592 παρὰ
1732 3515 1834 3570 τῶν
1864 3511 2092 3570 ἀδικούν-

528 3633 633 3670 των
658 3607 967 3687 λαμὸάνειν.
1052 3602 1140 3688 (11)
1164 3603 1553 3678 Ἐνθυμηθῆναι
1572 3601 1626 3658 δὲ
1648 3599 1753 3680 χρὴ
1786 3597 1891 3671 ὅτι,
1912 3601 1958 3658 εἰ
1984 3596 2088 3667 ἐξέ-

532 3722 652 3760 σται
683 3696 716 3756 8
745 3721 796 3756 τι
826 3694 890 3754 ἄν
919 3719 997 3763 τις
1028 3692 1281 3773 βούληται
1322 3689 1506 3761 ποιεῖν,
1530 3687 1675 3746 οὐδὲν
1703 3685 1884 3769 ὄφελος
1904 3686 2091 3767 νόμους

528 3787 733 3848 κεῖσθαι
756 3783 792 3857 ἢ
833 3787 970 3862 ὑμᾶς
1012 3775 1415 3858 συλλέγεσθαιῆ
1454 3773 1772 3858 στρατηγοὺς
1810 3778 2085 3856 αἱρεῖσθαι.

449 3889 504 3930 ³⁰
529 3874 806 3954 Θαυμάζω
828 3869 913 3950 δέ,
944 3860 989 3930 ὦ
1012 3867 1194 3950 ἄνδρες
1216 3863 1484 3938 δικασταί,
1514 3862 1657 3931 εἴτις
1692 3863 1849 3936 ἀξιοῖ,
1879 3861 1968 3922 ἐὰν
1994 3863 2089 3942 μέν

528 3989 603 4034 τις
621 3962 937 4047 προσιόντων
956 3961 1061 4018 τῶν
1088 3953 1355 4032 πολεμίων
1380 3958 1472 4027 τῆς
1495 3951 1705 4036 πρώτης
1725 3950 1915 4021 τάξεως
1939 3975 2089 4012 τετα-

525 4054 712 4135 γμένος
743 4055 836 4123 τῆς
865 4045 1107 4126 δευτέρας
1134 4042 1377 4124 γένηται,
1399 4042 1585 4102 τούτου
1625 4040 1719 4117 μὲν
1754 4038 1948 4100 δειλίαν
1978 4062 2089 4098 κα-

526 4140 934 4223 ταψηφίζεσθαι,
982 4134 1073 4196 ἐὰν
1103 4132 1159 4192 δέ
1184 4157 1259 4200 τις
1292 4135 1344 4192 ἐν
1379 4139 1486 4198 τοῖς
1515 4128 1751 4197 ὁπλίταις
1776 4127 2090 4206 τεταγμένος

529 4231 582 4288 ἐν
600 4236 704 4296 τοῖς
725 4230 971 4286 ἱππεῦσιν
996 4225 1266 4303 ἀναφανῇ,
1289 4220 1455 4300 τούτῳ
1478 4217 1788 4298 συγγνώμην
1808 4215 1968 4298 ἔχειν.
1998 4218 2088 4296 (12)

529 4315 641 4378 Καὶ
661 4313 754 4393 μὲν
772 4313 865 4387 δή,
888 4303 932 4372 ῶ
955 4310 1133 4392 ἄνδρες
1155 4307 1425 4381 δικασταί,
1449 4313 1683 4386 ἡγοῦμαι
1704 4304 1929 4374 δικάζειν
1955 4308 2090 4382 ὑμᾶς

528 4405 587 4464 οὗ
618 4402 770 4481 μόνον
791 4404 893 4460 τῶν
918 4397 1379 4478 ἐξαμαρτανόντων
1402 4396 1579 4466 ἕνεκα,
1606 4395 1723 4452 ἀλλ’
1746 4391 1831 4451 ἵνα
1856 4391 1948 4451 καὶ
1973 4390 2091 4460 τοὺς

530 4489 717 4554 ἄλλους
742 4490 846 4546 τῶν
874 4484 1243 4563 ἀκοσμούντων
1264 4481 1704 4563 σωφρονεστέρους
1726 4483 1928 4550 ποιῆτε.
1959 4479 2089 4540 Ἐὰν

449 4596 503 4638 25
530 4577 626 4656 μὲν
651 4574 819 4635 τοίνυν
842 4573 961 4641 τοὺς
1002 4575 1237 4652 ἀγνῶτας
1277 4571 1531 4643 κολάζητε
1550 4614 1567 4647 ,
1606 4567 1769 4634 οὐδεὶς
1812 4565 1958 4624 ἔσται
1985 4570 2089 4626 τῶν

528 4665 704 4726 ἄλλων
734 4661 969 4744 βελτίων·
1002 4661 1162 4727 οὗδεὶς
1189 4658 1289 4740 γὰρ
1318 4659 1512 4718 εἴσεται
1532 4656 1619 4716 τὸν
1650 4653 1732 4738 ὑφ’
1758 4658 1901 4732 ὑμῶν
1924 4677 2090 4714 κατα-

526 4751 865 4837 ψηφισθέντα·
892 4747 983 4809 ἐὰν
1012 4747 1066 4809 δὲ
1092 4747 1207 4815 τοὺς
1236 4744 1673 4828 ἐπιφανεστάτους
1702 4747 1804 4802 τῶν
1844 4741 2088 4825 ἐξαμαρ-

526 4842 785 4903 τανόντων
818 4843 1114 4919 τιμωρῆσθε
1131 4881 1149 4914 ,
1188 4836 1379 4903 πάντες
1405 4832 1712 4906 πεύσονται,
1742 4830 1877 4891 ὥστε
1921 4831 2088 4913 τούτῳ

526 4929 918 5012 παραδείγματι
955 4927 1217 5007 χρώμενοι
1251 4923 1478 5006 βελτίους
1518 4922 1723 4983 ἔσονται
1764 4925 1811 4980 οἱ
1853 4923 2083 4982 πολῖται.

530 5021 623 5102 (13)
645 5021 709 5081 Εἰ
736 5017 903 5078 τοίνυν
931 5014 1113 5076 τούτου
1141 5016 1551 5096 καταψηφιεῖσθε
1570 5057 1587 5090 ,
1608 5012 1666 5069 οὗ
1697 5009 1851 5089 μόνον
1874 5012 1922 5068 οἵ
1947 5011 1998 5068 ἐν
2020 5013 2086 5088 τῇ

526 5107 677 5168 πόλει
698 5105 949 5178 εἴσονται,
977 5102 1114 5162 ἀλλὰ
1140 5102 1231 5161 καὶ
1259 5100 1607 5180 οῖ’σύμμαχοι
1629 5097 1966 5167 αἰσθήσονται
1993 5096 2080 5156 καὶ

528 5200 577 5256 οἱ
604 5197 734 5257 πολέ
780 5218 846 5254 ιοι
884 5191 1193 5266 πεύσονται,
1234 5188 1325 5249 καὶ
1365 5186 1652 5269 ἡγήσονται
1690 5186 1823 5248 πολὺ
1850 5186 2084 5254 πλείονος

447 5291 505 5333 60
527 5281 671 5354 ἀξίαν
692 5307 716 5342 ε
739 5305 821 5342 ναι
844 5281 938 5354 τὴν
958 5280 1136 5359 πόλιν,
1156 5277 1246 5338 ἐὰν
1270 5280 1455 5361 ὁρῶσιν
1472 5273 1559 5336 ἐπὶ
1581 5278 1685 5344 τοῖς
1704 5273 1951 5342 τοιούτοις
1975 5277 2076 5332 τῶν

2172 693 2306 742 temi'
2323 705 2482 742 annon
2501 705 2584 742 eos
2607 703 2730 755 quos
2750 691 2945 753 strategi
2963 687 3359 753 conscripserint?
3383 689 3450 752 (7)
3491 689 3696 751 Equidem

2177 780 2400 832 existimo
2413 817 2428 842 ,
2455 777 2670 842 judices,
2694 779 2840 829 istum
2859 779 3016 829 solum
3041 791 3099 829 ex
3125 778 3314 828 civibus
3341 778 3473 827 omni
3489 777 3596 839 legis
3613 777 3723 838 dis<

2173 869 2406 932 positione
2433 868 2746 918 constrictum
2777 867 2928 918 teneri
2940 884 2956 931 ;
2993 867 3172 917 emim
3207 865 3476 931 ἀστρατείας
3503 865 3595 914 sive
3625 863 3700 914 ab·

2173 957 2338 1006 sentiae
2357 969 2386 1006 a
2403 957 2570 1008 eastris
2583 955 2757 1006 merito
2775 968 2885 1006 reus
2896 955 3160 1019 peragitur,
3178 955 3310 1018 quod
3321 953 3608 1018 conscriptus
3620 966 3701 1002 non

2173 1044 2525 1108 comparuerit3
2561 1043 2828 1101 λιποταξίου
2867 1043 2970 1094 sive
3007 1043 3183 1094 deserti
3217 1043 3424 1106 ordinis,
3457 1044 3576 1107 quod
3621 1057 3702 1093 non

2173 1131 2344 1182 exierit
2371 1143 2468 1181 una
2490 1131 2740 1182 vobiscum
2774 1130 3011 1196 militans3
3037 1131 3205 1189 δειλίας
3231 1129 3439 1195 denique
3465 1131 3562 1182 sive
3589 1132 3701 1195 igna-

2174 1219 2292 1283 viae,
2317 1218 2473 1283 quod,
2499 1233 2651 1284 quum
2675 1220 2832 1283 ipsum
2860 1219 3126 1283 oportuerit
3155 1232 3268 1269 cum
3293 1220 3452 1282 gravis
3474 1224 3702 1269 armaturae

2175 1307 2408 1358 militibus
2436 1307 2692 1358 discrimen
2710 1308 2870 1358 subire
2883 1344 2898 1370 ,
2913 1345 2918 1350 .
2935 1303 3169 1371 equitatui
3199 1320 3251 1357 se
3271 1306 3526 1371 adjungere
3542 1309 3704 1358 malue-

2175 1396 2256 1448 rit.
2323 1397 2389 1458 (8)
2416 1396 2561 1460 Atqui
2604 1395 2868 1458 praedicant
2893 1396 3040 1447 istum
3076 1397 3168 1446 bac
3203 1395 3476 1448 defensione
3499 1409 3679 1446 usurum
3692 1433 3704 1457 ,

2175 1489 2306 1552 quod
2318 1526 2333 1551 ,
2354 1490 2581 1553 quoniam
2601 1489 2810 1553 equitem
2832 1503 2884 1542 se
2903 1490 3110 1554 praebuit
3122 1526 3138 1553 ,
3159 1503 3260 1540 non
3281 1479 3460 1541 laeserit
3476 1489 3708 1554 rempubli-

2176 1597 2297 1634 cam.
2361 1588 2464 1648 Ego
2500 1587 2664 1636 autem
2689 1585 2914 1648 arbitror,
2940 1599 3026 1636 vos
3049 1584 3229 1635 idcirco
3251 1585 3364 1648 iure
3385 1585 3432 1636 ei
3461 1598 3708 1636 succensere

2178 1685 2338 1737 posse,
2363 1675 2523 1738 quod,
2560 1688 2713 1738 quum
2744 1673 2991 1738 praecipiat
3025 1675 3104 1725 lex
3136 1688 3250 1724 eum
3281 1674 3510 1725 infamem
3533 1687 3651 1736 oese,
3678 1674 3709 1723 si

2175 1761 2284 1824 quis
2299 1775 2398 1812 non
2419 1762 2650 1826 probatus
2685 1761 2999 1825 equitaverit,
3032 1762 3134 1825 ipse
3159 1763 3326 1813 tamen
3350 1763 3568 1826 equitare
3589 1774 3710 1811 ausus

2177 1849 2321 1901 fuerit
2345 1863 2442 1900 non
2467 1850 2712 1914 probatus.
2739 1851 2804 1901 Et
2821 1849 2938 1900 mihi
2965 1850 3120 1914 legem
3140 1850 3306 1901 recita.

2881 1997 3022 2040 Lux.

2237 2121 2286 2164 9.
2315 2115 2410 2164 Iste
2439 2113 2582 2178 igitur
2601 2127 2660 2164 eo
2690 2114 2823 2165 venit
2856 2113 3202 2178 improbitatis,
3241 2127 3332 2164 vos
3356 2115 3427 2164 ita
3455 2113 3711 2176 contempsit

2177 2202 2226 2251 et
2243 2201 2404 2252 hostes
2421 2203 2723 2265 formidavit,
2748 2202 2869 2253 adeo
2887 2203 3100 2266 impense
3116 2201 3307 2254 studuit
3325 2203 3566 2266 equitare,
3586 2202 3712 2263 leges·

2175 2303 2272 2354 que
2302 2290 2538 2355 neglexit,
2575 2293 2634 2342 nt
2669 2304 2843 2354 parum
2879 2291 3119 2342 mraverit
3158 2291 3268 2341 haec
3293 2291 3534 2354 pericula,
3568 2301 3712 2340 verum

2175 2379 2400 2432 maluerit
2433 2380 2484 2430 et
2513 2380 2704 2430 infamis
2725 2380 2857 2443 fieri,
2883 2382 2935 2430 et
2951 2379 3079 2430 bona
3095 2392 3183 2430 sua
3213 2380 3484 2444 publicari,
3515 2379 3564 2430 et
3585 2377 3712 2442 poenis

2177 2468 2401 2518 omnibus
2437 2469 2589 2518 teneri
2611 2481 2724 2532 quae
2753 2468 2856 2532 lege
2885 2469 3184 2530 statuuntur,
3203 2482 3354 2532 quam
3386 2482 3440 2518 se
3473 2467 3704 2530 adiungere

2177 2556 2364 2606 civibus
2391 2556 2490 2606 suis
2514 2557 2567 2606 et
2591 2557 2750 2619 gravis
2779 2557 3041 2606 armaturae
3071 2555 3292 2606 militiam
3315 2557 3473 2606 obire.
3537 2555 3630 2619 (ιο)
3662 2555 3712 2602 lit

2177 2644 2325 2694 ceteri
2351 2643 2546 2706 quidem
2563 2645 2650 2707 qui
2671 2657 2730 2694 eo
2749 2643 2932 2694 militiae
2948 2657 3122 2708 genere
3138 2657 3405 2706 nunquam
3424 2643 3650 2705 defuncti,
3664 2641 3712 2691 ad

2177 2737 2228 2787 id
2255 2751 2407 2801 usque
2437 2739 2632 2799 tempus
2653 2739 2778 2788 inter
2797 2739 2983 2802 equites
2999 2737 3349 2801 militaverant,
3373 2740 3621 2802 bost-esque
3635 2737 3714 2786 rei-

2177 2832 2386 2896 publieoe
2431 2832 2570 2883 malis
2601 2832 2863 2882 affecerant
2897 2833 3142 2895 plurimis,
3181 2845 3282 2882 non
3315 2835 3423 2884 ausi
3466 2833 3648 2884 fuerunt
3673 2831 3712 2880 in

2177 2939 2326 2990 equos
2342 2925 2624 2988 ascendere,
2643 2939 2731 2976 vos
2748 2928 2796 2976 et
2810 2926 2962 2989 legem
2981 2925 3175 2976 reveriti
3196 2945 3210 2976 ε
3235 2927 3302 2976 ita
3325 2927 3460 2976 enim
3479 2922 3713 2989 comparati

2179 3023 2343 3083 erant,
2377 3033 2475 3070 non
2508 3021 2646 3084 quasi
2681 3021 3011 3083 exspectarent
3033 3019 3390 3082 rempublicam
3414 3019 3712 3080 interituram,

2177 3114 2263 3165 sed
2279 3114 2568 3165 incolumem
2591 3126 2910 3177 magnumque
2933 3113 3146 3163 futuram
3161 3147 3176 3169 ‚
3196 3113 3246 3165 et
3267 3126 3381 3163 eam
3404 3125 3517 3178 quoe
3539 3115 3714 3177 possets

2177 3209 2565 3273 delinquentibus
2577 3223 2741 3273 poenas
2761 3221 3025 3272 reposcere.
3094 3207 3367 3259 Alcibiades
3385 3223 3504 3260 vero
3527 3207 3714 3271 equitare

2179 3316 2276 3353 non
2294 3303 2558 3367 dubitavit,
2575 3303 2656 3366 qui
2675 3315 2834 3366 neque
2851 3301 2902 3351 in
2917 3301 3151 3366 populum
3169 3301 3414 3353 benevolo
3439 3303 3533 3353 fuit
3547 3301 3714 3360 animo,

2179 3410 2337 3460 neque
2357 3399 2498 3447 antea
2519 3409 2644 3460 equo
2662 3396 2932 3458 meruerat,
2953 3408 3113 3458 neque
3135 3408 3270 3446 nunc
3287 3397 3396 3459 ejus
3414 3393 3594 3444 militiae
3608 3387 3714 3454 peri·

2179 3492 2260 3541 tus
2281 3493 2378 3552 est,
2403 3502 2602 3554 nequea
2623 3489 2762 3540 vobis
2775 3487 3032 3553 probatus,
3059 3489 3200 3552 quasi
3226 3489 3450 3540 futurum
3469 3488 3715 3540 existimans

2179 3585 2236 3635 ut
2258 3598 2502 3648 nunquam
2533 3584 2809 3649 reipublicae
2843 3584 3006 3634 liceret
3031 3583 3364 3647 delinquentes
3391 3584 3571 3649 punire.
3629 3579 3714 3644 (tt)

2179 3677 2330 3729 Vobis
2368 3679 2532 3728 autem
2575 3680 2647 3729 est
2684 3676 3166 3728 animadvertendum
3209 3675 3342 3741 quod
3355 3715 3372 3739 ,
3410 3678 3450 3727 si
3487 3674 3714 3736 unicuique

2179 3772 2376 3836 impune
2405 3773 2497 3822 erit
2529 3771 2685 3822 facere
2714 3770 2846 3836 quod
2873 3769 3109 3833 voluerit,
3143 3769 3264 3820 nihil
3282 3769 3388 3832 iam
3419 3782 3539 3833 opus
3563 3767 3620 3818 sit
3643 3765 3716 3812 aut

2179 3865 2306 3929 legoe
2324 3865 2460 3928 ferri,
2488 3865 2576 3914 aut
2604 3877 2692 3914 vos
2707 3865 2982 3928 congregari
2999 3900 3016 3927 ,
3055 3865 3140 3914 aut
3167 3864 3404 3926 strategos
3421 3862 3545 3925 eligi.
3569 3860 3712 3918 Μίτυν,

2176 3957 2362 4020 judices
2374 3995 2389 4021 ,
2409 3958 2448 4008 si
2467 3958 2575 4022 quis
2595 3971 2792 4021 aequum
2819 3970 2921 4010 esse
2939 3956 3186 4021 putaverit
3201 3969 3312 4008 eum
3335 3955 3600 4006 timiditatis
3615 3963 3714 4001 con-

2179 4051 2432 4114 demnare,
2474 4051 2588 4116 qui,
2623 4049 2964 4101 accedentibus
2997 4049 3242 4112 hostibus,
3283 4049 3333 4098 in
3371 4049 3528 4113 primo
3569 4045 3714 4095 ordine

2180 4145 2499 4207 constitutuS,
2531 4157 2584 4194 se
2602 4145 2654 4194 in
2676 4143 2941 4195 secundum
2964 4143 3182 4194 ordinem
3205 4142 3530 4204 &anstulerit3
3555 4139 3592 4190 si
3623 4136 3714 4202 quis

2178 4254 2297 4291 vero
2313 4239 2602 4291 constitutus
2617 4239 2744 4290 inter
2761 4238 2943 4302 pedites
2965 4239 3246 4290 militaverit
3275 4238 3329 4287 in
3350 4239 3592 4301 equitatu,
3617 4245 3710 4283 eum

2177 4339 2318 4389 venia
2346 4335 2542 4400 dignum
2569 4348 2778 4386 censere.
2846 4335 2946 4398 (12)
2971 4335 3116 4398 Atqui
3147 4334 3392 4398 profecto,
3419 4331 3711 4397 iudicoeu'oe

2179 4432 2384 4483 arbitror
2401 4430 2585 4494 judicia
2606 4442 2831 4480 exercere
2857 4442 2956 4479 non
2975 4429 3132 4479 solum
3158 4440 3324 4477 eorum
3343 4439 3490 4477 eausa
3509 4425 3586 4489 qui
3607 4422 3710 4472 deii-

2178 4527 2415 4590 querunt,
2441 4537 2610 4575 verum
2629 4523 2774 4574 etiam
2791 4523 2849 4572 ut
2863 4523 3051 4572 ceteros
3071 4521 3156 4585 qui
3187 4521 3357 4570 contra
3378 4518 3498 4583 legis
3519 4514 3710 4582 praescri-

2179 4623 2316 4684 ptum
2334 4620 2508 4684 agunt,
2526 4618 2590 4669 ad
2616 4617 2898 4669 modestiam
2921 4617 3174 4667 revocetis.
3205 4615 3254 4666 Si
3272 4615 3417 4679 igitur
3433 4611 3630 4678 puniatis
3645 4609 3712 4659 ob-

2177 4729 2343 4766 scuros
2357 4714 2590 4778 homines,
2607 4715 2875 4764 ceterorum
2888 4725 3032 4763 nemo
3047 4709 3221 4762 exinde
3236 4711 3323 4760 tiet
3333 4710 3504 4760 melior
3519 4709 3536 4769 (
3543 4717 3709 4771 poenam

2179 4809 2309 4860 enim
2335 4821 2482 4872 quam
2508 4808 2724 4872 irrogatis
2751 4805 2912 4857 nullus
2932 4805 3151 4868 audiet);
3176 4803 3348 4868 quodsi
3379 4803 3428 4852 in
3455 4799 3712 4852 clarissimes

2177 4914 2394 4966 quosque
2415 4899 2797 4964 delinquentium
2818 4897 3210 4949 animadvertatis
3224 4933 3241 4960 ‚
3264 4909 3322 4947 ea
3343 4897 3466 4947 fama
3489 4893 3547 4943 ad
3564 4899 3712 4940 omnes

2175 4998 2462 5060 perventura
2480 4997 2581 5057 est,
2600 4994 2720 5044 adeo
2741 4995 2799 5044 ut
2824 4994 2978 5056 cives,
3000 4991 3232 5042 admoniti
3250 4988 3497 5052 exemplo,
3515 4984 3713 5034 meliores

2174 5088 2272 5140 sint
2295 5087 2500 5141 evasuri.
2567 5087 2664 5152 (13)
2684 5088 2734 5138 Si
2750 5085 2899 5150 igitur
2915 5085 3064 5135 istum
3093 5079 3498 5140 condemnabitis,
3528 5087 3620 5125 non
3644 5085 3711 5121 so·

2177 5185 2278 5234 lum
2298 5184 2332 5234 ii
2350 5183 2432 5246 qui
2455 5183 2504 5232 in
2523 5181 2720 5232 civitate
2749 5181 2862 5231 sunt
2885 5179 3178 5241 intelligent,
3213 5189 3383 5226 verum
3412 5175 3462 5223 et
3482 5169 3593 5221 socii
3613 5177 3710 5216 sen-

2173 5280 2322 5343 tient,
2358 5281 2408 5330 et
2443 5277 2606 5328 hostes
2643 5275 2874 5340 audient,
2903 5273 3174 5338 meliusque
3203 5270 3266 5322 de
3298 5272 3460 5320 nostra
3492 5259 3711 5328 republica
