3825 5842
138 471 376 545 (as—n)

133 610 228 691 δέῃ
255 612 450 671 ποιεῖν.
477 634 504 661 ²·
587 606 680 687 (51)
713 604 964 683 Λέγοντος
995 602 1081 679 δέ,
1121 592 1166 662 ὦ
1203 602 1414 685 ἄνδρες,
1438 600 1712 682 Χαρμίδου

55 716 110 755 ω
138 704 312 758 ταῦτα
327 744 347 773 ,
370 694 784 756 ἀντιὸολούντων
823 690 879 752 δὲ
918 695 1020 751 τῶν
1073 690 1246 750 ἄλλων
1271 689 1363 749 καὶ
1402 688 1716 757 ἱκετεύοντος

137 788 254 855 ἑνὸς
277 786 508 846 ἑκάστου
525 831 544 864 ,
564 782 886 861 ἐνεθυμήθην
906 780 1034 862 πρὸς
1053 776 1278 859 ἐμαυτόν
1300 796 1316 812 ·
1353 806 1382 831 »
1401 770 1483 838 Ὦ
1501 776 1711 838 πάντων

131 876 244 957 ἐγὼ
259 874 538 955 δεινοτάτῃ
552 881 798 954 συμφορᾷ
813 868 1106 951 περιπεσών
1119 915 1136 946 ‚
1153 866 1351 949 πότερα
1365 867 1580 949 περιίδω
1597 866 1715 938 τοὺς

133 968 380 1045 ἐμαυτοῦ
407 963 671 1043 συγγενεῖς
695 957 1082 1039 ἀπολλυμένους
1103 956 1323 1031 ἀδίκως,
1344 958 1434 1016 καὶ
1459 954 1643 1025 αὐτούς
1657 980 1712 1017 τε

135 1052 504 1120 ἀποθανόντας
531 1048 713 1111 καὶτὰ
733 1047 988 1131 χρήματα
1016 1049 1183 1105 αὐτῶν
1209 1038 1558 1124 δημευθέντα,
1586 1044 1716 1128 πρὸς

135 1142 192 1203 δὲ
228 1142 436 1210 τούτοις
475 1136 867 1221 ἀναγραφέντας
909 1139 962 1198 ἐν
991 1134 1208 1208 στήλαις
1235 1136 1305 1203 ὡς
1331 1132 1482 1205 ὄντας
1524 1136 1714 1209 ἀλιτη-

133 1234 284 1313 ρίους
307 1232 412 1289 τῶν
440 1232 568 1289 θεῶν
591 1224 710 1295 τοὺς
737 1223 940 1292 οὖδενὸς
969 1220 1160 1292 αἰτίους
1192 1224 1296 1282 τῶν
1322 1219 1678 1302 γεγενημένων
1692 1268 1711 1299 ,

131 1318 216 1378 ἔτι
259 1319 320 1378 δὲ
366 1312 691 1400 τριακοσίους
724 1310 1006 1385 Ἀθηναίων
1035 1310 1320 1390 μέλλοντας
1366 1310 1554 1379 ἀδίκως
1581 1314 1710 1371 ἀπο-

70 1412 106 1463 8
129 1406 328 1469 λε’σθαι
347 1450 368 1478 ,
395 1402 494 1477 τὴν
524 1404 580 1463 δε
619 1399 774 1461 πόλιν
811 1401 867 1461 ἐν
892 1404 1070 1465 κακοῖς
1107 1389 1270 1459 οὖσαν
1306 1402 1411 1467 τοῖς
1455 1397 1716 1479 μεγίστοις

129 1496 229 1557 καὶ
251 1492 484 1575 ὑποψίαν
512 1493 584 1558 εἷς
607 1486 878 1560 ’ἀλλήλους
914 1484 1156 1568 ἔχοντας,
1182 1486 1220 1560 ἢ
1267 1486 1398 1547 εἴπω
1431 1486 1714 1561 Ἀθηναίοις

133 1584 282 1665 ἅπερ
313 1582 518 1655 ἥκουσα
541 1576 844 1660 Εὐφιλήτου
871 1577 1030 1636 αὐτοῦ
1057 1580 1150 1636 τοῦ
1173 1574 1519 1655 notificavi-0233
1549 1602 1576 1630 n
1620 1578 1708 1655 (σε)

132 1671 271 1733 Ἔτι
292 1670 346 1731 δέ
373 1669 460 1728 ἐπὶ
481 1666 680 1735 τούτοις
699 1666 790 1725 καὶ
807 1664 926 1725 τόδε
948 1662 1264 1742 ἐνεθυμήθην
1280 1710 1298 1745 ,
1320 1654 1364 1725 ὦ
1385 1663 1564 1745 ἄνδρες
1580 1708 1598 1737 ,
1621 1663 1711 1723 καὶ

136 1758 462 1839 ἐλογιζόμην
485 1755 616 1835 πρὸς
645 1751 904 1841 ἐμαυτόν,
943 1746 1062 1820 τοὺς
1089 1750 1512 1832 ἐξημαρτηκότας
1537 1751 1629 1810 καὶ
1652 1750 1713 1811 τὸ

133 1848 295 1927 ἔργον
319 1842 691 1925 εἰργασμένους
706 1885 724 1918 ,
753 1839 834 1898 ὅτι
855 1840 904 1899 οἱ
925 1835 1020 1917 μὲν
1041 1840 1211 1898 αὐτῶν
1237 1838 1339 1911 ἤδη
1377 1836 1712 1910 ἐτεθνήκεσαν

47 1956 74 1993 s
135 1938 244 1996 ὑπὸ
267 1934 516 2015 Τεύκρου
551 1926 886 2009 μηνυθέντες,
914 1930 963 1987 οἱ
995 1926 1052 1987 δὲ
1078 1925 1349 2009 φεύγοντες
1396 1926 1596 2007 ὤχοντο
1620 1926 1710 1986 καὶ

87 2080 92 2083 .
131 2027 314 2084 αὐτῶν
355 2022 576 2087 θάνατος
617 2015 978 2095 κατέγνωστο,
1030 2014 1270 2097 τέτταρες
1315 2014 1370 2075 δὲ
1441 2037 1540 2074 σαν
1582 2015 1710 2075 ὑπό·

125 2116 308 2173 λοιποι
353 2109 409 2171 οἳ
431 2111 526 2169 οὗκ
551 2104 884 2185 ἐμηνύθησαν
910 2096 1012 2163 ὑπὸ
1034 2102 1270 2185 Τεύκρου
1291 2106 1394 2163 τῶν
1427 2104 1712 2177 πεποιηκό-

127 2227 270 2277 των,
291 2192 614 2272 Παναίτιος,
631 2194 962 2277 Χαιρέδημος
976 2238 993 2267 ,
1010 2192 1316 2273 Διάκριτος,
1338 2193 1706 2275 Λυσίστρατος·

130 2293 231 2374 (σε)
261 2290 348 2357 οὓς
369 2288 506 2356 εἰκὸς
525 2280 598 2361 ἦν
615 2284 863 2345 ἁπάντων
892 2282 1122 2362 μάλιστα
1147 2284 1315 2343 δοκεῖν
1345 2274 1477 2342 εἶναι
1511 2281 1708 2341 τούτων

123 2386 238 2441 τῶν
267 2380 472 2458 ἀνδρῶν
491 2374 578 2443 οὓς
603 2372 833 2452 ἐμήνυσε
860 2370 1190 2444 Διοκλείδης,
1221 2370 1397 2453 φίλους
1419 2364 1569 2438 ὄντας
1602 2362 1706 2430 τῶν

127 2464 490 2529 ἀπολωλότων
517 2462 642 2537 ἤδη.
727 2459 838 2522 Καὶ
871 2460 976 2527 τοῖς
1002 2458 1097 2539 μὲν
1123 2458 1328 2520 οὖδέπω
1358 2458 1564 2540 βέὸαιος
1581 2449 1644 2531 ἦν
1669 2462 1702 2531 ἡ

43 2580 94 2619 ιο
123 2554 402 2636 σωτηρία,
423 2558 530 2619 τοῖς
542 2549 597 2611 δὲ
617 2552 761 2630 ἐμοῖς
783 2548 986 2617 οἰκείοις
1009 2547 1264 2631 φανερὸςδ
1287 2546 1491 2629 ὄλεθρος
1506 2593 1522 2622 ,
1560 2549 1605 2605 εἰ
1629 2545 1702 2625 μή

123 2669 206 2713 τις
235 2646 350 2725 ἐρεῖ
375 2638 658 2714 Ἀθηναίοις
669 2636 739 2697 τὰ
765 2635 1039 2716 γενόμενα.
1072 2635 1281 2697 Ἐδόκει
1306 2627 1393 2696 οὗν
1423 2659 1511 2716 μοι
1533 2634 1704 2716 κρεῖτ-

123 2758 216 2793 τον
267 2722 406 2790 εἶναι
439 2728 691 2809 τέτταρας
719 2724 910 2808 ἄνδρας
949 2727 1305 2807 ἀποστερῆσαι
1339 2727 1430 2796 τῆς
1457 2722 1703 2806 πατρίδος

127 2820 382 2898 δικαίως,
423 2816 474 2877 οἳ
512 2822 602 2876 νῦν
641 2818 768 2885 ζῶσι
792 2812 883 2873 καὶ
901 2813 1286 2886 κατεληλύθασι
1311 2809 1401 2870 καὶ
1432 2810 1611 2892 ἔχουσι
1633 2808 1700 2869 τὰ

129 2910 363 2993 σφέτερα
410 2909 582 2967 αὐτῶν
594 2900 618 2978 ,’
653 2902 690 2977 ἢ
731 2902 950 2971 ἐκείνους
989 2900 1342 2969 ἀποθανόντας
1382 2899 1571 2969 ἀδίκως
1606 2922 1702 2958 πε-

129 3001 339 3082 ριιδεῖν.
429 2994 520 3075 (Μ)
551 2994 620 3054 Ei
647 2984 734 3052 οὗν
763 2991 864 3051 τινὶ
891 2993 1064 3068 ὑμῶν,
1085 2978 1130 3049 ὦ
1155 2990 1366 3071 ἄνδρες,
1405 2986 1442 3061 ἢ
1481 2989 1584 3051 τῶν
1607 2987 1699 3047 ἄλ-

125 3092 236 3149 λων
293 3086 530 3146 πολιτῶν
574 3079 756 3161 γνώμη
803 3078 1020 3152 τοιαύτη
1067 3075 1408 3160 παρειστήκει
1450 3074 1698 3158 πρότερον

123 3176 251 3257 περὶ
293 3176 458 3251 ἐμοῦ,
496 3173 566 3239 ὥς
605 3169 708 3250 ἄρα
741 3166 844 3248 ἐγὼ
883 3166 1120 3245 ἐμήνυσα
1173 3164 1312 3226 κατὰ
1336 3168 1438 3225 τῶν
1480 3162 1698 3246 ἑταίρων

52 3283 100 3321 rs
123 3268 233 3324 τῶν
265 3265 502 3341 ἐμαυτοῦ
519 3302 539 3337 ,
565 3256 706 3325 ὅπως
735 3258 918 3317 ἐκεῖνοι
952 3254 1046 3335 μὲν
1071 3250 1476 3338 ἀπόλοιντο,ἐγὼ
1503 3250 1559 3312 δὲ
1587 3276 1698 3311 σω-

126 3352 276 3425 θείην
317 3349 395 3432 (ἃ
425 3345 752 3428 ἐλογοποίουν
781 3348 830 3404 οἱ
859 3344 1031 3426 ἐχθροὶ
1062 3342 1184 3425 περὶ
1206 3344 1334 3420 ἐμοῦ
1348 3386 1366 3417 ,
1395 3340 1698 3421 βουλόμενοι

128 3439 443 3501 διαθάλλειν
464 3434 586 3517 με),
611 3438 884 3495 σκοπεῖσθε
911 3428 963 3502 ἐξ
994 3433 1165 3491 αὐτῶν
1192 3432 1298 3489 τῶν
1319 3428 1696 3510 γεγενημένων.

127 3530 226 3611 (ss)
249 3531 368 3589 Νῦν
397 3524 498 3605 γὰρ
522 3522 615 3602 ἐμὲ
643 3522 738 3601 μὲν
763 3520 916 3600 λόγον
943 3520 1064 3593 [δεῖ]
1094 3516 1290 3579 διδόναι
1319 3520 1421 3575 τῶν
1454 3516 1572 3597 ἐμοὶ
1603 3540 1696 3576 πε-

123 3615 456 3699 πραγμένων
483 3610 618 3691 μετὰ
634 3614 726 3684 τῆς
753 3608 996 3683 ἀληθείας
1012 3652 1029 3679 ,
1055 3610 1226 3666 αὐτῶν
1249 3605 1520 3687 παρόντων
1547 3604 1697 3687 οἵπερ

124 3704 378 3783 ἥμαρτον
408 3700 500 3759 καὶ
529 3698 712 3781 ἔφυγον
731 3702 897 3758 ταῦτα
915 3695 1241 3768 ποιήσαντες,
1261 3692 1406 3754 ἴσασι
1433 3692 1490 3753 δὲ
1509 3692 1699 3776 ἄριστα

122 3792 234 3850 εἴτε
271 3787 539 3869 ψεύδομαι
566 3784 668 3845 εἴτε
696 3788 865 3859 ἀληθῆ
892 3781 1058 3861 λέγω,
1083 3781 1246 3852 ἔξεστι
1269 3780 1322 3841 δὲ
1344 3784 1515 3851 αὐτοῖς
1545 3778 1700 3862 ἐλέγ-

121 3902 242 3959 χειν
275 3900 346 3955 με
382 3878 439 3936 ἐν
461 3878 538 3955 τῷ
555 3876 668 3955 ἐμῷ
687 3872 862 3955 λόγῳ·
895 3870 1000 3951 ἐγὼ
1034 3870 1136 3954 γὰρ
1155 3870 1354 3981 ἐᾷ’ίημι·
1383 3874 1516 3949 ὑμᾶς
1539 3870 1593 3929 δὲ
1623 3872 1700 3929 δεῖ

48 4000 98 4039 20
123 3968 318 4047 μαθεῖν
335 3966 408 4025 τὰ
429 3964 698 4044 γενόμενα.
731 3961 820 4044 (se)
847 3960 1004 4042 Ἐμοὶ
1023 3959 1148 4043 γάρ,
1170 3960 1426 4043 ω,ἄνδρες,
1445 3961 1591 4019 τοῦδε
1606 3965 1698 4019 τοῦ

125 4060 334 4137 ἀγῶνος
369 4054 513 4114 τοῦτ’
552 4052 662 4111 ἔστι
699 4050 971 4131 μέγιστον,
1002 4049 1216 4109 σωθέντι
1255 4046 1330 4127 μὴ
1358 4050 1526 4108 δοκεῖν
1548 4050 1698 4129 κακῷ

124 4138 291 4218 εἶναι,
315 4134 436 4204 εἶτα
465 4142 520 4201 δὲ
543 4138 772 4209 καὶτοὺς
795 4139 982 4208 ἄλλους
1009 4138 1244 4205 ἅπαντας
1266 4142 1448 4214 μαθεῖν
1474 4134 1554 4194 ὅτι
1581 4134 1696 4195 οὔτε

123 4236 268 4313 μετὰ
291 4230 488 4299 κακίας
519 4230 637 4291 οὔτε
660 4231 775 4309 μετ’
803 4227 1075 4309 ἀνανδρίας
1093 4230 1334 4305 οὐδεμιᾶς
1355 4228 1458 4285 τῶν
1483 4248 1698 4305 γεγενη-

123 4324 306 4403 μένων
323 4318 631 4402 πέπρακται
651 4319 740 4378 ὑπ’
759 4321 886 4397 ἐμοῦ
921 4316 1097 4393 οὐδέν,
1127 4314 1263 4375 ἀλλὰ
1305 4313 1392 4374 διὰ
1427 4312 1695 4395 συμφορὰν

124 4406 491 4489 γεγενημένην
534 4405 766 4484 μάλιστα
803 4403 898 4483 μὲν
939 4409 1006 4482 τῆ
1041 4402 1224 4481 πόλει,
1261 4393 1374 4462 εἶτα
1409 4402 1502 4462 καὶ
1539 4406 1698 4480 ἡμῖν,

124 4497 276 4561 εἷπον
297 4497 355 4558 δὲ
381 4497 422 4556 ἃ
445 4495 650 4570 ἥκουσα
680 4492 976 4575 Εὐφιλήτου
1001 4492 1216 4574 προνοίᾳ
1245 4491 1338 4570 μὲν
1368 4494 1470 4549 τῶν
1499 4514 1699 4570 συγγε-

125 4594 231 4648 νῶν
273 4587 370 4646 καὶ
395 4588 504 4644 τῶν
545 4584 740 4669 φίλων,
765 4581 980 4663 προνοίᾳ
1025 4582 1081 4640 δὲ
1114 4586 1207 4652 τῆς
1234 4579 1431 4647 πόλεως
1459 4578 1698 4653 ἁπάσης,

59 4704 106 4741 ¹5
130 4677 248 4755 μετ’
293 4676 487 4756 ἀρετῆς
531 4674 648 4730 ἀλλ’
693 4672 752 4729 οὐ
790 4667 925 4747 μετὰ
971 4668 1192 4746 κακίας,
1230 4670 1299 4737 ὥς
1341 4665 1444 4747 ἐγὼ
1489 4667 1698 4745 νομίζω.

130 4764 200 4827 Εἰ
231 4757 322 4825 οὖν
365 4762 534 4827 οὕτως
561 4759 676 4840 ἔχει
708 4765 908 4836 ταῦτα,
942 4756 1194 4828 σώζεσθαί
1231 4781 1289 4817 τε
1333 4754 1458 4823 ἀξιῶ
1484 4753 1575 4814 καὶ
1612 4755 1698 4813 δο-

132 4864 242 4913 κεῖν
269 4856 396 4929 ὑμῖν
426 4840 562 4910 εἶναι
583 4849 660 4927 μὴ
685 4846 871 4913 κακός.
953 4844 1048 4925 (57)
1073 4843 1228 4926 Φέρε·
1251 4844 1315 4918 δή
1337 4842 1466 4926 (χρὴ
1498 4842 1626 4923 γάρ,
1655 4832 1700 4902 ὦ

137 4942 336 5022 ἄνδρες,
356 4936 698 5020 ἀνθρωπίνως
715 4934 840 5017 περὶ
861 4937 962 4993 τῶν
975 4932 1300 5015 ’πραγμάτων
1319 4932 1700 5011 ἐκλογίζεσθαι,

139 5029 308 5111 ὥσπερ
353 5028 420 5090 ἂν
463 5026 626 5088 αὐτὸν
668 5025 797 5085 ὄντα
829 5026 883 5083 ἐν
912 5026 976 5103 τῇ
1009 5024 1316 5105 συμφορᾷ),
1361 5020 1413 5081 τί
1454 5019 1517 5079 διν
1555 5022 1698 5097 ὖμῶν

141 5118 346 5188 ἕκαστος
371 5116 650 5191 ἐποίησεν;
673 5116 720 5175 εἶ
759 5112 856 5193 μὲν
885 5111 986 5194 γὰρ
1024 5102 1090 5185 ἦν
1129 5112 1267 5172 δυοῖν
1307 5110 1368 5171 τὸ
1397 5109 1568 5190 ἕτερον
1589 5106 1701 5167 ἑλέ-

143 5215 282 5284 σθαι,
308 5208 344 5282 ἢ
373 5210 556 5275 καλῶς
579 5202 880 5265 ἀπολέσθαι
902 5200 938 5275 ἢ
962 5204 1192 5283 αἰσχρῶς
1217 5206 1463 5275 σωθῆναι,
1495 5198 1606 5281 ἔχοι
1636 5199 1700 5259 ἄν

143 5320 212 5367 τις
231 5303 392 5361 εἰπεῖν
417 5295 620 5360 κακίαν
652 5284 792 5355 εἶναι
816 5290 886 5351 τὰ
931 5289 1187 5371 λεγόμενα
1207 5310 1224 5327 ·
1305 5288 1476 5350 καίτοι
1516 5286 1703 5349 πολλοὶ

1132 467 1541 533 ANnocmls
1581 469 1714 531 OB.
1758 468 1860 530 DE
1901 470 2337 533 MYsTmms.
3282 492 3355 544 57

1799 603 1930 663 usus
1948 614 2172 675 venerit,
2192 626 2295 679 quo
2316 614 2414 665 tibi
2435 614 2744 669 ccmmodem
2771 616 2854 669 nii
2870 628 3048 681 parco.
3084 621 3183 684 (5.1)
3204 624 3356 675 ehar-

1801 698 1933 751 mida
1968 700 2103 751 istaec
2126 700 2415 766 disserente,
2448 704 2713 769 ceterisque
2742 721 2843 758 una
2876 710 3279 777 supplicantibus,
3312 716 3359 767 et

1801 801 2095 853 unoquoque
2108 803 2327 841 seorsum
2344 790 2624 843 obsecrante
2634 830 2651 857 ,
2660 796 2793 845 veuit
2800 831 2817 858 ‚
2832 810 2862 846 o
2880 796 2975 848 viri
2986 836 3001 861 ,
3018 800 3135 854 mibi
3156 800 3207 850 in
3222 815 3359 853 men·

1802 878 1905 928 tem
1928 878 1999 928 sic
2030 879 2241 941 cogitare
2266 894 2283 929 ε
2312 882 2353 931 0
2388 880 2653 933 hominum
2691 886 2922 937 omnium
2945 900 3033 952 eqo
3056 890 3361 947 calamitate

1801 978 1931 1017 usus
1950 966 2257 1029 durissima,
2276 970 2462 1019 utrum
2486 973 2665 1033 perire
2682 985 2783 1037 per
2804 973 2955 1035 nesus
2972 979 3253 1029 immeritos
3272 994 3361 1043 pa-

1805 1059 1912 1109 tiar
1950 1070 2086 1108 meos
2124 1061 2437 1109 necessarios
2451 1096 2467 1123 ,
2503 1063 2739 1126 ipsosque
2762 1067 2917 1115 morti
2954 1065 3104 1129 dari,
3138 1071 3191 1119 et
3228 1069 3359 1121 bona

1800 1158 1978 1197 eorum
1994 1147 2278 1212 proscribi,
2311 1152 2673 1215 praetereaque
2701 1154 2937 1215 ipsorum
2970 1160 3189 1208 nomina
3216 1160 3359 1211 stetis

1800 1236 2026 1300 insculpi
2050 1240 2203 1301 quasi
2222 1238 2585 1301 piacularium
2604 1253 2731 1304 crya
2747 1241 2866 1291 deos
2874 1244 3148 1305 sactorum
3162 1283 3175 1309 ‚
3196 1261 3361 1312 quan·

1801 1338 1960 1389 quam
1977 1338 2153 1379 eorum
2168 1340 2285 1391 quoe
2300 1332 2579 1380 evenerunt
2594 1329 2730 1381 nihil
2746 1332 2874 1394 ipsis
2886 1334 3139 1397 imputari
3148 1340 3360 1399 potest?

1803 1414 1966 1478 Adde,
1988 1418 2237 1467 trecentos
2254 1416 2585 1469 Athenienses
2614 1432 2741 1471 num
2763 1424 2949 1484 patiar
2966 1436 3063 1485 per
3084 1424 3235 1487 nefas
3264 1428 3357 1478 im-

1799 1507 2009 1556 meritos
2032 1507 2265 1557 interimi
2281 1542 2299 1570 ,
2320 1509 2690 1574 civitatemque
2705 1511 2864 1561 malis
2882 1514 3225 1565 atrocissimis
3245 1528 3357 1567 mu·

1803 1597 2011 1659 tuisque
2034 1597 2412 1659 suspicionibus
2437 1598 2745 1659 exagitari?
2773 1611 2845 1649 an
2878 1599 3051 1652 dicam
3084 1604 3357 1656 Athenien·

1798 1684 1939 1735 sibus
1953 1720 1969 1745 ‚
1990 1695 2110 1747 quoe
2134 1694 2202 1731 ex
2220 1678 2499 1743 Euphileto
2529 1678 2741 1741 audivi,
2764 1692 2821 1730 eo
2836 1717 2853 1741 ,
2876 1684 2971 1746 qui
2996 1684 3105 1746 ipse
3118 1688 3359 1747 patravit

1798 1765 2003 1815 scelus?
2066 1762 2165 1826 (52)
2204 1762 2447 1813 Praeterea
2480 1760 2589 1811 ime
2610 1772 2807 1825 quoque
2830 1775 3023 1814 mecum
3044 1767 3355 1832 reputabam,

1799 1864 1830 1901 ο
1845 1850 1939 1900 viri
1951 1887 1966 1912 ,
1986 1850 2239 1913 plerosque
2259 1848 2471 1897 sontium
2485 1882 2501 1908 ,
2525 1845 2610 1909 qui
2627 1846 2784 1897 scelus
2804 1847 3027 1901 manibus
3046 1850 3147 1901 suis
3168 1852 3355 1915 patras-

1799 1937 1907 1987 sent
1923 1972 1939 1998 ,
1975 1948 2007 1985 a
2036 1936 2223 1985 Teucro
2240 1932 2345 1995 jam
2366 1930 2631 1993 indicatos,
2654 1932 2705 1981 et
2730 1930 2801 1981 sic
2824 1932 3005 1983 tastum
3034 1947 3165 1998 esse,
3193 1938 3249 1988 ut
3276 1937 3357 1989 alii

1799 2032 1967 2070 eorum
1990 2018 2145 2081 eapite
2164 2028 2254 2065 suo
2275 2014 2491 2077 luerent,
2529 2013 2609 2064 alii
2636 2014 2687 2063 in
2708 2013 2907 2065 exilium
2942 2014 3145 2079 abirent,
3183 2019 3358 2082 quilms

1798 2103 2078 2157 absentibus
2098 2100 2227 2151 dicta
2249 2100 2341 2151 ruit
2371 2098 2540 2149 mortis
2573 2097 2807 2149 sententia
2832 2117 2845 2149 ε
2868 2111 2967 2149 non
2992 2112 3237 2163 superesse
3266 2105 3357 2155 nisi

1797 2188 2027 2252 quattuor
2040 2198 2069 2235 a
2081 2188 2267 2235 Teucro
2283 2194 2381 2232 non
2398 2180 2647 2243 indicatos,
2665 2181 2948 2243 Panaetium,
2968 2183 3353 2251 cumredemum,

1799 2270 2065 2321 Diaei-itum
2100 2268 2150 2317 et
2187 2264 2530 2328 Lysistratum3
2558 2262 2655 2327 (53)
2689 2262 2775 2327 qui
2806 2264 3023 2313 omnium
3055 2266 3266 2317 maxime
3294 2282 3351 2318 ex

1797 2366 1965 2403 eorum
1978 2388 1995 2415 ,
2012 2362 2136 2413 quos
2152 2347 2391 2398 Diacritus
2412 2344 2735 2408 indicaverat,
2758 2358 2961 2395 numero
2984 2358 3085 2397 esse
3104 2346 3255 2397 videri
3276 2347 3357 2399 de-

1795 2432 1974 2487 bebant
1983 2471 1999 2498 ,
2016 2446 2167 2498 quum
2187 2430 2479 2483 familia-riter
2492 2428 2567 2479 usi
2586 2428 2786 2479 tuissent
2803 2428 2895 2479 illis
2914 2430 2999 2493 qui
3010 2428 3112 2492 jam
3128 2432 3275 2482 morti
3286 2446 3355 2483 es-

1793 2520 1902 2571 sent
1919 2518 2035 2569 dati.
2086 2518 2147 2567 Et
2168 2514 2261 2565 illis
2282 2512 2479 2577 quidem
2501 2524 2564 2561 ne
2597 2512 2667 2561 sic
2685 2510 2879 2574 quidem
2908 2515 3039 2564 certa
3062 2520 3165 2566 erat
3189 2519 3355 2570 salutis

1793 2614 1928 2665 spes,
1947 2598 2131 2650 etiamsi
2146 2610 2233 2660 ego
2251 2608 2335 2645 eos
2348 2607 2445 2644 non
2468 2592 2749 2656 proderem3
2764 2594 2881 2645 meis
2898 2596 3063 2645 autem
3080 2602 3355 2653 necessariis

1793 2684 2100 2735 manifestum
2116 2677 2404 2730 imminebat
2420 2676 2624 2727 exitium
2640 2712 2657 2739 ,
2688 2676 2779 2727 nisi
2806 2677 2846 2726 si
2864 2678 2971 2741 quis
2989 2680 3355 2735 Atheniensibus

1791 2784 1985 2821 omnem
2009 2769 2077 2819 rei
2100 2768 2245 2832 gestui
2262 2766 2514 2817 veritatem
2530 2764 2752 2827 aperiret.
2786 2768 2947 2822 Quare
2972 2768 3123 2817 satius
3140 2770 3257 2819 milii
3275 2771 3353 2821 vi-

1789 2869 1900 2906 sum
1923 2854 2041 2918 suit,
2059 2853 2291 2917 quattuor
2308 2850 2439 2901 viros
2454 2863 2485 2900 a
2506 2862 2585 2899 me
2606 2848 2771 2912 patriae
2788 2851 3126 2903 communione
3146 2856 3351 2921 privari,

1789 2943 1858 2995 sic
1871 2940 2070 2991 meritos
2080 2975 2095 3001 ,
2114 2938 2199 3001 qui
2217 2948 2347 2986 nunc
2362 2932 2620 2997 supersunt
2637 2932 2797 2983 adhuc
2812 2934 2864 2985 in
2882 2934 3003 2986 vivis
3015 2938 3064 2986 et
3080 2937 3129 2986 in
3148 2940 3351 3001 patriam

1790 3023 2035 3077 redierunt
2047 3022 2097 3071 et
2110 3021 2346 3071 bonorum
2360 3030 2557 3068 suorum
2575 3029 2720 3067 usura
2732 3016 2959 3080 gaudent,
2974 3031 3121 3081 quam
3135 3024 3353 3076 commit-

1787 3113 1892 3163 tere
1907 3114 1963 3159 ut
1974 3105 2227 3159 necessarii
2248 3104 2455 3154 mortem
2472 3104 2749 3166 paterentur
2764 3102 2991 3153 insontes.
3044 3103 3143 3168 (⁵4)
3167 3108 3351 3165 Quodsi

1788 3207 1900 3259 ergo
1920 3191 2126 3255 cuipiam
2140 3226 2155 3253 ,
2178 3200 2275 3238 non
2292 3186 2509 3236 vestrum
2520 3220 2535 3248 ,
2553 3183 2765 3247 iudices,
2783 3183 2869 3235 sed
2888 3186 3107 3235 vestrum
3124 3223 3139 3250 ,
3164 3201 3195 3237 o
3212 3192 3350 3251 quot.

1787 3277 1908 3342 quot
1947 3272 2119 3337 reliqui
2145 3271 2273 3322 cives
2296 3266 2606 3320 Athenienses
2627 3266 2721 3316 hoo
2742 3264 2979 3327 judicium
3001 3266 3349 3341 circumstatis,

1789 3366 1922 3415 istaec
1935 3362 2053 3411 olim
2069 3359 2131 3409 de
2142 3370 2223 3408 mc
2240 3354 2413 3407 insedit
2428 3353 2589 3417 opinio
2605 3388 2621 3415 ,
2640 3352 2826 3403 sodales
2841 3365 2873 3402 a
2892 3364 2971 3403 me
2985 3365 3119 3404 meos
3136 3367 3193 3404 eo
3211 3355 3353 3408 misse

1787 3447 2023 3499 indicatos
2036 3481 2052 3508 ,
2076 3456 2174 3507 quo
2205 3440 2417 3506 perirent
2441 3438 2528 3502 ipsi
2541 3474 2557 3501 ,
2586 3446 2673 3501 ego
2700 3448 2915 3487 servaret
2936 3436 3240 3499 (cujusmodi
3266 3452 3350 3487 ru.

1787 3542 1947 3579 mores
1968 3525 2147 3577 inimici
2166 3524 2260 3574 mei
2291 3522 2353 3572 de
2372 3534 2454 3571 me
2469 3520 2780 3583 sparserunt,
2813 3518 3059 3569 criminari
3081 3533 3161 3570 me
3181 3520 3347 3569 volen-

1787 3612 1892 3675 tes)
1904 3648 1921 3675 ,
1941 3624 2041 3661 rem
2055 3602 2282 3675 ‚'quoeso,
2306 3605 2421 3671 ipsis
2437 3618 2465 3657 e
2492 3605 2631 3655 sactis
2654 3604 2880 3668 spectate.
2946 3604 3044 3667 (55)
3064 3607 3205 3655 Nunc
3220 3605 3349 3655 enim

1786 3710 1866 3747 me
1886 3694 2085 3760 quidem
2112 3693 2301 3756 oportet
2326 3703 2491 3741 rerum
2514 3703 2543 3739 a
2562 3702 2641 3741 me
2658 3689 2897 3752 gestarum
2926 3688 3167 3740 rationem
3183 3702 3351 3741 coram

1785 3778 1878 3829 illis
1894 3777 2009 3840 ipsis
2026 3774 2253 3838 reddere,
2290 3774 2375 3838 qui
2394 3771 2459 3822 ob
2490 3772 2571 3822 illa
2590 3770 2803 3821 facinora
2828 3771 3027 3823 exilium
3054 3761 3347 3835 tolerarunt,

1785 3860 2061 3925 optimeque
2094 3859 2274 3909 norunt
2302 3868 2478 3907 verane
2511 3854 2668 3905 dicam
2690 3866 2752 3903 an
2771 3854 2995 3917 mentiar,
3019 3855 3067 3904 et
3090 3854 3175 3918 qui
3208 3868 3348 3905 coar·

1789 3958 1936 4009 gnere
1966 3957 2045 3994 me
2062 3940 2423 4006 interpellantes
2447 3931 2674 4001 possunt}
2692 3949 2805 3987 nam
2822 3948 2910 3998 ego
2932 3935 3037 3999 ejus
3062 3936 3130 3985 rei
3161 3935 3349 3999 copiam

1784 4028 1880 4079 illis
1897 4027 2021 4077 facio
2052 4045 2065 4075 ε
2098 4037 2187 4074 vos
2210 4024 2373 4073 autem
2390 4033 2553 4085 rerum
2572 4018 2813 4082 gestarum
2835 4017 3093 4068 veritatem
3112 4017 3248 4066 certo
3266 4031 3350 4067 ex-

1785 4112 1974 4175 plorare
1991 4108 2196 4173 oportet.
2240 4104 2337 4167 (56)
2357 4106 2480 4154 Nam
2498 4102 2549 4152 in
2562 4101 2657 4150 hoc
2674 4100 2789 4149 mibi
2807 4098 2952 4159 huius
2967 4100 3190 4149 versatur
3202 4098 3347 4149 cardo

1785 4186 2083 4247 certaminis,
2100 4186 2158 4233 ut
2170 4182 2415 4233 absolutus
2430 4178 2567 4229 vobis
2581 4216 2597 4241 ,
2612 4176 2820 4240 judices,
2843 4176 2979 4226 visus
3008 4176 3182 4226 merim
3200 4176 3348 4226 homo

1785 4280 1882 4317 non
1909 4265 2066 4315 malus
2092 4274 2193 4312 esse
2205 4277 2220 4322 ;
2248 4257 2421 4309 deinde
2454 4258 2511 4307 ut
2547 4254 2721 4317 reliqui
2748 4266 2945 4318 quoque
2980 4265 3149 4303 omnes
3166 4252 3347 4303 intelli-

1786 4346 1926 4407 gant,
1958 4341 2077 4392 nihil
2098 4340 2192 4388 hoc
2230 4339 2281 4387 in
2312 4334 2503 4399 negotio
2536 4346 2567 4383 a
2586 4346 2667 4383 me
2696 4346 2785 4397 per
2808 4332 2965 4383 scelus
2989 4333 3079 4381 aut
3108 4331 3349 4395 ignaviam

1786 4436 1887 4473 osse
1913 4419 2251 4478 commissum,
2268 4414 2349 4465 sed
2372 4428 2458 4477 per
2486 4414 2728 4463 sinistram
2754 4410 2996 4475 quandam
3014 4409 3228 4461 evenisse
3247 4412 3349 4461 for·

1785 4503 1955 4551 tunam
1968 4535 1984 4560 ,
1998 4510 2109 4561 quae
2122 4495 2240 4559 reip.
2260 4492 2457 4557 quidem
2474 4489 2719 4555 inprimis,
2750 4491 2857 4539 tum
2876 4502 2991 4538 vero
3005 4487 3143 4538 nobis
3154 4501 3349 4553 quoque

1785 4577 2012 4643 privatim
2042 4574 2291 4635 incubuit3
2317 4572 2368 4622 et
2399 4584 2509 4634 quae
2543 4569 2645 4619 dixi
2684 4581 2764 4618 me
2794 4566 2971 4616 dixisse
3003 4580 3065 4615 ex
3093 4567 3349 4629 Eupliileto
3366 4604 3378 4614 .

1785 4658 1978 4718 audita,
2010 4651 2312 4718 providentia
2338 4649 2515 4713 partim
2554 4647 2747 4698 tuendae
2782 4645 2949 4695 salutis
2970 4646 3347 4694 necessariorum

1785 4739 1933 4800 atque
1955 4733 2238 4792 amicorum,
2266 4728 2439 4793 partim
2471 4723 2743 4775 securitatis
2761 4722 2971 4787 publicae
3005 4734 3196 4772 summa
3233 4734 3347 4772 cum

1785 4814 2035 4866 honestate
2048 4849 2061 4875 ,
2077 4812 2213 4861 nullo
2231 4809 2395 4858 autem
2413 4818 2527 4855 cum
2541 4803 2721 4855 scelere
2734 4839 2748 4865 ,
2764 4802 2819 4851 ut
2836 4814 2925 4863 ego
2942 4800 3138 4863 quidem
3156 4812 3343 4849 oenseo.

1786 4892 1970 4955 Quodsi
2002 4904 2115 4953 ergo
2137 4901 2214 4939 res
2242 4886 2311 4937 sic
2342 4898 2395 4936 se
2430 4883 2601 4944 habet,
2626 4880 2817 4944 postulo
2848 4893 2877 4927 a
2911 4878 3049 4927 vobis
3078 4877 3259 4927 absolvi
3297 4877 3347 4926 et

1787 4975 1923 5026 salva
1950 4974 2077 5021 fama
2108 4966 2303 5017 dimitti.
2357 4964 2453 5028 (57)
2488 4967 2587 5025 Age
2622 4959 2839 5023 (oportet
2869 4958 2999 5008 enirn
3034 4956 3256 5006 humanis
3285 4954 3346 5003 de

1789 5053 1933 5105 rebus
1946 5048 2169 5099 humanis
2182 5048 2299 5096 item
2314 5044 2467 5094 modis
2481 5042 2688 5105 cogitare
2699 5076 2714 5103 ‚
2730 5052 2786 5089 ac
2798 5038 2836 5088 si
2852 5038 2952 5100 ipse
2980 5038 3181 5099 quisque
3203 5033 3343 5081 insor-

1786 5133 1925 5186 tunio
1938 5130 2186 5195 perculsus
2202 5127 2351 5189 asset)
2366 5162 2380 5186 ,
2394 5122 2513 5187 quid
2529 5120 2857 5184 unusquisque
2867 5118 3079 5167 vestrum
3098 5112 3261 5162 fuisset
3278 5110 3343 5159 sa-

1788 5216 1985 5264 cturus?
2004 5214 2125 5261 Nam
2138 5208 2179 5259 si
2192 5205 2425 5270 ejusmodi
2439 5204 2605 5255 fuisset
2616 5199 2822 5265 optionis
2834 5194 3065 5255 conditio,
3080 5194 3135 5242 ut
3153 5204 3343 5241 necesse
3372 5258 3379 5263 ι

1789 5294 1954 5347 suisset
1970 5291 2056 5342 aut
2072 5291 2274 5353 gloriose
2290 5286 2413 5338 mori
2440 5288 2525 5336 aut
2543 5282 2747 5346 turpiter
2768 5275 2942 5331 servari
2958 5312 2973 5337 ,
2999 5273 3145 5337 possit
3174 5272 3345 5336 utique
