3825 5842
81 1372 124 1405 n)

95 2246 140 2283 20

99 3138 148 3174 dt)

106 4448 154 4485 45

1271 414 1639 475 ISOCRATI
1646 414 1684 471 S
1711 400 2147 471 'EPISTOLAE.
2194 422 2253 471 9.

169 554 266 625 τὴν
298 554 556 633 ὑμετέραν
583 551 866 630 ἡγεμονίαν
896 551 986 608 καὶ
1014 548 1282 627 βασιλείαν
1313 546 1634 618 σταθέντων;
1661 546 1725 621 (4)

167 648 248 710 τίς
273 648 318 702 δ’
341 644 404 703 ἂν
424 644 659 722 ἠπόρησε
679 641 918 709 διεξιέναι
943 638 1208 717 βουληθεὶς
1229 638 1322 707 τὴν
1346 636 1584 713 ἀνδρείαν
1609 633 1732 701 ὅλης

169 739 268 804 τῆς
291 734 490 797 πόλεως
513 734 602 790 καὶ
631 731 970 809 σωφροσύνην
993 730 1081 785 καὶ
1103 726 1368 784 πολιτείαν
1393 725 1486 791 τὴν
1513 723 1610 777 ὑπὸ
1629 724 1730 777 τῶν

170 824 444 901 προγόνων
483 825 586 878 τῶν
633 819 894 895 ὑμετέρων
943 818 1353 895 συνταχθεῖσαν;
1384 812 1560 875 πόσοις
1599 812 1642 866 δ’
1670 808 1732 865 ἂν

173 910 350 985 λόγοις
378 907 636 987 ἐξεγένετο
657 908 957 986 χρήσασθαι
985 904 1106 981 περὶ
1133 903 1226 967 τὴν
1253 902 1499 980 φρόνησιν
1525 902 1614 954 τοῦ
1643 901 1734 953 σοῦ

175 998 403 1074 πατρός,
431 996 520 1053 καὶ
553 996 650 1065 τὴν
681 998 734 1052 ἐν
762 1002 874 1059 ταῖς
905 995 1194 1070 συμφοραῖς
1223 990 1472 1059 διοίκησιν
1489 1032 1502 1058 ,
1527 986 1616 1043 καὶ
1641 984 1734 1056 τὴν

177 1084 362 1162 μάχην
385 1085 480 1155 τὴν
505 1088 557 1143 ἐν
583 1090 648 1161 τῇ
668 1082 815 1141 πόλει
835 1082 1146 1156 γενομένην,
1171 1072 1234 1149 ἧς
1258 1078 1472 1155 ἡγεμὼν
1497 1075 1558 1132 σὺ
1582 1096 1739 1131 κατα·

177 1172 307 1237 στὰς
349 1172 439 1229 καὶ
469 1175 582 1249 μετ’
611 1172 798 1246 ὀλίγων
841 1170 968 1247 πρὸς
1011 1166 1230 1233 πολλοὺς
1276 1164 1604 1227 κινδυνεύσας
1649 1160 1738 1218 καὶ

175 1260 392 1317 πάντων
412 1261 686 1335 διενεγκὼν
709 1259 872 1323 αἴτιος
891 1259 1064 1335 ἐγένου
1087 1262 1151 1335 τῇ
1171 1256 1322 1315 πόλει
1343 1261 1437 1327 τῆς
1458 1255 1737 1331 σωτηρίας,

178 1338 237 1403 οἷ
258 1346 472 1405 κάλλιον
494 1347 641 1425 ἔργον
669 1347 831 1411 οὐδεὶς
857 1348 920 1404 ἂν
947 1346 1241 1413 ἐπιδείξειεν
1259 1367 1273 1415 ;
1301 1346 1366 1421 (5)
1387 1343 1504 1402 οὗτε
1524 1342 1624 1420 γὰρ
1643 1342 1738 1400 πό·

179 1438 292 1501 λεις
324 1438 456 1494 ἑλεῖν
487 1436 602 1495 οὔτε
622 1434 843 1498 πολλοὺς
863 1440 1167 1493 ἀποκτεῖναι
1189 1440 1290 1493 τῶν
1315 1431 1580 1509 πολεμίοιν
1607 1430 1743 1487 οὕτω

185 1525 327 1599 μέγα
359 1524 448 1581 καὶ
480 1526 666 1601 σεμνόν
703 1526 870 1595 ἔστιν,
897 1527 968 1588 ὡς
997 1525 1055 1581 ἐκ
1082 1527 1186 1580 τῶν
1216 1520 1464 1579 τοιούτων
1491 1517 1743 1577 κινδύνοιν

183 1614 355 1669 σῶσαι
381 1610 473 1683 τὴν
492 1609 721 1691 πατρίδα
736 1657 751 1683 ,
773 1612 846 1687 μὴ
870 1609 964 1681 τὴν
989 1615 1271 1687 τυχοῦσαν,
1294 1607 1430 1665 ἀλλὰ
1454 1606 1546 1676 τὴν
1565 1608 1746 1663 τοσοῦ-

183 1721 272 1755 τον
302 1702 386 1757 ἐπ’
405 1702 562 1779 ἀρετῇ
581 1702 966 1775 διενεγκοῦσαν.
1055 1698 1190 1776 Περὶ
1210 1688 1282 1755 ὧν
1305 1696 1377 1771 μὴ
1396 1697 1608 1773 κομψῶς
1629 1693 1745 1749 ἀλλ’

184 1788 370 1855 ἁπλῶς
391 1790 624 1861 διελθών,
643 1788 776 1863 μηδὲ
797 1793 861 1867 τῇ
883 1786 1014 1855 λέξει
1041 1786 1311 1862 κοσμήσας
1333 1783 1448 1842 ἀλλ’
1465 1781 1744 1859 ἐξαριθμή-

185 1900 283 1940 σας
313 1876 468 1952 μόνον
495 1878 584 1935 καὶ
607 1875 772 1956 χύδην
798 1875 978 1947 εἰπών,
1003 1876 1165 1940 οὐδεὶς
1183 1878 1320 1937 ὅστις
1343 1875 1434 1931 οὐκ
1465 1872 1524 1928 ἂν
1551 1870 1746 1927 εὐδοκι-

187 1964 428 2039 μήσειεν.

269 2074 317 2112 6.
352 2052 494 2131 Ἐγὼ
509 2052 677 2111 τοίνυν
695 2052 928 2123 δυνηθεὶς
948 2051 1010 2110 ἂν
1031 2052 1120 2109 καὶ
1139 2052 1260 2131 περὶ
1273 2049 1466 2109 τούτων
1485 2048 1749 2126 ἕξαρκούν·

190 2164 293 2205 τως
317 2143 688 2219 διαλεχθῆναι,
717 2144 926 2199 κάκεῖνο
947 2140 1284 2219 γιγνώσκων,
1317 2141 1519 2219 πρῶτον
1551 2136 1643 2212 μὲν
1671 2134 1751 2193 ὅτι

193 2229 321 2308 ῥᾷόν
344 2233 454 2289 ἐστι
478 2231 597 2307 περὶ
619 2232 721 2287 τῶν
743 2233 1102 2306 γεγενημένων
1133 2228 1362 2307 εὐπόρως
1385 2228 1692 2303 ἐπιδραμεῖν
1715 2224 1750 2295 ἢ

193 2318 317 2395 περὶ
347 2322 450 2375 τῶν
492 2316 784 2393 μελλόντων
828 2322 948 2374 νοῦν
991 2318 1214 2396 ἐχόντως
1259 2320 1418 2374 εἰπεῖν
1441 2362 1456 2391 ,
1487 2313 1647 2371 ἔπειθ’
1674 2313 1753 2372 ὅτι

199 2407 387 2471 πάντες
409 2405 674 2483 ἄνθρωποι
704 2406 865 2479 μείζω
888 2405 1043 2483 χάριν
1070 2404 1246 2481 ἔχουσι
1270 2406 1376 2465 τοῖς
1400 2405 1695 2460 ἐπαινοῦσιν
1718 2398 1751 2470 ἢ

199 2502 306 2561 τοῖς
328 2492 742 2569 συμὸουλεύουσι
769 2491 907 2569 (τοὺς
931 2492 1023 2567 μὲν
1046 2492 1146 2571 γὰρ
1169 2495 1236 2556 ὡς
1257 2490 1428 2555 εὔνους
1452 2488 1601 2556 ὄντας
1626 2492 1754 2547 ἀπο·

197 2584 470 2661 δέχονται,
517 2580 633 2646 τοὺς
675 2580 742 2651 δ’,
785 2580 844 2636 ἂν
885 2580 957 2656 μὴ
1009 2580 1364 2644 κελευσθέντες
1398 2580 1753 2657 παραινῶσιν,

196 2672 430 2750 ἐνοχλεῖν
477 2668 815 2744 νομίζουσιν),
851 2668 916 2749 (7)
938 2702 1017 2714 --
1039 2671 1152 2727 ἀλλ’
1182 2667 1322 2741 ὅμως
1353 2667 1561 2725 ἅπαντα
1590 2672 1756 2724 ταῦτα

199 2757 448 2835 προειδὼς
467 2760 569 2815 τῶν
593 2757 686 2833 μὲν
708 2758 836 2835 πρὸς
861 2760 1018 2835 χάριν
1049 2756 1112 2815 ἂν
1134 2756 1394 2835 ῥηθέντων
1424 2755 1756 2833 ἀπεσχόμην,

197 2847 322 2926 περὶ
351 2846 406 2904 δὲ
431 2846 675 2905 τοιούτων
703 2846 878 2920 μέλλω
898 2846 1065 2922 λέγειν
1089 2846 1208 2925 περὶ
1233 2836 1305 2903 ὧν
1334 2846 1498 2910 οὐδεὶς
1518 2847 1580 2901 ἄν
1603 2846 1758 2909 ἄλλος

197 2932 510 3009 τολμήσειεν
529 2981 545 3007 ,
569 2933 855 3011 ἡγούμενος
886 2937 990 2992 δεῖν
1038 2934 1153 3001 τοὺς
1183 2934 1302 3010 περὶ
1345 2934 1624 3000 ἐπιεικείας
1667 2933 1758 2991 καὶ

199 3021 494 3101 φρονήσεως
523 3020 977 3099 ἀμφισὸητοῦντας
1002 3021 1082 3098 μὴ
1106 3021 1226 3086 τοὺς
1254 3020 1466 3101 ῥᾴστους
1493 3023 1757 3098 προαιρεῖ-

201 3117 320 3169 σθαι
347 3112 452 3167 τῶν
480 3112 676 3184 λόγων,
706 3110 843 3169 ἀλλὰ
873 3111 990 3178 τοὺς
1019 3110 1462 3189 έργωδεστάτους,
1487 3112 1621 3183 μηδὲ
1647 3108 1761 3174 τοὺς

201 3198 441 3268 ἠδίστους
462 3206 568 3263 τοῖς
593 3195 884 3271 ἀκούουσιν,
901 3201 1016 3257 ἀλλ’
1037 3198 1090 3266 ἐξ
1113 3190 1184 3256 ὧν
1205 3197 1534 3277 ὠφελήσουσι
1555 3196 1644 3256 καὶ
1669 3196 1760 3263 τὰς

201 3286 382 3349 πόλεις
423 3284 514 3350 τὰς
545 3288 714 3342 αὑτῶν
743 3286 832 3343 καὶ
865 3286 982 3353 τοὺς
1026 3286 1214 3350 ἄλλους
1247 3282 1549 3355 Ἕλληνας·
1579 3287 1658 3363 ἐφ’
1690 3275 1761 3348 οἷς

203 3391 302 3449 περ
333 3370 437 3450 ἔγὼ
465 3372 708 3451 τυγχάνω
737 3378 825 3431 νῦν
857 3374 1167 3451 ἐφεστηκὼς.

281 3480 331 3519 8.
380 3462 654 3532 Θαυμάζω
686 3460 738 3518 δὲ
769 3462 858 3519 καὶ
884 3466 986 3519 τῶν
1018 3462 1190 3519 ἄλλων
1221 3466 1324 3519 τῶν
1349 3462 1594 3541 πράττειν
1621 3460 1652 3531 ἢ
1675 3462 1759 3517 λε’·

203 3572 312 3625 γειν
343 3549 637 3624 δυναμένων
655 3594 670 3621 ,
699 3551 742 3605 εἷ
769 3549 900 3624 μηδὲ
929 3547 1133 3607 πώποτ’
1158 3552 1330 3617 αὐτοῖς
1361 3552 1582 3620 ἐπῆλθεν
1611 3552 1761 3607 ἐνθυ-

205 3640 438 3712 μηθῆναι
475 3638 594 3714 περὶ
632 3640 736 3693 τῶν
778 3641 960 3695 κοινῶν
999 3637 1354 3716 πραγμάτων,
1392 3636 1513 3715 μηδ’
1551 3640 1764 3707 ἐλεῆσαι

202 3722 298 3789 τὰς
325 3728 419 3793 τῆς
447 3722 705 3789 Ἑλλάδος
737 3722 1047 3803 δυσπραξίας
1076 3724 1237 3789 οὕτως
1282 3728 1510 3803 αἰσχρῶς
1538 3724 1627 3782 καὶ
1657 3726 1763 3782 δει-

205 3814 304 3877 νῶς
329 3810 712 3887 διατιθεμένης,
738 3803 800 3880 ἧς
829 3812 992 3875 οὐδεὶς
1016 3812 1436 3889 παραλέλειπται
1459 3812 1612 3877 τόπος
1634 3811 1686 3879 ὃς
1705 3816 1761 3871 οὗ

206 3896 358 3972 γέμει
387 3898 478 3954 καὶ
509 3898 694 3973 μεστός
723 3900 834 3955 ἐστι
863 3896 1096 3972 πολέμου
1126 3898 1214 3955 καὶ
1239 3900 1476 3956 στάσεων
1507 3900 1594 3956 καὶ
1624 3923 1763 3979 σιρα-

205 3986 314 4059 γῶν
335 3983 426 4040 καὶ
444 3988 620 4041 κακῶν
644 3986 1034 4065 ἀναριθμήτων·
1060 3978 1132 4045 ὧν
1153 3989 1396 4045 πλεῖστον
1420 3988 1572 4065 μέρος
1592 4011 1762 4062 μετει-

207 4072 438 4149 λήφασιν
467 4076 514 4130 οἱ
542 4078 634 4143 τῆς
663 4074 834 4140 Ἀσίας
861 4074 956 4145 τὴν
983 4074 1251 4153 παραλίαν
1280 4077 1536 4141 οἰκοῦντες
1555 4124 1568 4150 ,
1596 4076 1681 4140 οὒς
1709 4079 1762 4133 ἐν

208 4164 325 4226 ταῖς
357 4161 634 4230 συνθήκαις
665 4162 903 4229 ἅπαντας
943 4162 1305 4241 ἐκδεδώκαμεν
1353 4166 1410 4222 οὗ
1460 4166 1614 4237 μόνον
1661 4169 1765 4231 τοῖς

214 4248 522 4327 βαρὸάροις,
543 4252 677 4311 ἀλλὰ
694 4251 783 4308 καὶ
802 4256 906 4309 τῶν
928 4251 1203 4321 Ἑλλήνων
1227 4260 1334 4319 τοῖς
1357 4258 1452 4323 τῆς
1477 4254 1572 4327 μὲν
1593 4258 1766 4333 φωνῆς

208 4342 303 4408 τῆς
325 4337 584 4414 ἡμετέρας
609 4344 940 4411 κοινωνοῦσι,
964 4343 1038 4417 τῷ
1059 4339 1114 4397 δὲ
1139 4339 1316 4420 τρόπῳ
1339 4344 1414 4419 τῷ
1433 4344 1536 4397 τῶν
1563 4341 1766 4420 βαρὸά-

213 4446 316 4501 ρων
343 4424 648 4502 χρωμένοις·
671 4426 736 4505 (9)
758 4426 865 4501 οὓς,
893 4430 938 4485 εἰ
966 4432 1081 4486 νοῦν
1102 4426 1334 4506 εἴχομεν,
1351 4430 1444 4487 οὐκ
1468 4428 1528 4486 ἂν
1549 4452 1767 4507 περιεω-

215 4512 387 4589 ρῶμεν
427 4512 822 4591 ἀθροιζομένους
854 4516 958 4573 οὐδ’
989 4516 1088 4575 ὑπὸ
1113 4519 1216 4573 τῶν
1248 4516 1510 4595 τυχόντων
1540 4539 1765 4596 στρατη-

211 4600 521 4675 γουμένους,
547 4600 662 4658 οὐδὲ
693 4602 893 4675 μείζους
921 4602 1010 4660 καὶ
1040 4608 1302 4681 κρείττους
1327 4602 1585 4671 συντάξεις
1608 4627 1767 4684 στρα-

213 4686 446 4746 τοπέδων
477 4688 783 4767 γιγνομένας
814 4694 871 4748 ἐκ
907 4694 1009 4748 τῶν
1040 4692 1395 4769 πλανωμένων
1425 4690 1459 4763 ἢ
1487 4696 1588 4751 τῶν
1615 4695 1770 4750 πολι-

214 4774 525 4851 τευομένων·
560 4774 610 4833 οἳ
639 4781 731 4847 τῆς
763 4778 856 4851 μὲν
887 4780 1142 4855 βασιλέως
1183 4778 1360 4855 χώρας
1403 4780 1586 4855 μικρὸν
1617 4780 1769 4858 μέρος

215 4863 589 4938 λυμαίνονται,
621 4864 711 4929 τὰς
743 4864 794 4923 δὲ
826 4866 1002 4931 πόλεις
1029 4864 1121 4932 τὰς
1149 4864 1491 4937 εΕλληνίδας,
1517 4868 1587 4933 εἷς
1614 4867 1677 4936 ἣν
1708 4866 1770 4923 ἃν

217 4951 537 5021 εἰσέλθωσιν,
562 4954 882 5017 ἀναστάτους
913 4958 1145 5022 ποιοῦσι,
1175 4952 1292 5018 τοὺς
1316 4952 1409 5029 μὲν
1442 4955 1770 5012 ἀποκτείνον·

217 5061 300 5103 τες
318 5082 335 5108 ,
362 5036 482 5103 τοὺς
512 5037 567 5095 δὲ
595 5040 983 5117 φυγαδεύοντες,
1007 5044 1110 5097 τῶν
1139 5041 1192 5097 δὲ
1219 5040 1311 5106 τὰς
1339 5040 1516 5107 οὐσίας
1545 5042 1769 5119 διαρπά·

219 5122 420 5201 ζοντες,
450 5126 544 5203 (10)
570 5126 646 5183 ἔτι
672 5127 726 5184 δὲ
752 5129 942 5192 παῖδας
972 5126 1064 5184 καὶ
1088 5128 1334 5203 γυναῖκας
1353 5127 1655 5204 ὑὸρίζοντες,
1681 5127 1770 5185 καὶ

219 5212 309 5281 τὰς
338 5213 435 5291 μὲν
468 5214 888 5291 εὐπρεπεστάτας
916 5214 1369 5293 καταισχύνοντες,
1395 5218 1498 5272 τῶν
1527 5218 1572 5273 δ’
1598 5216 1768 5275 ἄλλων

533 5312 809 5361 leucam-res·

3246 420 3364 469 2217

1818 550 1981 600 dinem
2008 564 2119 613 quae
2142 554 2307 601 vestro
2328 548 2479 599 ductu
2508 552 2655 612 atque
2674 550 2904 613 auspiciis
2924 551 3047 598 sacta
3073 551 3257 598 suntet
3281 554 3378 599 sta-

1819 636 1961 683 tuta?
1980 634 2051 697 (4)
2070 635 2191 691 Quis
2209 636 2374 683 autem
2391 633 2611 683 dicendis
2628 638 2810 695 egeret,
2826 634 2909 695 qui
2929 634 3041 682 velit
3064 648 3215 694 quum
3237 635 3375 683 sorti·

1821 722 2041 771 tudinem
2067 734 2125 769 ac
2162 720 2533 783 temperantiam
2564 721 2717 769 totius
2748 724 2927 769 vestrm
2952 721 3165 769 civitatis
3179 758 3191 780 ,
3217 724 3323 769 tum
3352 735 3381 767 a

1821 809 2002 857 vestris
2010 806 2279 870 majoribus
2288 806 2565 855 institutum
2576 804 2857 867 reipublicae
2868 808 3384 868 statuin,percensere·?

1824 894 2024 955 quantis
2038 906 2184 956 porro
2196 892 2361 942 verbis
2372 892 2443 941 uti
2458 892 2625 940 liceret
2644 890 2709 940 ad
2726 891 3063 955 explicandam
3075 890 3289 954 parentis
3306 892 3383 939 tui

1825 978 2151 1041 prudentiam,
2165 978 2481 1041 ejusdemque
2500 980 2548 1027 in
2568 979 2786 1027 adversis
2800 980 2870 1027 rei
2888 978 3113 1040 gerendae
3128 978 3383 1037 rationem,

1826 1066 1876 1113 et
1891 1062 2011 1112 illud
2024 1064 2155 1126 quod
2167 1066 2295 1112 intra
2305 1064 2461 1126 ipsam
2475 1063 2647 1111 urbem
2660 1062 2975 1110 commissum
2990 1064 3067 1110 est
3083 1062 3326 1123 praeelium?
3340 1063 3387 1109 in

1827 1160 1926 1209 quo
1944 1150 2001 1195 tu
2016 1146 2185 1209 praelio
2202 1146 2497 1195 constitutus
2514 1146 2797 1207 imperator,
2814 1144 3073 1207 pugnando
3086 1158 3201 1193 cum
3216 1142 3389 1207 paucis

1829 1229 2067 1279 adversus
2092 1230 2292 1289 multos,
2304 1230 2535 1279 omnibus
2551 1228 2896 1290 antecelluisti,
2913 1232 2965 1277 et
2980 1228 3153 1279 urbem
3172 1230 3309 1277 tuam
3326 1230 3389 1279 ab

1830 1315 1981 1365 exitio
1992 1315 2199 1365 servasti
2216 1332 2228 1362 :
2245 1327 2346 1377 quo
2360 1314 2479 1363 nihil
2493 1314 2977 1378 praeclariusgestum
2992 1314 3054 1363 ab
3066 1314 3167 1363 ullo
3180 1314 3385 1375 proferri

1830 1400 1987 1463 possit
2014 1420 2023 1447 :
2046 1399 2117 1463 (5)
2136 1412 2294 1461 neque
2314 1401 2443 1449 enim
2468 1399 2547 1449 vel
2570 1398 2718 1449 urbes
2748 1412 3025 1461 expugnare
3042 1437 3055 1458 ,
3081 1398 3160 1448 vel
3176 1398 3394 1448 hostium

1831 1492 2032 1541 magnas
2046 1479 2209 1541 copias
2219 1478 2515 1539 interimere,
2528 1492 2760 1541 magnum
2772 1478 2895 1529 adeo
2904 1482 3037 1529 estet
3049 1478 3389 1533 honorificum,

1831 1560 1891 1605 ut
1913 1556 2009 1605 suit
2022 1570 2049 1605 e
2070 1557 2222 1605 tantis
2239 1556 2470 1621 periculis
2488 1556 2697 1620 patriam
2710 1557 2933 1615 liberare,
2955 1560 3006 1607 ct
3024 1570 3120 1605 non
3135 1556 3268 1605 illam
3286 1556 3397 1605 vul-

1833 1650 2001 1699 garem
2016 1636 2246 1699 aliquam,
2270 1635 2356 1688 sed
2370 1650 2481 1699 quoe
2497 1639 2751 1699 tantopere
2767 1637 2965 1687 virtutis
2979 1652 3129 1687 causa
3142 1637 3391 1686 emineret.

1833 1716 1906 1764 De
1925 1716 2101 1777 quibus
2120 1728 2262 1763 nemo
2288 1715 2475 1765 scilicet
2494 1728 2591 1764 non
2615 1730 2731 1765 cum
2751 1716 3093 1777 ostentatione,
3110 1716 3199 1765 sed
3213 1716 3252 1766 si
3260 1716 3397 1779 mpli-

1835 1792 1957 1842 citer
1976 1795 2213 1843 narrando
2227 1833 2239 1853 ‚
2264 1808 2421 1855 neque
2443 1806 2555 1842 cum
2574 1794 2833 1843 verborum
2856 1796 3032 1841 ornatu
3052 1831 3065 1850 ,
3088 1794 3173 1843 sed
3194 1808 3396 1843 enume-

1835 1874 1990 1921 rando
2007 1862 2261 1933 (luminat,
2278 1878 2327 1923 et
2345 1878 2530 1923 temere
2552 1874 2746 1936 quidvis
2773 1872 3077 1933 effundendo,
3090 1874 3395 1936 disseruerit,

1819 1954 1921 2015 qui
1948 1966 2043 2003 non
2069 1967 2127 2003 ex
2150 1968 2209 2002 eo
2232 1966 2455 2015 magnam
2481 1953 2573 2002 sibi
2602 1954 2794 2003 laudem
2818 1940 3189 2017 co'mparaverit.

1902 2049 1948 2091 6.
1976 2044 2073 2104 Ego
2093 2042 2243 2105 igitur
2262 2042 2346 2104 qui
2368 2041 2515 2091 etiam
2530 2042 2593 2090 de
2612 2041 2691 2091 his
2710 2045 2929 2104 poteram
2945 2042 3119 2091 idoneo
3132 2042 3279 2091 modo
3293 2057 3401 2106 pro-

1841 2129 1951 2189 fari,
1974 2134 2123 2193 atque
2144 2129 2266 2179 illud
2286 2130 2516 2189 sentienS,
2531 2130 2742 2193 primum
2761 2129 2953 2179 facilius
2968 2143 3076 2179 esse
3094 2130 3160 2180 de
3176 2132 3399 2194 praeteri·

1839 2220 1906 2268 tis
1934 2220 2125 2283 copiose
2151 2218 2343 2281 eloqui,
2368 2232 2515 2281 quam
2540 2218 2602 2267 de
2632 2218 2811 2267 suturis
2840 2219 3038 2268 cordate
3061 2218 3251 2277 di‹·.ere·‚
3270 2220 3402 2270 dein-

1842 2307 1903 2356 de
1932 2320 2100 2357 omnes
2134 2308 2357 2356 homines
2392 2306 2826 2368 majoremhabere
2853 2310 3056 2370 gratiam
3090 2310 3403 2359 laudantibus

1842 2417 1991 2465 quam
2013 2402 2405 2462 consiliantibus»,
2430 2407 2481 2451 et
2510 2402 2619 2452 illos
2640 2404 2838 2466 quidem
2873 2404 3079 2453 libenter
3102 2406 3325 2469 excipere
3348 2408 3406 2455 ut

1843 2492 1918 2541 sui
1949 2490 2223 2552 studiosos,
2262 2492 2353 2540 hos
2380 2504 2525 2552 vero,
2555 2492 2649 2540 nisi
2688 2492 2811 2554 jussi
2850 2492 3173 2553 admoneant,
3204 2494 3406 2544 auribus

1843 2579 2115 2629 obtundere
2142 2578 2399 2629 arbitrari:
2421 2578 2489 2643 (7)
2510 2593 2621 2642 quae
2644 2580 2736 2629 etsi
2760 2580 2922 2629 omnia
2948 2580 3261 2643 providerim,
3284 2582 3385 2631 nihi

1843 2668 1892 2717 lo
1912 2671 2071 2718 tamen
2098 2668 2257 2717 secius
2276 2668 2337 2717 ab
2356 2667 2434 2717 his
2462 2668 2673 2717 abstinui
2693 2682 2803 2731 quae
2823 2669 2882 2717 ad
2909 2670 3113 2731 gratiam
3145 2670 3407 2719 ineundam

1846 2756 2051 2807 dicenda
2064 2758 2246 2817 essent,
2263 2756 2325 2807 de
2342 2757 2400 2805 iis
2414 2756 2751 2806 tantummodo
2764 2757 2989 2806 (licturus
2999 2756 3059 2806 de
3070 2758 3251 2819 quibus
3266 2772 3408 2808 nemo

1846 2846 1971 2894 alius
1995 2844 2127 2895 ausit
2153 2867 2165 2894 ι
2186 2848 2322 2894 ratus
2345 2845 2577 2894 nimirum
2603 2846 2775 2894 decere
2798 2859 2882 2895 eos
2906 2845 2989 2907 qui
3014 2845 3076 2895 de
3096 2846 3330 2907 aequitate
3358 2850 3410 2896 et

1850 2933 2108 2998 prudentia
2130 2946 2244 2982 cum
2265 2932 2374 2981 aliis
2389 2932 2707 2989 contendunt,
2724 2946 3035 2994 nequaquam
3051 2948 3109 2982 ea
3129 2933 3218 2983 sibi
3234 2933 3409 2996 eligere

1849 3024 2133 3085 argumenta
2146 3034 2258 3083 qum
2280 3022 2491 3070 tractatu
2509 3020 2735 3069 facillima
2750 3021 2863 3082 sint,
2882 3022 2965 3070 sed
2981 3034 3093 3083 quae
3104 3022 3406 3086 difficillima,

1849 3123 2009 3172 neque
2028 3121 2202 3158 rursus
2216 3123 2274 3158 ea
2289 3122 2401 3170 quae
2420 3108 2595 3157 auditu
2616 3108 2714 3157 sint
2723 3108 3097 3171 jucundissima,
3120 3110 3205 3158 sed
3226 3124 3286 3159 ex
3306 3111 3411 3173 qui-

1849 3198 1943 3247 bus
1962 3194 2275 3248 emolumenti
2300 3196 2565 3259 plurimum
2590 3196 2795 3245 afferant
2808 3210 2961 3257 quum
2987 3197 3089 3246 suis
3108 3198 3408 3260 civitatibus,

1850 3290 1957 3335 turn
1978 3286 2164 3335 Graecis
2179 3284 2421 3345 omnibus„
2444 3284 2494 3333 in
2514 3298 2725 3347 quorum
2744 3284 3003 3334 utilitatem
3028 3290 3161 3335 totus
3182 3301 3308 3336 nunc
3333 3288 3408 3337 in-

1851 3374 2040 3425 tendor.

1914 3469 1942 3513 8
1951 3462 2192 3512 Demiror
2201 3466 2369 3511 autem
2383 3462 2575 3523 ceteros
2587 3460 2765 3523 quibus
2775 3462 2853 3510 vel
2865 3462 3033 3525 agendi
3046 3466 3123 3513 est
3135 3463 3210 3512 vel
3222 3462 3413 3513 dicendi

1852 3558 2015 3620 aliqua
2035 3557 2259 3620 facultas,
2273 3556 2405 3621 quod
2423 3556 2557 3606 nulla
2572 3570 2792 3620 unquam
2810 3556 2873 3606 de
2904 3558 3247 3609 communibus
3267 3560 3413 3619 rebus

1853 3652 2047 3701 illorum
2068 3652 2257 3701 animos
2270 3652 2499 3713 coguatio
2518 3650 2709 3705 subeat.
2728 3664 2884 3713 neque
2907 3655 3194 3701 moveantur
3211 3654 3411 3705 Graeciae

1853 3747 2228 3807 calamitatibus,
2250 3743 2391 3802 cujus
2415 3749 2574 3795 status
2603 3746 2726 3795 adeo
2755 3746 2915 3795 t'oedus
2939 3750 3013 3797 est
3034 3750 3087 3796 et
3104 3746 3411 3809 miserabilia,

1853 3847 1910 3891 ut
1933 3842 2099 3891 nullus
2112 3842 2161 3891 in
2175 3854 2233 3890 ea
2256 3842 2394 3890 locus
2414 3842 2707 3905 reperiatur,
2718 3843 2803 3903 qui
2822 3853 2919 3889 non
2936 3840 3194 3901 bellorum,
3208 3842 3415 3892 seditio-

1853 3948 1990 3995 num,
2013 3934 2227 3984 caedium
2248 3937 2298 3983 et
2315 3932 2616 3983 infinitorum
2633 3932 2872 3983 malorum
2893 3936 3065 3998 plenus
3088 3935 3153 3985 sit
3176 3950 3414 3998 :quorum

1853 4026 2050 4089 quidem
2069 4028 2258 4088 partem
2272 4023 2411 4085 longe
2432 4023 2695 4073 maximam
2708 4024 2951 4073 sustinent
2970 4024 3005 4073 ii
3020 4025 3105 4087 qui
3126 4026 3255 4075 Asiae
3274 4028 3409 4077 mari-

1853 4120 1973 4169 tima
1992 4120 2230 4177 incolunt,
2249 4120 2299 4168 et
2320 4132 2349 4167 a
2368 4117 2509 4167 nobis
2531 4117 2778 4167 universis
2800 4118 2849 4167 in
2870 4118 3140 4168 soederibus
3154 4124 3271 4171 sunt
3283 4120 3418 4170 (ledi-

1855 4212 1910 4271 ti,
1932 4226 2029 4261 non
2052 4210 2273 4261 barbaris
2296 4210 2652 4269 tantummodo,
2678 4211 2765 4259 sed
2786 4210 2846 4259 iis
2865 4210 2985 4260 item
3005 4212 3304 4275 Groeci3,qui
3322 4215 3413 4264 etsi

1855 4306 2109 4355 nobiscum
2135 4304 2305 4354 eadem
2344 4304 2509 4367 lingua
2540 4307 2757 4364 utantur,
2783 4318 2812 4353 a
2848 4304 3070 4355 moribus
3097 4304 3418 4357 barbarorum

1855 4400 1975 4450 nihil
2015 4398 2317 4461 discrepant;
2344 4396 2415 4461 (9)
2447 4411 2573 4459 quos
2609 4401 2770 4457 certe,
2798 4400 2840 4447 si
2876 4398 2927 4447 in
2964 4398 3105 4449 nobis
3147 4401 3415 4465 quidquam

1856 4497 1986 4544 esset
2010 4506 2140 4543 sanae
2165 4492 2343 4543 mentis
2358 4530 2371 4553 ,
2398 4506 2493 4540 non
2520 4492 2793 4541 sineremus
2820 4492 2951 4542 coire
2970 4506 3060 4543 nec
3076 4508 3105 4542 a
3124 4496 3421 4557 quibuslibet

1855 4590 1906 4639 in
1930 4588 2287 4651 expeditionem
2322 4586 2495 4647 educi,
2519 4587 2829 4649 majoresque
2854 4590 2904 4637 et
2927 4588 3190 4639 validiores
3217 4592 3417 4643 conflari

1855 4682 2021 4745 copias
2046 4694 2073 4729 e
2096 4679 2385 4742 vagantibus
2412 4678 2530 4727 viris
2552 4692 2699 4739 quam
2718 4692 2746 4729 e
2764 4680 2957 4729 civibus
2982 4681 3031 4728 in
3058 4680 3179 4729 urbe
3200 4682 3417 4745 degenti-

1856 4774 1951 4823 bus
1978 4794 1987 4822 :
2016 4774 2102 4836 qui
2122 4786 2275 4835 quum
2301 4771 2528 4835 exiguam
2548 4770 2815 4819 admodum
2839 4770 3037 4819 (litionis
3062 4770 3208 4833 regiae
3228 4775 3419 4834 partem

1858 4866 2147 4925 devastent,
2175 4868 2377 4915 Groecas
2412 4864 2559 4913 urbes
2576 4901 2589 4924 ,
2616 4862 2680 4911 ad
2706 4876 3066 4924 quamcumque
3093 4865 3415 4925 accesserint,

1859 4957 2104 5013 evertunt,
2123 4955 2171 5003 in
2190 4952 2369 5015 quibus
2388 4951 2508 5001 alios
2523 4950 2787 5010 trucidant,
2805 4950 2925 4999 alios
2940 4950 3283 5010 exterminant,
3295 4952 3419 5003 alios

1856 5047 1999 5097 bonis
2016 5046 2311 5109 exspoliant;
2334 5044 2435 5109 (to)
2458 5046 2795 5108 praetereaque
2807 5055 2987 5106 pueros
3004 5047 3055 5092 et
3074 5042 3276 5093 feminae
3293 5058 3416 5099 con-

1859 5133 2073 5184 tumeliis
2104 5132 2350 5191 afliciunt,
2372 5134 2423 5181 et
2444 5132 2494 5180 in
2516 5130 2597 5179 his
2623 5129 2781 5179 forma
2801 5128 3230 5193 praestantissimas
3247 5132 3414 5184 conte-

1859 5226 2081 5280 merant,
2109 5224 2298 5271 ceteras
2322 5220 2383 5269 iis
2410 5222 2597 5269 exuunt
2636 5218 2941 5268 vestimentis
2978 5218 3159 5279 quibus
3186 5222 3419 5283 teguntur

3174 5312 3235 5357 20
