3825 5842
89 460 310 551 (ιιι-ιιι)

851 453 1310 537 [ANDOCIDIS]
1355 456 1480 519 ΟΒ.
1523 455 1838 522 CONTRA
1871 456 2363 525 ALCIBIADEM.
2442 488 2447 497 ·
3134 470 3205 526 Μ

87 607 164 663 τῶν
193 590 592 678 παρεληλυθότων
621 588 968 666 ἀδικημάτων
997 588 1154 651 αὖτὸν
1193 594 1578 673 τιμωροῦνται,
1673 594 1959 665 injuriarum
1976 618 2141 669 poenas
2164 602 2227 655 ab
2251 618 2310 656 eo
2335 604 2549 669 repetere
2576 617 2675 656 nou
2690 568 2925 668 audeant,
2943 604 3029 657 sed
3044 564 3229 657 mt'uru

85 686 294 766 ἁλλ’ὓπᾶρ
317 686 412 743 τῶν
435 678 728 759 μελλόντων
755 677 1064 761 φοὸοῧνται,
1092 678 1312 748 καὶτοῖς
1340 678 1440 757 μὲν
1474 702 1570 739 πε-

87 773 250 836 πονθόσι
268 772 428 837 κακῶς
448 766 722 847 ἀνέχεσθαι
743 767 1027 841 λυσιτελεῖ,
1043 765 1212 848 τούτῳ
1231 765 1286 826 δὲ
1307 769 1404 827 οὐκ
1421 765 1571 849 ἐξαρ·

58 874 158 937 lati,
181 865 220 923 εἰ
242 858 308 940 μὴ
333 856 419 919 καὶ
439 854 498 915 τὸ
513 854 697 915 λοιπὸν
714 854 747 915 ὅ
764 878 817 915 τι
839 853 903 915 ἀν
933 851 1185 935 βούληται
1213 853 1572 937 διαπράξεται.

85 952 294 1015 Καίτοιοῦ
313 947 490 1019 δήπου,
507 935 554 1005 J,
575 943 855 1019 Ἀθηναῖοι,
871 945 1273 1024 ὀστρακισθῆναι
1288 942 1382 1023 μὲν
1399 942 1577 1016 ἐπιτή-

87 1040 324 1115 δειόςιίμι,
349 1032 581 1095 τεθνάναι
609 1032 664 1093 δὲ
697 1035 794 1093 οὐκ
813 1030 978 1106 ἄξιος,
1003 1031 1122 1093 οὐδὲ
1157 1032 1452 1113 κρινόμενος
1479 1033 1574 1111 μὲν

89 1126 332 1209 ἀποφυγεῖν,
353 1124 552 1205 ἄκριτος
577 1118 632 1181 δέ
657 1118 882 1203 φεύγειν,
906 1119 1022 1181 οὐδὲ
1047 1120 1361 1189 τοσαυτάκις
1387 1124 1578 1201 ἀγωνι-

87 1218 250 1295 ζόμενος
273 1212 354 1274 καὶ
378 1211 590 1283 νικήσας
617 1209 829 1278 δικαίως
862 1208 1024 1269 πάλιν
1061 1208 1270 1289 δόξαιμι
1305 1210 1370 1270 δι’
1404 1212 1576 1271 ἐκεῖνα

88 1304 294 1365 ἐκπεσεῖν.
369 1302 450 1380 (τι)
474 1298 634 1361 Ἀλλὰ
661 1297 763 1379 γὰρ
791 1298 914 1366 ἴσως
949 1296 1085 1377 μετὰ
1119 1307 1307 1380 μικρᾶς
1335 1298 1579 1372 διαθολῆς

57 1432 62 1451 .
87 1395 114 1465 ἢ
135 1391 312 1475 φαύλων
340 1386 640 1469 κατηγόρεον
665 1384 702 1459 ἢ
730 1384 818 1446 διὰ
859 1389 964 1447 τῶν
997 1385 1348 1467 ἐπιτυχόντων
1379 1390 1579 1469 ἐχθρῶν

89 1478 364 1549 ἐκινδύνευον,
379 1476 490 1534 ἀλλ’
512 1476 572 1534 οὗ
590 1472 678 1534 διὰ
695 1478 799 1535 τῶν
819 1474 1283 1557 ἐρρωμενεστάτων
1303 1474 1394 1536 καὶ
1410 1474 1581 1556 λέγειν

87 1568 155 1629 καὶ
172 1564 404 1647 πράττειν,
423 1560 602 1631 οἵτινες
625 1561 718 1623 δύο
737 1564 840 1622 τῶν
859 1561 953 1635 τὴν
976 1560 1138 1636 αὐτὴν
1169 1562 1340 1622 αἰτίαν
1358 1562 1582 1644 ἐχόντων

89 1658 178 1733 ἐμοὶ
194 1652 488 1715 ἀπέκτειναν.
529 1650 744 1715 Οὔκουν
764 1650 878 1721 τοὺς
898 1650 1154 1717 τοιούτους
1173 1650 1370 1711 δίκαιον
1392 1650 1582 1711 &2642-

88 1746 186 1817 λειν,
204 1739 276 1807 οὓς
297 1737 536 1806 πολλάκις
557 1737 859 1819 ἐλέγχοντες
878 1737 1136 1819 εὑρίσκετε
1159 1737 1320 1816 μηδὲν
1349 1738 1584 1798 ἀδικοῦν-

91 1856 182 1905 τας,
197 1826 312 1889 ἀλλά
331 1824 440 1895 τοὺς
460 1824 536 1905 μὴ
554 1826 798 1895 Θίλοντας
813 1828 1062 1908 ὑποσχεῖν
1087 1831 1152 1908 τῇ
1176 1826 1325 1887 πόλει
1351 1826 1583 1910 περὶτοῦ

91 1918 180 1998 βίου
191 1917 345 1993 λόγον.
422 1912 516 1993 (³8)
542 1916 730 1976 Δεινὸν
755 1915 812 1975 δέ
841 1938 930 1995 μοι
956 1916 1096 1975 δοκεῖ
1125 1904 1287 1990 εἶναι,
1312 1916 1358 1975 εἰ
1386 1913 1483 1993 μίν
1508 1939 1586 1984 τις

91 2005 398 2085 ἀπολογεῖσθαι
423 2001 691 2073 ἀξιώσειεν
711 2002 842 2084 ὑπὲρ
868 2006 971 2063 τῶν
996 2000 1362 2063 ἀποθανόντων
1385 2006 1454 2071 ὥς
1473 2002 1588 2063 ἀδί·

57 2124 74 2163 0
93 2119 174 2161 κως
186 2090 496 2166 ἀπολώλασιν,
517 2092 620 2151 οὐκ
635 2090 701 2151 ἀν
715 2090 1036 2173 ἀνασχέσθαι
1048 2095 1152 2151 τῶν
1174 2090 1590 2173 ἐπιχειρούντων·

93 2183 190 2246 εἶδέ
207 2208 271 2252 τις
292 2185 384 2243 τῶν
409 2180 781 2263 ἀποφυγόντων
803 2182 962 2242 πάλιν
983 2182 1214 2264 περὶτῆς
1235 2184 1394 2255 αὐτῆς
1418 2180 1590 2251 αἰτίας

93 2274 346 2353 κατηγορεῖ,
368 2274 473 2339 πῶς
500 2272 562 2331 οὗ
597 2268 794 2331 δίκαιον
831 2269 951 2353 περὶ
976 2270 1095 2338 τοὺς
1135 2273 1330 2341 ζῶντας
1356 2271 1448 2331 καὶ
1475 2270 1591 2338 τοὺς

93 2360 344 2433 τεθνηκότας
357 2358 446 2431 τὴν
463 2358 634 2431 αὐτὴν
653 2358 868 2439 γνώμην
891 2356 1065 2439 ἶχειν;
1091 2361 1184 2437 (aa)
1203 2354 1365 2420 Ἔστι
1385 2358 1480 2438 μὲν
1503 2352 1590 2421 οὖν

95 2448 364 2511 Ἀλκιόιάδου
381 2446 510 2525 μήτε
523 2447 688 2507 αὖτὸν
701 2446 804 2507 τῶν
815 2445 986 2525 νόμων
1001 2445 1202 2506 καὶτῶν
1217 2446 1383 2527 ὅρκων
1399 2447 1592 2529 φροντί-

95 2542 188 2611 ζιιν,
202 2540 316 2615 ὑμᾶς
330 2558 382 2594 τε
397 2534 750 2615 παραὸαίνειν
764 2536 1042 2615 ἐπιχειρεῖν
1062 2534 1345 2611 διδάσκειν,
1368 2534 1458 2592 καὶ
1478 2531 1594 2601 τοὺς

98 2624 168 2702 μὲν
186 2624 346 2691 ἄλλους
369 2621 652 2684 ἐκὸάλλειν
673 2622 764 2683 καὶ
791 2621 1112 2683 ἀποκτείνειν
1142 2623 1405 2696 ἀνηλεῶς,
1438 2620 1594 2682 αὐτὸν

58 2732 80 2773 :s
99 2713 138 2772 δὲ
153 2710 358 2773 ἱκετεύειν
383 2710 470 2771 καὶ
497 2708 751 2793 δακρύειν
777 2714 1008 2793 οἰκτρῶς.
1094 2710 1203 2773 Καὶ
1225 2715 1390 2770 ταῦτα
1417 2707 1514 2788 μὲν
1537 2712 1596 2769 οὗ

101 2800 312 2878 θαυμάζω·
327 2800 526 2859 πολλῶν
543 2798 658 2881 γὰρ
678 2800 822 2881 αὐτῷ
841 2796 1158 2877 κλαυμάτων
1175 2794 1294 2867 ἄξια
1308 2796 1556 2879 είργαστα
1563 2816 1596 2854 ι·

103 2890 364 2967 ἐνθυμοῦμαι
388 2885 442 2947 δὲ
467 2886 614 2957 τίνας
639 2886 770 2949 ποτὲ
799 2886 890 2947 καὶ
912 2886 1078 2947 πείσει
1106 2882 1375 2963 δεόμενος,
1402 2884 1597 2966 πότερα

102 2974 185 3043 τοὺς
205 2977 476 3057 νεωτέρους,
503 2976 594 3043 οὓς
621 2973 754 3056 πρὸς
777 2974 837 3035 τὸ
861 2977 1054 3048 πλῆθος
1077 2972 1420 3045 διαὸέὸληκεν
1441 2976 1598 3034 ἀσελ·

99 3063 245 3141 γαίνων
263 3063 344 3123 καὶ
367 3063 430 3123 τὰ
457 3062 730 3144 γυμνάσια
752 3060 1024 3123 καταλύων
1051 3061 1142 3122 καὶ
1177 3062 1325 3143 παρὰ
1346 3059 1440 3134 τὴν
1475 3065 1594 3135 ἡλι-

99 3152 188 3211 κίαν
207 3152 444 3233 πράττων,
471 3149 507 3224 ἢ
539 3150 666 3221 τοὺς
691 3151 1096 3234 πρεσὸυτέρους,
1128 3141 1203 3220 οἷς
1232 3150 1379 3211 οὐδὲν
1411 3149 1600 3229 ὁμοίως

103 3240 319 3320 βεὸίωιιεν,
343 3240 472 3303 ἀλλὰ
489 3245 596 3303 τῶν
622 3240 1051 3319 ἐπιτηδευμάτων
1075 3241 1246 3300 αὐτῶν
1264 3238 1599 3321 καταπεφρό-

61 3346 84 3385 n
101 3352 239 3401 νηιιενς
261 3330 342 3409 (ιο)
365 3330 442 3392 Οὔ
467 3328 627 3407 μόνον
659 3328 714 3391 δέ
743 3330 912 3389 αὐτῶν
939 3326 1090 3387 ἕνεκα
1107 3330 1210 3388 τῶν
1235 3324 1596 3409 παρανομούν-

103 3440 198 3493 των,
217 3414 290 3477 ἵνα
313 3416 452 3490 δίκην
480 3416 721 3491 διδῶσιν,
753 3416 1110 3497 ἐπιμελεῖσθαι
1148 3414 1306 3489 ἄξιον,
1336 3411 1472 3473 ἀλλὰ
1509 3410 1601 3473 καὶ

103 3508 179 3564 τῶν
195 3504 368 3580 ἄλλων,
391 3504 530 3571 ὅπως
557 3503 776 3573 τούτους
797 3508 1012 3586 ὁρῶντες
1034 3502 1346 3585 δικαιότεροι
1368 3501 1460 3563 καὶ
1496 3526 1598 3562 σω-

105 3592 368 3674 φρονέστεροι
390 3592 664 3673 γίνωνται.
750 3592 888 3671 Ἐμὲ
926 3592 1021 3671 μὲν
1058 3592 1227 3651 τοίνυν
1265 3590 1600 3661 ἐξελάσαντες

105 3678 192 3748 τοὺς
230 3680 498 3761 βελτίστους
552 3683 813 3763 περιδεεῖς
863 3678 1222 3753 καταστήσετε
1238 3724 1258 3759 ,
1307 3684 1486 3740 τοῦτον
1545 3677 1600 3739 δὲ

104 3767 359 3837 κολάσαντες
369 3766 482 3837 τοὺς
501 3767 910 3851 ἀσελγεστέρους
927 3765 1311 3849 νομιμωτέρους
1332 3766 1596 3840 ποιήσετε.

161 3876 217 3917 ιι.
251 3857 500 3936 Βούλομαι
537 3858 584 3917 δ’
607 3860 749 3936 ὓμᾶς
775 3860 1074 3935 ἀναμνῆσαι
1099 3859 1204 3915 τῶν
1244 3854 1363 3935 ἐμοὶ
1392 3878 1603 3937 πεπρα-

105 3944 280 4021 γμένων.
317 3944 456 4026 Ἐγὼ
476 3945 581 4027 γὰρ
601 3944 933 4027 πρεσὸεύσας
955 3947 1025 4013 εἷς
1049 3944 1345 4009 Θετταλίαν
1364 3943 1455 4005 καὶ
1478 3946 1606 4007 Ma·

109 4032 290 4094 ιιδονίαν
307 4035 392 4095 καὶ
413 4037 484 4103 εἰς
509 4033 819 4096 Μολοσσίαν
851 4034 942 4094 καὶ
959 4036 1032 4102 εἰς
1053 4032 1404 4115 Θεσπρωτίαν
1425 4031 1516 4093 καὶ
1533 4036 1606 4101 εἰς

69 4134 94 4173 1⁵
110 4120 288 4183 Ἰταλίαν
299 4124 384 4184 καὶ
401 4123 754 4199 εῖςΣικελίαν,
767 4121 885 4191 τοὺς
893 4122 989 4201 μὲν
1007 4122 1278 4206 διαφόρους
1291 4121 1443 4190 ὄντας
1461 4122 1607 4197 διήλ-

113 4209 234 4283 λιξεῖ,
253 4210 355 4279 τοὺς
377 4212 422 4270 δ’
436 4209 761 4285 ἐπιτηδείους
788 4208 1010 4285 ἐποίησα
1040 4208 1362 4290 [ἐὸεὸαίωσα
1377 4211 1434 4290 7]
1449 4255 1466 4285 ,
1495 4209 1609 4279 τοὺς

116 4299 148 4355 δ’
169 4298 251 4357 ἀπὸ
281 4304 376 4359 τῶν
403 4302 608 4383 ἐχθρῶν
645 4296 943 4372 ἀπέστησα.
1027 4298 1216 4361 Καίτοι
1257 4302 1304 4359 εἰ
1331 4303 1432 4359 τῶν
1465 4322 1613 4383 πρω-

119 4384 314 4445 τευόντων
340 4387 555 4457 ἕκαστος
578 4386 647 4448 τὰ
677 4386 812 4448 αὐτὰ
839 4386 1106 4466 ἐποίησεν,
1136 4386 1335 4467 ὀλίγους
1366 4387 1426 4447 ἀν
1459 4390 1613 4449 πολε·

120 4474 226 4547 uisu<
244 4474 394 4557 εἴχετε
417 4477 509 4537 καὶ
537 4475 762 4545 πολλοὺς
796 4474 1106 4557 συμμάχους
1134 4474 1430 4551 ἐκέκτησθε.
1515 4476 1612 4557 (ιιι)

121 4562 220 4641 Περὶ
243 4564 289 4623 δὲ
313 4569 410 4625 τῶν
449 4567 784 4647 λειτουργῶν
828 4566 926 4626 οὗκ
961 4564 1085 4635 ἀξιῶ
1122 4570 1448 4645 μεμνῆσθαι,
1476 4565 1614 4639 πλὴν

123 4648 223 4709 κατὰ
239 4659 478 4727 τοσοῦτον,
497 4653 584 4715 ὅτι
600 4652 670 4713 τὰ
686 4653 1114 4735 προσταττόμενα
1141 4656 1359 4715 δαπανῶ
1387 4657 1481 4715 οὐκ
1511 4655 1616 4715 ἀπὸ

124 4740 196 4793 τῦν
207 4746 382 4815 κοινῶν,
396 4744 514 4803 ἀλλ’
533 4742 640 4805 ἀπὸ
653 4746 756 4803 τῶν
777 4742 938 4807 ἰδίων.
962 4740 1150 4805 Καίτοι
1172 4742 1414 4826 τυγχάνω
1424 4767 1620 4818 νενικη·

75 4842 110 4884 n
126 4824 202 4895 κὸς
231 4828 450 4914 εὐανδρία
473 4831 568 4891 καὶ
595 4830 836 4909 λαμπάδι
870 4831 963 4894 καὶ
989 4833 1297 4914 τραγῳδοῖς,
1325 4835 1384 4894 οὗ
1411 4831 1618 4893 τύπτων

128 4916 214 4983 τοὺς
231 4919 676 5000 ἀντιχορηγοῦντας
690 4964 708 4994 ,
729 4920 833 4981 οὐδ’
858 4919 1230 5001 αἰσχυνόμενος
1253 4923 1298 4981 εἰ
1318 4925 1420 4983 τῶν
1447 4920 1620 5001 νόμων

131 5000 294 5065 ἔλαττον
327 5008 574 5088 δύναμαι.
655 5007 790 5079 Τοὺς
826 5000 914 5070 οὗν
959 5007 1219 5079 τοιούτους
1255 5012 1359 5071 τῶν
1395 5010 1621 5071 πολιτῶν

133 5091 230 5152 πολὺ
249 5097 426 5157 uinea
455 5095 774 5170 ἐπιτηδείους
797 5102 1028 5179 ἡγοῦμαι
1055 5097 1226 5178 μένειν
1253 5099 1290 5172 ἢ
1317 5094 1542 5180 φεύγειν.

1671 674 1834 737 potius
1843 676 2043 738 iniurias
2057 677 2292 727 metuant:
2312 677 2439 727 mala
2454 677 2539 741 qul
2552 676 2614 727 ab
2625 690 2685 727 eo
2698 678 3005 741 acceperunt,
3015 676 3064 726 bi
3080 689 3228 740 expe·

1663 744 1768 796 dire
1797 745 1888 796 sibi
1918 746 2137 810 judicant
2150 783 2167 809 ,
2206 749 2262 796 ut
2283 760 2345 798 ue
2368 749 2584 799 mussent
2608 747 2834 812 quidem3
2852 746 3119 799 Alcibiades
3138 759 3227 797 au-

1663 814 1764 864 tem
1789 828 1963 879 parum
1984 815 2077 867 sibi
2092 816 2283 868 videtur
2300 818 2447 880 egisse
2460 854 2475 881 ,
2494 818 2582 869 nisi
2601 818 2880 881 perfecerit,
2912 820 2969 869 ιιι
2986 819 3037 868 iu
3060 820 3223 881 poste·

1666 899 1776 937 rum
1794 900 1990 952 quoque
2006 888 2203 953 impune
2218 888 2311 939 sibl
2322 889 2385 941 sit
2402 887 2631 953 quicquid
2652 890 2860 941 voluerit
2874 902 3028 953 agere.
3090 890 3227 940 itane

1671 971 1786 1009 vero
1804 993 1819 1020 ,
1851 960 2193 1023 Athenienses,
2212 974 2301 1023 ego
2330 960 2478 1012 exilio
2508 960 2685 1024 dignus
2714 962 2947 1025 habebor,
2984 962 3071 1025 qul
3092 973 3228 1010 mer-

1663 1030 1726 1079 tis
1759 1043 1900 1093 poma
1935 1031 2160 1095 indignus
2198 1031 2391 1084 babitus
2426 1032 2631 1083 merim?
2658 1033 2711 1083 in
2740 1032 2923 1095 iudicio
2950 1031 3229 1093 absolutum,

1665 1112 1796 1150 nunc
1811 1102 2015 1163 patriam
2030 1102 2191 1167 lugere
2202 1116 2365 1167 cogar.
2386 1102 2566 1153 indicta
2583 1106 2756 1154 causa?
2774 1117 2837 1155 ex
2856 1104 2931 1155 tot
2952 1101 3228 1153 cenenum-

1666 1171 1760 1223 bus
1799 1172 2067 1224 lorendbus
2095 1173 2251 1224 victor
2275 1176 2325 1226 et
2356 1172 2464 1237 jure
2492 1174 2691 1237 quidem
2718 1174 2901 1234 iactus,
2932 1186 3063 1223 nuuc
3096 1172 3161 1222 ob
3182 1170 3232 1222 id

1666 1240 1823 1305 ipsum
1859 1256 2027 1295 rursus
2052 1242 2197 1294 exilio
2228 1242 2498 1307 puniendus
2522 1243 2750 1293 videbor?
2814 1243 2911 1305 (37)
2941 1244 3084 1293 Forte
3103 1242 3233 1292 dicat

1668 1312 1866 1375 aliquis,
1903 1314 1957 1365 in
1996 1314 2090 1365 illis
2123 1312 2317 1377 judiciis
2356 1312 2581 1377 exiguam
2614 1314 2732 1365 mibi
2769 1316 3060 1364 commotam
3091 1312 3234 1363 fuisse

1667 1382 1902 1433 invidiam
1915 1420 1932 1443 ,
1949 1386 2253 1435 accusatores
2272 1384 2381 1434 tum
2398 1384 2715 1435 insurrexisse
2739 1382 3139 1445 contemnendos,
3170 1380 3235 1433 ab

1669 1454 1876 1505 inimicis
1893 1455 2083 1507 levibus
2094 1458 2147 1507 iu
2165 1456 2423 1511 discrimen
2448 1456 2717 1512 adductum
2736 1472 2817 1510 me
2830 1461 2939 1511 tu'm
2956 1459 3100 1510 ruisse
3117 1478 3131 1509 ι
3146 1456 3251 1524 ego'
3276 1470 3295 1507 ;

1669 1545 1786 1583 vero
1799 1532 1861 1583 ab
1877 1531 2084 1584 inimicis
2105 1534 2369 1598 exagitatus
2386 1536 2493 1585 tum
2508 1534 2577 1584 mi
2598 1535 2931 1587 valentissimls
2944 1538 2993 1588 et
3010 1535 3233 1587 monadia

1671 1609 1723 1659 et
1737 1622 1832 1659 usu
1853 1622 2019 1661 rerum
2041 1608 2359 1675 agendarum,
2375 1608 2460 1673 qui
2483 1609 2603 1661 alios
2620 1609 2770 1673 duos,
2797 1609 3011 1672 ejusdem
3041 1622 3235 1661 mecum

1673 1682 1888 1735 criminis
1920 1696 2057 1748 reos,
2081 1685 2237 1734 morte
2257 1682 2567 1734 damnarunt.
2636 1682 2775 1733 Haud
2798 1684 2960 1747 itaque
2985 1697 3074 1735 vos
3096 1682 3239 1737 decet

1674 1772 1756 1810 eos
1797 1759 2019 1811 homines
2064 1758 2239 1822 ejicere
2254 1794 2271 1821 ,
2305 1770 2453 1823 quos.
2493 1758 2719 1823 quamvis
2761 1758 2935 1822 saepius
2964 1759 3233 1821 accusatos,

1675 1833 1796 1885 nihil
1827 1835 1991 1885 tamen
2023 1833 2283 1899 deliquisse
2311 1832 2583 1896 reperistis3
2615 1831 2701 1884 sed
2730 1845 2842 1893 eos,
2872 1832 2959 1896 qui
2989 1830 3105 1883 vitae
3135 1845 3239 1883 suoe

1676 1906 1912 1959 rationem
1938 1908 2140 1960 reddere
2170 1906 2399 1973 postulati
2430 1907 2671 1957 recusant.
2737 1906 2839 1970 (38)
2873 1908 2966 1959 lies
2994 1906 3239 1959 enimvero

1677 1981 1868 2044 iniqua,
1895 1982 2041 2046 puto,
2067 1981 2167 2043 est,
2193 1994 2283 2031 vos
2312 1980 2511 2031 minime
2539 1980 2736 2045 quidem
2763 1982 2918 2043 serre,
2950 1981 2991 2033 si
3022 1982 3133 2047 quis
3156 1994 3237 2033 ca·

1677 2057 1790 2121 pitis
1821 2056 2169 2108 condemnatos
2197 2056 2508 2121 postmodum
2541 2056 2825 2120 defendere,
2857 2058 3027 2121 utpote
3056 2055 3239 2119 iniust-a
3265 2066 3277 2085 ··

1678 2131 1918 2181 sententia
1940 2132 2047 2182 neci
2081 2130 2313 2193 traditos,
2346 2130 2550 2194 audeat;
2582 2133 2753 2183 contra
2781 2132 2949 2183 autem
2982 2130 3241 2183 concedere

1679 2220 1767 2257 vos
1781 2244 1798 2270 ,
1815 2207 1858 2258 si
1874 2206 1983 2273 quis
1996 2207 2096 2271 iam
2110 2208 2357 2259 absolutos
2368 2206 2632 2259 eorundem
2650 2208 2906 2261 criminum
2934 2207 3109 2261 iterum
3125 2208 3243 2261 velit

1681 2284 1923 2335 incusare.
1951 2286 2121 2335 Nonne
2151 2282 2222 2333 ras
2246 2284 2320 2333 est
2344 2282 2406 2333 de
2429 2283 2554 2334 vivis
2580 2297 2670 2334 vos
2700 2283 2827 2334 idem
2854 2284 3002 2347 atque
3030 2282 3091 2333 de
3116 2295 3242 2333 mor·

1681 2359 1780 2411 tuis
1799 2360 2045 2411 statuere?
2105 2360 2205 2422 (39)
2220 2360 2369 2411 Decet
2392 2358 2588 2423 quidem
2610 2357 2932 2420 Alcibiadem,
2959 2358 3045 2420 ut,
3066 2369 3237 2421 quem·
3302 2352 3307 2359 ’

1682 2434 1947 2486 admodum
1971 2434 2073 2499 ipse
2104 2446 2262 2497 neque
2282 2434 2443 2497 legum
2478 2446 2637 2497 neque
2667 2431 2982 2495 iurisiurandi
3006 2432 3239 2483 rationem

1684 2511 1834 2561 ullam
1871 2508 2045 2570 babet,
2080 2508 2147 2558 ita
2181 2521 2270 2559 vos
2307 2521 2503 2573 quoque
2534 2509 2736 2559 conetur
2778 2507 2841 2557 ad
2886 2520 3046 2559 rerum
3068 2521 3237 2559 earum

1685 2586 1991 2637 violationem
2026 2583 2265 2634 adducere
2296 2603 2309 2635 ι
2354 2597 2501 2649 porro
2544 2586 2628 2646 ut,
2677 2582 3089 2647 quemadmodum
3125 2582 3244 2634 alios

1684 2662 1788 2712 aine
1811 2658 2136 2711 misericordia
2159 2658 2357 2723 expellit
2382 2660 2461 2711 vel
2497 2658 2701 2719 occidit,
2723 2658 2793 2708 ita
2828 2659 2929 2723 ipse
2953 2670 3043 2709 vos
3061 2658 3243 2723 suppli·

1685 2734 1954 2787 cationibus
1982 2734 2294 2797 lacrimisque
2322 2734 2681 2785 lamentabilem
2718 2732 2771 2783 in
2810 2732 3010 2783 modum
3040 2732 3243 2796 proruu-

1686 2808 1856 2861 dendis
1887 2811 2144 2873 expugnet.
2207 2813 2315 2862 Non
2352 2810 2503 2861 miror
2530 2810 2623 2861 boc
2662 2810 2714 2860 iu
2760 2821 2819 2860 eo
2834 2844 2851 2872 ,
2898 2810 2986 2872 qui
3032 2810 3245 2863 facinora

1685 2883 1941 2937 uberrimis
1970 2885 2113 2949 digua
2130 2886 2343 2937 lacrimis
2358 2886 2680 2951 perpetravit:
2702 2886 2753 2935 at
2778 2884 3111 2948 circumspicio
3132 2880 3243 2951 qui·

1687 2974 1802 3012 nam
1841 2964 1965 3024 sint,
2004 2976 2129 3027 quos
2153 2963 2311 3026 speret
2335 2975 2366 3012 a
2390 2974 2443 3012 se
2468 2959 2692 3026 precibus
2722 2958 3000 3011 flectendos.
3066 2960 3237 3025 Juulo·

1689 3038 1855 3087 resne?
1885 3048 2009 3100 quos
2039 3036 2169 3100 apud
2193 3035 2383 3100 plebem
2414 3036 2467 3087 iu
2502 3034 2733 3085 invidiam
2762 3034 2965 3085 adduxit
2993 3034 3245 3085 insolentia

1687 3126 1774 3165 sua
1801 3113 1851 3163 et
1870 3110 2227 3175 gymnasiorum
2264 3110 2576 3163 dissolutione
2608 3112 2757 3174 atque
2786 3110 2845 3161 iis
2873 3122 2985 3174 qun
3000 3110 3246 3173 iuventuti

1687 3202 1790 3240 suoe
1807 3185 1939 3239 baud
1954 3187 2288 3237 convenientia
2306 3199 2446 3249 agere
2469 3186 2607 3237 solet.
2672 3188 2801 3237 Num
2817 3186 3058 3237 seniores?
3073 3198 3104 3236 a
3122 3200 3249 3252 quo·

1689 3278 1798 3317 rum
1829 3262 2048 3314 moribus
2085 3276 2200 3313 suos
2230 3262 2399 3313 babuit
2429 3274 2578 3325 quam
2608 3260 2950 3325 dhsitissimoe,
2970 3264 3020 3313 et
3039 3276 3247 3327 quorum

1690 3338 1851 3390 studia
1875 3340 2178 3404 contempsit.
2246 3337 2346 3401 (40)
2368 3340 2534 3401 Neque
2552 3350 2669 3388 vero
2695 3336 2999 3389 solummodo
3030 3337 3248 3389 habenda

1689 3418 1763 3467 est
1779 3416 1990 3480 ipsorum
2010 3414 2315 3479 peccantium
2340 3414 2480 3475 ratio,
2496 3415 2553 3464 ut
2572 3413 2622 3463 hi
2638 3411 2822 3463 seilicet
2840 3426 3006 3475 poenas
3020 3413 3139 3464 dent
3154 3427 3249 3467 me·

1689 3488 1835 3554 ritas,
1865 3491 1953 3543 sed
1982 3491 2078 3541 boe
2108 3503 2305 3555 quoque
2324 3490 2643 3553 spectandum
2676 3490 2777 3553 est,
2799 3490 2854 3539 ut
2873 3489 3072 3554 reliqui,
3096 3505 3249 3555 quum

1689 3564 1850 3615 sontes
1865 3565 2009 3628 plecti
2028 3564 2196 3615 vident
2208 3600 2223 3627 ,
2248 3577 2307 3615 eo
2326 3563 2527 3627 iustitiae
2544 3566 2691 3628 atque
2708 3566 3041 3629 temperantiae
3060 3566 3249 3618 studio-

1690 3638 1840 3689 siores
1855 3639 2136 3690 reddantur.
2204 3640 2391 3699 Quodsi
2408 3654 2524 3705 ergo
2542 3652 2621 3691 me
2636 3640 2934 3705 expuleritis,
2946 3642 3251 3695 meticulosos

1692 3716 1873 3767 facietis
1899 3716 2034 3767 cives
2050 3717 2288 3781 optimos3
2307 3716 2383 3769 sin
2400 3720 2565 3769 autem
2584 3716 2877 3769 Alcibiadem
2910 3732 3050 3783 poena
3074 3720 3250 3773 allece-

1692 3791 1796 3842 ritis
1806 3829 1821 3856 ,
1839 3793 2173 3856 petulantibus
2190 3794 2422 3857 maiorem
2443 3794 2604 3858 legum
2617 3796 2935 3847 reverentiam
2950 3796 3187 3860 inlicietis.

1754 3873 1782 3920 ⁴
1793 3876 1808 3919 i
1819 3905 1834 3920 .
1855 3872 2081 3934 Superest
2096 3872 2153 3922 ut
2171 3884 2249 3922 res
2265 3884 2296 3922 a
2316 3884 2395 3922 me
2412 3874 2567 3935 gestas
2584 3872 2633 3921 iu
2656 3872 2939 3923 memoriam
2954 3874 3093 3925 vobis
3111 3887 3252 3926 revo-

1693 3962 1818 4001 cem.
1841 3950 2179 4014 Legationibus
2202 3951 2266 4001 ad
2286 3952 2564 4015 Thessalos,
2583 3951 2647 4001 ad
2662 3952 2972 4017 Macedonas,
2994 3954 3056 4003 ad
3072 3955 3252 4007 Molos·

1693 4045 1797 4097 sos,
1817 4032 1879 4083 ad
1896 4033 2189 4098 Thesprotos
2200 4070 2217 4098 ,
2238 4034 2289 4083 in
2312 4033 2499 4085 ltaliam
2521 4033 2729 4098 denique
2749 4034 3057 4098 siciliamque
3068 4036 3251 4088 obeun-

1694 4114 1793 4179 dis,
1816 4116 1953 4167 effeci
1997 4117 2055 4167 ut
2074 4116 2193 4167 alios
2229 4115 2517 4167 dissidentes
2546 4116 2685 4167 vobis
2720 4118 3105 4182 reconciliarem,
3136 4120 3256 4171 alios

1697 4200 1782 4265 qui
1811 4199 1954 4251 amici
1973 4200 2110 4251 vobis
2132 4200 2318 4262 esseut,
2336 4199 2387 4250 in
2406 4200 2502 4250 tide
2518 4199 2879 4260 confirmarem,
2902 4202 3021 4253 alios
3050 4203 3256 4269 denique

1696 4288 1760 4338 ab
1776 4284 1987 4337 hostium
1998 4285 2267 4336 vestrorum
2280 4282 2495 4347 partibus
2505 4294 2777 4335 evocarem.
2844 4283 3028 4341 Quodsi
3044 4288 3254 4351 optima.

1697 4370 1821 4422 tium
1839 4369 2169 4433 unusquisque
2184 4367 2310 4419 idem
2332 4366 2517 4419 fecisset
2528 4404 2544 4431 ,
2564 4380 2642 4417 nae
2666 4380 2933 4431 perpaucos
2954 4382 3086 4421 nunc
3113 4370 3259 4423 babe-

1700 4452 1816 4503 retis
1837 4452 2001 4502 hostes
2016 4453 2067 4503 et
2089 4450 2247 4502 socios
2262 4450 2401 4501 vobis
2421 4448 2687 4515 permultos
2714 4446 3103 4511 acquisivissetis.
3161 4450 3259 4513 (42)

1701 4534 1775 4583 De
1795 4530 2077 4582 muneribus
2097 4544 2128 4581 a
2145 4542 2225 4581 me
2240 4528 2380 4582 editis
2391 4529 2520 4593 piget
2538 4539 2945 4584 commemorare,
2975 4528 3069 4579 uisi
3092 4528 3259 4579 bacie-

1701 4627 1821 4677 nus,
1855 4614 1914 4664 ut
1938 4613 2063 4663 aiam
2080 4650 2096 4677 ,
2118 4612 2353 4676 imperata
2382 4624 2463 4662 ma
2496 4609 2722 4674 exsequi,
2754 4610 2977 4674 sumptus
3010 4610 3262 4661 facientem

1703 4712 1802 4751 nou
1820 4711 1880 4749 ex
1899 4697 2071 4747 aerario
2088 4696 2301 4761 publico,
2316 4694 2401 4747 sed
2418 4709 2447 4747 e
2462 4708 2515 4747 re
2532 4707 2640 4745 mea
2657 4692 2861 4758 privata.
2925 4694 3163 4745 Victorias
3182 4708 3261 4746 re·

1699 4782 1918 4847 portavi,
1936 4794 2083 4831 unam
2099 4780 2244 4831 titulo
2262 4777 2553 4830 tortitudinis
2566 4777 2717 4828 virilis
2727 4813 2744 4840 ,
2760 4778 2903 4827 aliam
2922 4776 2973 4827 in
2988 4789 3132 4827 cursu
3149 4790 3261 4827 cum

1707 4866 1894 4919 facibus
1915 4864 2226 4925 ardentibus,
2244 4864 2439 4915 tertiam
2466 4863 2517 4913 lu
2534 4861 2695 4913 choris
2713 4860 2931 4925 tragicis,
2958 4873 3056 4911 uon
3075 4860 3266 4911 credens

1707 4943 2065 5007 anticboregos,
2084 4955 2244 5007 neque
2265 4942 2439 5006 pudori
2461 4940 2578 4991 mibi
2602 4939 2786 4991 ducens
2800 4976 2817 5003 ,
2838 4952 2916 4991 me
2932 4941 3093 4991 miuus
3118 4952 3263 5004 quam

1709 5028 1838 5091 leges
1851 5026 2028 5077 valere.
2094 5023 2234 5076 Tales
2247 5036 2334 5088 ego
2347 5023 2477 5074 cives
2499 5020 2652 5073 multo
2675 5022 2751 5073 aio
2774 5034 2877 5073 esse
2895 5020 3131 5085 digniores
3143 5057 3162 5085 ,
3180 5020 3263 5085 qui

1711 5106 1762 5157 in
1785 5104 1908 5156 urbe
1929 5116 2122 5156 manere
2138 5114 2287 5170 quam
2303 5101 2389 5168 qui
2407 5100 2641 5171 emigrare
2652 5098 2933 5167 jubeantur.

1392 5364 1957 5399 4—-
