<?xml version="1.0" encoding="UTF-8"?>
<!DOCTYPE html PUBLIC "-//W3C//DTD XHTML 1.0 Transitional//EN"
    "http://www.w3.org/TR/xhtml1/DTD/xhtml1-transitional.dtd">
<html xmlns="http://www.w3.org/1999/xhtml" xml:lang="en" lang="en">
 <head>
  <title>
</title>
<meta http-equiv="Content-Type" content="text/html;charset=utf-8" />
  <meta name='ocr-system' content='tesseract 3.04.00' />
  <meta name='ocr-capabilities' content='ocr_page ocr_carea ocr_par ocr_line ocrx_word'/>
</head>
<body>
  <div class='ocr_page' id='page_1' title='image "./oratoresatticia03unkngoog/oratoresatticia03unkngoog_0066.png"; bbox 0 0 3825 5842; ppageno 0'>
   <div class='ocr_carea' id='block_1_1' title="bbox 500 512 2841 583">
    <p class='ocr_par' dir='ltr' id='par_1_1' title="bbox 500 512 2841 583">
     <span class='ocr_line' id='line_1_1' title="bbox 500 512 2841 583; baseline -0.003 -2"><span class='ocrx_word' id='word_1_1' title='bbox 500 529 576 583; x_wconf 73' lang='lat'><strong>5²</strong></span> <span class='ocrx_word' id='word_1_2' title='bbox 1377 513 1815 575; x_wconf 69' lang='lat' dir='ltr'><strong>Auaoxlaor</strong></span> <span class='ocrx_word' id='word_1_3' title='bbox 1853 516 1906 575; x_wconf 89' lang='lat'>0</span> <span class='ocrx_word' id='word_1_4' title='bbox 1949 515 2135 575; x_wconf 79' lang='grc' dir='ltr'><strong>ΠΕΡΙ</strong></span> <span class='ocrx_word' id='word_1_5' title='bbox 2174 514 2327 577; x_wconf 78' lang='grc' dir='ltr'><strong>ΤΩΝ</strong></span> <span class='ocrx_word' id='word_1_6' title='bbox 2372 512 2841 575; x_wconf 79' lang='grc' dir='ltr'>ΜΥΣΤΗΡῙΩΝ.</span> 
     </span>
    </p>
   </div>
   <div class='ocr_carea' id='block_1_2' title="bbox 3470 481 3691 569">
    <p class='ocr_par' dir='ltr' id='par_1_2' title="bbox 3470 481 3691 569">
     <span class='ocr_line' id='line_1_2' title="bbox 3470 481 3691 569; baseline -0.036 -12"><span class='ocrx_word' id='word_1_7' title='bbox 3470 481 3691 569; x_wconf 65' lang='grc' dir='ltr'>(ιι-ιι)</span> 
     </span>
    </p>
   </div>
   <div class='ocr_carea' id='block_1_3' title="bbox 493 644 3703 819">
    <p class='ocr_par' dir='ltr' id='par_1_3' title="bbox 493 644 3703 819">
     <span class='ocr_line' id='line_1_3' title="bbox 493 644 3702 733; baseline -0.003 -20"><span class='ocrx_word' id='word_1_8' title='bbox 493 652 666 733; x_wconf 81' lang='grc' dir='ltr'>μένειν</span> <span class='ocrx_word' id='word_1_9' title='bbox 693 650 730 725; x_wconf 80' lang='grc' dir='ltr'><strong>ἣ</strong></span> <span class='ocrx_word' id='word_1_10' title='bbox 763 646 1118 730; x_wconf 77' lang='grc' dir='ltr'>ἐγγυήσασθαι</span> <span class='ocrx_word' id='word_1_11' title='bbox 1133 694 1150 724; x_wconf 93' lang='grc'>,</span> <span class='ocrx_word' id='word_1_12' title='bbox 1193 646 1311 708; x_wconf 86' lang='grc' dir='ltr'>ἀλλ’</span> <span class='ocrx_word' id='word_1_13' title='bbox 1335 646 1430 705; x_wconf 80' lang='grc' dir='ltr'><strong>οὔκ</strong></span> <span class='ocrx_word' id='word_1_14' title='bbox 1451 644 1516 706; x_wconf 73' lang='grc' dir='ltr'><strong>ἂν</strong></span> <span class='ocrx_word' id='word_1_15' title='bbox 1550 650 1921 728; x_wconf 81' lang='grc' dir='ltr'>παραιτεῖσθαι</span> <span class='ocrx_word' id='word_1_16' title='bbox 1954 646 2057 707; x_wconf 76' lang='grc' dir='ltr'>καὶ·</span> <span class='ocrx_word' id='word_1_17' title='bbox 2138 667 2219 705; x_wconf 84' lang='lat' dir='ltr'><strong>ros</strong></span> <span class='ocrx_word' id='word_1_18' title='bbox 2238 654 2383 705; x_wconf 67' lang='lat' dir='ltr'><strong>suine</strong></span> <span class='ocrx_word' id='word_1_19' title='bbox 2394 654 2577 705; x_wconf 84' lang='lat' dir='ltr'><strong>amicos</strong></span> <span class='ocrx_word' id='word_1_20' title='bbox 2596 666 2711 705; x_wconf 85' lang='lat' dir='ltr'><strong>eum</strong></span> <span class='ocrx_word' id='word_1_21' title='bbox 2728 664 2922 704; x_wconf 86' lang='lat' dir='ltr'><strong>manere</strong></span> <span class='ocrx_word' id='word_1_22' title='bbox 2936 652 3023 701; x_wconf 84' lang='lat' dir='ltr'><strong>aut</strong></span> <span class='ocrx_word' id='word_1_23' title='bbox 3038 650 3168 717; x_wconf 74' lang='lat' dir='ltr'><strong>ipsos</strong></span> <span class='ocrx_word' id='word_1_24' title='bbox 3179 649 3389 702; x_wconf 70' lang='lat' dir='ltr'><strong>voluioee</strong></span> <span class='ocrx_word' id='word_1_25' title='bbox 3404 650 3702 715; x_wconf 72' lang='lat' dir='ltr'><strong>fficium-es</strong></span> 
     </span>
     <span class='ocr_line' id='line_1_4' title="bbox 493 729 3703 819; baseline -0.004 -15"><span class='ocrx_word' id='word_1_26' title='bbox 493 746 692 803; x_wconf 83' lang='grc' dir='ltr'>δεῖσθαι</span> <span class='ocrx_word' id='word_1_27' title='bbox 715 738 926 800; x_wconf 78' lang='grc' dir='ltr'>ἀπιέναι</span> <span class='ocrx_word' id='word_1_28' title='bbox 945 738 1075 800; x_wconf 77' lang='grc' dir='ltr'>ὅπου</span> <span class='ocrx_word' id='word_1_29' title='bbox 1097 741 1162 801; x_wconf 74' lang='grc' dir='ltr'><strong>ἂν</strong></span> <span class='ocrx_word' id='word_1_30' title='bbox 1181 739 1396 819; x_wconf 84' lang='grc' dir='ltr'>ἔμελλεν</span> <span class='ocrx_word' id='word_1_31' title='bbox 1417 736 1570 804; x_wconf 80' lang='grc' dir='ltr'>αὐτὸς</span> <span class='ocrx_word' id='word_1_32' title='bbox 1598 735 1925 808; x_wconf 82' lang='grc' dir='ltr'>σωθήσεσθαι</span> <span class='ocrx_word' id='word_1_33' title='bbox 1953 733 2047 813; x_wconf 85' lang='grc' dir='ltr'><strong>ἐμέ</strong></span> <span class='ocrx_word' id='word_1_34' title='bbox 2144 732 2247 795; x_wconf 71' lang='lat'><strong>‘1⁸⁰⁸</strong></span> <span class='ocrx_word' id='word_1_35' title='bbox 2268 732 2399 796; x_wconf 66' lang='lat' dir='ltr'><strong>fleri»</strong></span> <span class='ocrx_word' id='word_1_36' title='bbox 2423 736 2473 783; x_wconf 66' lang='grc' dir='ltr'><strong>θῑ</strong></span> <span class='ocrx_word' id='word_1_37' title='bbox 2498 732 2777 806; x_wconf 47' lang='lat' dir='ltr'><strong>mulla-3¹¹³</strong></span> <span class='ocrx_word' id='word_1_38' title='bbox 2798 744 2913 781; x_wconf 64' lang='lat' dir='ltr'><strong>eum</strong></span> <span class='ocrx_word' id='word_1_39' title='bbox 2932 729 3271 781; x_wconf 59' lang='lat' dir='ltr'><strong>(mmmmm</strong></span> <span class='ocrx_word' id='word_1_40' title='bbox 3298 729 3447 780; x_wconf 60' lang='lat' dir='ltr'><strong>‘⁰5⁸⁸ss</strong></span> <span class='ocrx_word' id='word_1_41' title='bbox 3462 732 3615 793; x_wconf 54' lang='lat' dir='ltr'><strong>“que</strong></span> <span class='ocrx_word' id='word_1_42' title='bbox 3628 744 3703 779; x_wconf 70' lang='grc' dir='ltr'><strong>Ν·</strong></span> 
     </span>
    </p>
   </div>
   <div class='ocr_carea' id='block_1_4' title="bbox 413 823 2060 5422">
    <p class='ocr_par' dir='ltr' id='par_1_4' title="bbox 413 823 2057 3213">
     <span class='ocr_line' id='line_1_5' title="bbox 417 823 2049 910; baseline -0.011 -10"><span class='ocrx_word' id='word_1_43' title='bbox 417 859 468 899; x_wconf 80' lang='lat' dir='ltr'><strong>to</strong></span> <span class='ocrx_word' id='word_1_44' title='bbox 489 858 546 896; x_wconf 87' lang='grc' dir='ltr'><strong>τε</strong></span> <span class='ocrx_word' id='word_1_45' title='bbox 591 834 686 891; x_wconf 85' lang='grc' dir='ltr'><strong>οὗκ</strong></span> <span class='ocrx_word' id='word_1_46' title='bbox 715 829 960 907; x_wconf 83' lang='grc' dir='ltr'>ἀπολεῖν;</span> <span class='ocrx_word' id='word_1_47' title='bbox 999 830 1088 910; x_wconf 73' lang='lat'><strong>(22)</strong></span> <span class='ocrx_word' id='word_1_48' title='bbox 1127 828 1286 891; x_wconf 77' lang='grc' dir='ltr'>Ἀλλὰ</span> <span class='ocrx_word' id='word_1_49' title='bbox 1309 824 1414 907; x_wconf 73' lang='grc' dir='ltr'><strong>γὰρ</strong></span> <span class='ocrx_word' id='word_1_50' title='bbox 1443 824 1534 885; x_wconf 80' lang='grc' dir='ltr'><strong>καὶ</strong></span> <span class='ocrx_word' id='word_1_51' title='bbox 1581 824 1670 883; x_wconf 75' lang='grc' dir='ltr'><strong>ὅτε</strong></span> <span class='ocrx_word' id='word_1_52' title='bbox 1708 823 2049 884; x_wconf 72' lang='grc' dir='ltr'>Σπεύσιππον</span> 
     </span>
     <span class='ocr_line' id='line_1_6' title="bbox 491 912 2051 999; baseline -0.008 -17"><span class='ocrx_word' id='word_1_53' title='bbox 491 922 704 983; x_wconf 75' lang='grc' dir='ltr'>ἐδίωκεν</span> <span class='ocrx_word' id='word_1_54' title='bbox 725 924 754 978; x_wconf 80' lang='grc' dir='ltr'><strong><em>ὃ</em></strong></span> <span class='ocrx_word' id='word_1_55' title='bbox 773 916 952 999; x_wconf 75' lang='grc' dir='ltr'>πατὴρ</span> <span class='ocrx_word' id='word_1_56' title='bbox 983 922 1088 977; x_wconf 78' lang='grc' dir='ltr'><strong>τῶν</strong></span> <span class='ocrx_word' id='word_1_57' title='bbox 1115 914 1464 999; x_wconf 85' lang='grc' dir='ltr'>παρανόμων,</span> <span class='ocrx_word' id='word_1_58' title='bbox 1491 912 1626 972; x_wconf 76' lang='grc' dir='ltr'>αὐτὰ</span> <span class='ocrx_word' id='word_1_59' title='bbox 1649 917 1818 971; x_wconf 89' lang='grc' dir='ltr'>ταῦτα</span> <span class='ocrx_word' id='word_1_60' title='bbox 1841 912 2016 991; x_wconf 83' lang='grc' dir='ltr'>ἔλεγεν</span> <span class='ocrx_word' id='word_1_61' title='bbox 2033 957 2051 986; x_wconf 92' lang='grc'>,</span> 
     </span>
     <span class='ocr_line' id='line_1_7' title="bbox 491 998 2049 1082; baseline -0.008 -12"><span class='ocrx_word' id='word_1_62' title='bbox 491 1016 564 1079; x_wconf 81' lang='grc' dir='ltr'><strong>ὡς</strong></span> <span class='ocrx_word' id='word_1_63' title='bbox 597 1006 930 1069; x_wconf 78' lang='grc' dir='ltr'>οὗδεπώποτε</span> <span class='ocrx_word' id='word_1_64' title='bbox 957 1004 1096 1067; x_wconf 74' lang='grc' dir='ltr'>ἔλθοι</span> <span class='ocrx_word' id='word_1_65' title='bbox 1117 1010 1189 1073; x_wconf 78' lang='grc' dir='ltr'><strong>εἰς</strong></span> <span class='ocrx_word' id='word_1_66' title='bbox 1210 1000 1472 1081; x_wconf 73' lang='grc' dir='ltr'>Θημακὸν</span> <span class='ocrx_word' id='word_1_67' title='bbox 1491 1004 1561 1069; x_wconf 79' lang='grc' dir='ltr'><strong>ὣς</strong></span> <span class='ocrx_word' id='word_1_68' title='bbox 1582 1000 1856 1082; x_wconf 79' lang='grc' dir='ltr'>Φερεκλέα</span> <span class='ocrx_word' id='word_1_69' title='bbox 1875 1020 1890 1034; x_wconf 91' lang='grc'><em>·</em></span> <span class='ocrx_word' id='word_1_70' title='bbox 1936 998 2049 1059; x_wconf 86' lang='grc' dir='ltr'>ἐκέ-</span> 
     </span>
     <span class='ocr_line' id='line_1_8' title="bbox 487 1086 2050 1177; baseline -0.008 -17"><span class='ocrx_word' id='word_1_71' title='bbox 487 1105 607 1160; x_wconf 77' lang='grc' dir='ltr'>λευε</span> <span class='ocrx_word' id='word_1_72' title='bbox 625 1096 682 1157; x_wconf 81' lang='grc' dir='ltr'><strong>δὲ</strong></span> <span class='ocrx_word' id='word_1_73' title='bbox 715 1095 995 1177; x_wconf 74' lang='grc' dir='ltr'>βασανίσαι</span> <span class='ocrx_word' id='word_1_74' title='bbox 1021 1096 1090 1155; x_wconf 78' lang='grc' dir='ltr'><strong>τὰ</strong></span> <span class='ocrx_word' id='word_1_75' title='bbox 1109 1092 1438 1176; x_wconf 78' lang='grc' dir='ltr'>ἀνδράποδα,</span> <span class='ocrx_word' id='word_1_76' title='bbox 1465 1092 1556 1150; x_wconf 81' lang='grc' dir='ltr'><strong>καὶ</strong></span> <span class='ocrx_word' id='word_1_77' title='bbox 1585 1090 1660 1168; x_wconf 78' lang='grc' dir='ltr'><strong>μὴ</strong></span> <span class='ocrx_word' id='word_1_78' title='bbox 1677 1090 1793 1157; x_wconf 81' lang='grc' dir='ltr'>τοὺς</span> <span class='ocrx_word' id='word_1_79' title='bbox 1819 1086 1913 1168; x_wconf 75' lang='grc' dir='ltr'><strong>μὲν</strong></span> <span class='ocrx_word' id='word_1_80' title='bbox 1943 1113 2050 1149; x_wconf 88' lang='grc' dir='ltr'><strong>πα-</strong></span> 
     </span>
     <span class='ocr_line' id='line_1_9' title="bbox 490 1176 2052 1273; baseline -0.008 -25"><span class='ocrx_word' id='word_1_81' title='bbox 490 1184 792 1273; x_wconf 87' lang='grc' dir='ltr'>ραδιδόντας</span> <span class='ocrx_word' id='word_1_82' title='bbox 821 1182 896 1263; x_wconf 76' lang='grc' dir='ltr'><strong>μὴ</strong></span> <span class='ocrx_word' id='word_1_83' title='bbox 921 1186 1111 1244; x_wconf 86' lang='grc' dir='ltr'>ἐθέλειν</span> <span class='ocrx_word' id='word_1_84' title='bbox 1145 1182 1377 1261; x_wconf 77' lang='grc' dir='ltr'>ἐλέγχειν</span> <span class='ocrx_word' id='word_1_85' title='bbox 1391 1224 1410 1259; x_wconf 81' lang='lat'><strong>,</strong></span> <span class='ocrx_word' id='word_1_86' title='bbox 1455 1176 1573 1245; x_wconf 75' lang='grc' dir='ltr'>τοὺς</span> <span class='ocrx_word' id='word_1_87' title='bbox 1608 1177 1663 1235; x_wconf 83' lang='grc' dir='ltr'><strong>δὲ</strong></span> <span class='ocrx_word' id='word_1_88' title='bbox 1689 1176 1764 1255; x_wconf 78' lang='grc' dir='ltr'><strong>μὴ</strong></span> <span class='ocrx_word' id='word_1_89' title='bbox 1793 1176 2052 1243; x_wconf 79' lang='grc' dir='ltr'>’θέλοντας</span> 
     </span>
     <span class='ocr_line' id='line_1_10' title="bbox 492 1266 2051 1353; baseline -0.008 -18"><span class='ocrx_word' id='word_1_90' title='bbox 492 1274 820 1353; x_wconf 76' lang='grc' dir='ltr'>ἀναγκάζειν.</span> <span class='ocrx_word' id='word_1_91' title='bbox 901 1275 1092 1333; x_wconf 88' lang='grc' dir='ltr'>Ταῦτα</span> <span class='ocrx_word' id='word_1_92' title='bbox 1117 1271 1171 1332; x_wconf 83' lang='grc' dir='ltr'><strong>δὲ</strong></span> <span class='ocrx_word' id='word_1_93' title='bbox 1189 1269 1426 1347; x_wconf 89' lang='grc' dir='ltr'>λε’γοντος</span> <span class='ocrx_word' id='word_1_94' title='bbox 1453 1272 1545 1326; x_wconf 87' lang='grc' dir='ltr'><strong>τοῦ</strong></span> <span class='ocrx_word' id='word_1_95' title='bbox 1563 1266 1757 1347; x_wconf 76' lang='grc' dir='ltr'>πατρὸς</span> <span class='ocrx_word' id='word_1_96' title='bbox 1774 1270 1864 1325; x_wconf 90' lang='grc' dir='ltr'><strong>τοῦ</strong></span> <span class='ocrx_word' id='word_1_97' title='bbox 1892 1268 2019 1343; x_wconf 89' lang='grc' dir='ltr'>ἐμοῦ</span> <span class='ocrx_word' id='word_1_98' title='bbox 2034 1310 2051 1342; x_wconf 88' lang='grc'>,</span> 
     </span>
     <span class='ocr_line' id='line_1_11' title="bbox 490 1352 2050 1438; baseline -0.007 -16"><span class='ocrx_word' id='word_1_99' title='bbox 490 1368 562 1431; x_wconf 80' lang='grc' dir='ltr'><strong>ὣς</strong></span> <span class='ocrx_word' id='word_1_100' title='bbox 583 1362 808 1429; x_wconf 72' lang='grc' dir='ltr'>ἅπαντες</span> <span class='ocrx_word' id='word_1_101' title='bbox 823 1360 936 1420; x_wconf 83' lang='grc' dir='ltr'>ἴστε</span> <span class='ocrx_word' id='word_1_102' title='bbox 955 1405 974 1438; x_wconf 85' lang='grc'>,</span> <span class='ocrx_word' id='word_1_103' title='bbox 1002 1360 1054 1420; x_wconf 77' lang='grc' dir='ltr'><strong>τί</strong></span> <span class='ocrx_word' id='word_1_104' title='bbox 1077 1357 1382 1419; x_wconf 75' lang='grc' dir='ltr'>ὑπελείπετο</span> <span class='ocrx_word' id='word_1_105' title='bbox 1407 1357 1484 1413; x_wconf 77' lang='grc' dir='ltr'><strong>τῶ</strong></span> <span class='ocrx_word' id='word_1_106' title='bbox 1514 1352 1841 1435; x_wconf 85' lang='grc' dir='ltr'>Σπευσίππῳ</span> <span class='ocrx_word' id='word_1_107' title='bbox 1857 1353 2050 1430; x_wconf 82' lang='grc' dir='ltr'>λέγειν,</span> 
     </span>
     <span class='ocr_line' id='line_1_12' title="bbox 413 1414 2053 1529; baseline -0.009 -17"><span class='ocrx_word' id='word_1_108' title='bbox 413 1472 462 1511; x_wconf 74' lang='grc' dir='ltr'><strong>ιε</strong></span> <span class='ocrx_word' id='word_1_109' title='bbox 489 1454 536 1511; x_wconf 80' lang='grc' dir='ltr'><strong>εἷ</strong></span> <span class='ocrx_word' id='word_1_110' title='bbox 557 1453 728 1523; x_wconf 76' lang='grc' dir='ltr'>ἀληθῆ</span> <span class='ocrx_word' id='word_1_111' title='bbox 741 1448 848 1509; x_wconf 70' lang='grc' dir='ltr'>οἵδε</span> <span class='ocrx_word' id='word_1_112' title='bbox 873 1448 1142 1529; x_wconf 86' lang='grc' dir='ltr'>λέγουσιν,</span> <span class='ocrx_word' id='word_1_113' title='bbox 1168 1446 1284 1505; x_wconf 81' lang='grc' dir='ltr'>ἀλλ’</span> <span class='ocrx_word' id='word_1_114' title='bbox 1323 1444 1358 1515; x_wconf 81' lang='grc' dir='ltr'>ἢ</span> <span class='ocrx_word' id='word_1_115' title='bbox 1379 1472 1402 1495; x_wconf 76' lang='grc' dir='ltr'>ι</span> <span class='ocrx_word' id='word_1_116' title='bbox 1431 1414 1511 1503; x_wconf 64' lang='lat' dir='ltr'><strong>³⁹ss</strong></span> <span class='ocrx_word' id='word_1_117' title='bbox 1555 1442 1834 1522; x_wconf 85' lang='grc' dir='ltr'>Λεωγόρα,</span> <span class='ocrx_word' id='word_1_118' title='bbox 1859 1441 1912 1499; x_wconf 83' lang='grc' dir='ltr'><strong>τί</strong></span> <span class='ocrx_word' id='word_1_119' title='bbox 1934 1440 2053 1521; x_wconf 87' lang='grc' dir='ltr'>βού-</span> 
     </span>
     <span class='ocr_line' id='line_1_13' title="bbox 488 1529 2052 1620; baseline -0.01 -19"><span class='ocrx_word' id='word_1_120' title='bbox 488 1542 570 1601; x_wconf 87' lang='grc' dir='ltr'><strong>λει</strong></span> <span class='ocrx_word' id='word_1_121' title='bbox 596 1538 719 1620; x_wconf 75' lang='grc' dir='ltr'>περὶ</span> <span class='ocrx_word' id='word_1_122' title='bbox 741 1536 1066 1617; x_wconf 78' lang='grc' dir='ltr'>θεραπόντων</span> <span class='ocrx_word' id='word_1_123' title='bbox 1103 1534 1307 1615; x_wconf 85' lang='grc' dir='ltr'>λέγειν;</span> <span class='ocrx_word' id='word_1_124' title='bbox 1336 1534 1434 1611; x_wconf 79' lang='grc' dir='ltr'>οὐχ</span> <span class='ocrx_word' id='word_1_125' title='bbox 1459 1536 1488 1590; x_wconf 79' lang='grc' dir='ltr'>ὁ</span> <span class='ocrx_word' id='word_1_126' title='bbox 1531 1530 1636 1609; x_wconf 67' lang='lat' dir='ltr'><strong>pto&lt;</strong></span> <span class='ocrx_word' id='word_1_127' title='bbox 1658 1529 1833 1589; x_wconf 74' lang='grc' dir='ltr'>οὑτοσὶ</span> <span class='ocrx_word' id='word_1_128' title='bbox 1877 1530 2052 1607; x_wconf 83' lang='grc' dir='ltr'>μεμή-</span> 
     </span>
     <span class='ocr_line' id='line_1_14' title="bbox 491 1622 2051 1706; baseline -0.007 -19"><span class='ocrx_word' id='word_1_129' title='bbox 491 1644 612 1688; x_wconf 82' lang='grc' dir='ltr'>νυκε</span> <span class='ocrx_word' id='word_1_130' title='bbox 658 1627 797 1687; x_wconf 73' lang='grc' dir='ltr'>κατὰ</span> <span class='ocrx_word' id='word_1_131' title='bbox 843 1630 936 1685; x_wconf 89' lang='grc' dir='ltr'><strong>σοῦ</strong></span> <span class='ocrx_word' id='word_1_132' title='bbox 953 1668 971 1700; x_wconf 90' lang='grc'>,</span> <span class='ocrx_word' id='word_1_133' title='bbox 1007 1626 1098 1683; x_wconf 79' lang='grc' dir='ltr'><strong>καὶ</strong></span> <span class='ocrx_word' id='word_1_134' title='bbox 1143 1622 1270 1706; x_wconf 85' lang='grc' dir='ltr'>φησί</span> <span class='ocrx_word' id='word_1_135' title='bbox 1301 1642 1362 1680; x_wconf 87' lang='grc' dir='ltr'><strong>σε</strong></span> <span class='ocrx_word' id='word_1_136' title='bbox 1400 1627 1644 1701; x_wconf 85' lang='grc' dir='ltr'>παρεῖναι</span> <span class='ocrx_word' id='word_1_137' title='bbox 1678 1622 1732 1679; x_wconf 89' lang='grc' dir='ltr'><strong>ἐν</strong></span> <span class='ocrx_word' id='word_1_138' title='bbox 1780 1622 2051 1697; x_wconf 71' lang='grc' dir='ltr'>Θημακῷς</span> 
     </span>
     <span class='ocr_line' id='line_1_15' title="bbox 493 1705 2053 1795; baseline -0.006 -21"><span class='ocrx_word' id='word_1_139' title='bbox 493 1715 678 1795; x_wconf 78' lang='grc' dir='ltr'>ἔλεγχε</span> <span class='ocrx_word' id='word_1_140' title='bbox 701 1713 765 1773; x_wconf 77' lang='grc' dir='ltr'>σὺ</span> <span class='ocrx_word' id='word_1_141' title='bbox 802 1712 890 1772; x_wconf 83' lang='grc' dir='ltr'><strong>τὸν</strong></span> <span class='ocrx_word' id='word_1_142' title='bbox 908 1712 1142 1795; x_wconf 79' lang='grc' dir='ltr'>πατέρα,</span> <span class='ocrx_word' id='word_1_143' title='bbox 1169 1710 1204 1782; x_wconf 85' lang='grc' dir='ltr'><strong>ἢ</strong></span> <span class='ocrx_word' id='word_1_144' title='bbox 1223 1712 1318 1769; x_wconf 81' lang='grc' dir='ltr'><strong>οὐκ</strong></span> <span class='ocrx_word' id='word_1_145' title='bbox 1341 1706 1452 1767; x_wconf 75' lang='grc' dir='ltr'>ἔστι</span> <span class='ocrx_word' id='word_1_146' title='bbox 1480 1730 1560 1765; x_wconf 88' lang='grc' dir='ltr'><strong>σοι</strong></span> <span class='ocrx_word' id='word_1_147' title='bbox 1584 1705 1752 1765; x_wconf 80' lang='grc' dir='ltr'>ἄδεια.</span> <span class='ocrx_word' id='word_1_148' title='bbox 1769 1732 1796 1759; x_wconf 73' lang='grc' dir='ltr'><strong>ι</strong></span> <span class='ocrx_word' id='word_1_149' title='bbox 1879 1705 2053 1767; x_wconf 78' lang='grc' dir='ltr'>Ταυτὶ</span> 
     </span>
     <span class='ocr_line' id='line_1_16' title="bbox 493 1789 2051 1881; baseline -0.006 -19"><span class='ocrx_word' id='word_1_150' title='bbox 493 1804 669 1881; x_wconf 74' lang='grc' dir='ltr'>ἔλεγεν</span> <span class='ocrx_word' id='word_1_151' title='bbox 694 1801 758 1860; x_wconf 77' lang='grc' dir='ltr'><strong>ἃν</strong></span> <span class='ocrx_word' id='word_1_152' title='bbox 781 1805 810 1861; x_wconf 79' lang='grc' dir='ltr'><strong>ὁ</strong></span> <span class='ocrx_word' id='word_1_153' title='bbox 849 1800 1220 1873; x_wconf 85' lang='grc' dir='ltr'>Σπεύσιππος,</span> <span class='ocrx_word' id='word_1_154' title='bbox 1243 1789 1288 1857; x_wconf 70' lang='grc' dir='ltr'><em>ὦ</em></span> <span class='ocrx_word' id='word_1_155' title='bbox 1317 1796 1523 1878; x_wconf 78' lang='grc' dir='ltr'>ἄνδρες·</span> <span class='ocrx_word' id='word_1_156' title='bbox 1601 1793 1637 1867; x_wconf 79' lang='grc' dir='ltr'>ἢ</span> <span class='ocrx_word' id='word_1_157' title='bbox 1675 1794 1768 1870; x_wconf 70' lang='grc' dir='ltr'>οὗ,</span> <span class='ocrx_word' id='word_1_158' title='bbox 1803 1794 1908 1874; x_wconf 83' lang='grc' dir='ltr'><strong>ἐγὼ</strong></span> <span class='ocrx_word' id='word_1_159' title='bbox 1956 1795 2051 1873; x_wconf 78' lang='grc' dir='ltr'><strong>μὲν</strong></span> 
     </span>
     <span class='ocr_line' id='line_1_17' title="bbox 493 1882 2053 1971; baseline -0.006 -21"><span class='ocrx_word' id='word_1_160' title='bbox 493 1882 666 1970; x_wconf 75' lang='grc' dir='ltr'>οἶμαι.</span> <span class='ocrx_word' id='word_1_161' title='bbox 725 1888 812 1971; x_wconf 73' lang='lat'>(23)</span> <span class='ocrx_word' id='word_1_162' title='bbox 841 1892 906 1951; x_wconf 80' lang='lat' dir='ltr'><strong>Et</strong></span> <span class='ocrx_word' id='word_1_163' title='bbox 934 1888 1106 1949; x_wconf 85' lang='grc' dir='ltr'>τοίνυν</span> <span class='ocrx_word' id='word_1_164' title='bbox 1127 1886 1318 1961; x_wconf 71' lang='grc' dir='ltr'>ἀνέδην</span> <span class='ocrx_word' id='word_1_165' title='bbox 1347 1885 1436 1945; x_wconf 75' lang='grc' dir='ltr'><strong>ἐπὶ</strong></span> <span class='ocrx_word' id='word_1_166' title='bbox 1452 1884 1785 1966; x_wconf 72' lang='grc' dir='ltr'>δικαστήριον</span> <span class='ocrx_word' id='word_1_167' title='bbox 1807 1930 1822 1959; x_wconf 93' lang='grc'>,</span> <span class='ocrx_word' id='word_1_168' title='bbox 1845 1882 1880 1955; x_wconf 83' lang='grc' dir='ltr'>ἢ</span> <span class='ocrx_word' id='word_1_169' title='bbox 1903 1884 2053 1964; x_wconf 83' lang='grc' dir='ltr'>λόγος</span> 
     </span>
     <span class='ocr_line' id='line_1_18' title="bbox 495 1970 2051 2059; baseline -0.005 -20"><span class='ocrx_word' id='word_1_170' title='bbox 495 2002 572 2047; x_wconf 87' lang='grc' dir='ltr'><strong>τις</strong></span> <span class='ocrx_word' id='word_1_171' title='bbox 608 1979 728 2059; x_wconf 80' lang='grc' dir='ltr'>περὶ</span> <span class='ocrx_word' id='word_1_172' title='bbox 747 1980 872 2056; x_wconf 87' lang='grc' dir='ltr'>ἐμοῦ</span> <span class='ocrx_word' id='word_1_173' title='bbox 905 1978 1134 2055; x_wconf 88' lang='grc' dir='ltr'>ἐγένετο,</span> <span class='ocrx_word' id='word_1_174' title='bbox 1157 1975 1192 2047; x_wconf 80' lang='grc' dir='ltr'>ἢ</span> <span class='ocrx_word' id='word_1_175' title='bbox 1219 1972 1437 2056; x_wconf 80' lang='grc' dir='ltr'>μήνυσίς</span> <span class='ocrx_word' id='word_1_176' title='bbox 1462 1997 1539 2042; x_wconf 88' lang='grc' dir='ltr'><strong>τις</strong></span> <span class='ocrx_word' id='word_1_177' title='bbox 1569 1972 1672 2052; x_wconf 80' lang='grc' dir='ltr'><strong>ἐμή</strong></span> <span class='ocrx_word' id='word_1_178' title='bbox 1703 1970 1892 2045; x_wconf 77' lang='grc' dir='ltr'>ἐστινῆ</span> <span class='ocrx_word' id='word_1_179' title='bbox 1915 1974 2051 2032; x_wconf 85' lang='grc' dir='ltr'>ἀπο-</span> 
     </span>
     <span class='ocr_line' id='line_1_19' title="bbox 492 2060 2053 2149; baseline -0.005 -22"><span class='ocrx_word' id='word_1_180' title='bbox 492 2064 699 2149; x_wconf 80' lang='grc' dir='ltr'>γραφή,</span> <span class='ocrx_word' id='word_1_181' title='bbox 727 2064 802 2145; x_wconf 71' lang='grc' dir='ltr'><strong>μὴ</strong></span> <span class='ocrx_word' id='word_1_182' title='bbox 819 2066 899 2126; x_wconf 81' lang='grc' dir='ltr'><strong>ὅτι</strong></span> <span class='ocrx_word' id='word_1_183' title='bbox 921 2064 1024 2145; x_wconf 79' lang='grc' dir='ltr'><strong>ἐμὴ</strong></span> <span class='ocrx_word' id='word_1_184' title='bbox 1039 2068 1156 2127; x_wconf 89' lang='grc' dir='ltr'>καθ’</span> <span class='ocrx_word' id='word_1_185' title='bbox 1177 2063 1354 2146; x_wconf 81' lang='grc' dir='ltr'>ἑτέρου</span> <span class='ocrx_word' id='word_1_186' title='bbox 1373 2107 1390 2141; x_wconf 86' lang='grc'>,</span> <span class='ocrx_word' id='word_1_187' title='bbox 1417 2062 1532 2121; x_wconf 79' lang='grc' dir='ltr'>ἀλλ’</span> <span class='ocrx_word' id='word_1_188' title='bbox 1559 2063 1604 2119; x_wconf 83' lang='grc' dir='ltr'><strong>εἰ</strong></span> <span class='ocrx_word' id='word_1_189' title='bbox 1627 2060 1718 2121; x_wconf 73' lang='grc' dir='ltr'><strong>καὶ</strong></span> <span class='ocrx_word' id='word_1_190' title='bbox 1734 2060 1896 2121; x_wconf 80' lang='grc' dir='ltr'>ἄλλου</span> <span class='ocrx_word' id='word_1_191' title='bbox 1919 2060 2053 2129; x_wconf 87' lang='grc' dir='ltr'>τινὸς</span> 
     </span>
     <span class='ocr_line' id='line_1_20' title="bbox 413 2149 2055 2237; baseline -0.005 -20"><span class='ocrx_word' id='word_1_192' title='bbox 413 2187 469 2227; x_wconf 73' lang='lat'><strong>20</strong></span> <span class='ocrx_word' id='word_1_193' title='bbox 493 2160 610 2217; x_wconf 87' lang='grc' dir='ltr'>κατ’</span> <span class='ocrx_word' id='word_1_194' title='bbox 635 2159 766 2236; x_wconf 87' lang='grc' dir='ltr'>ἐμοῦ</span> <span class='ocrx_word' id='word_1_195' title='bbox 783 2202 803 2235; x_wconf 83' lang='grc'>,</span> <span class='ocrx_word' id='word_1_196' title='bbox 833 2154 1094 2237; x_wconf 74' lang='grc' dir='ltr'>ἐλεγχέτω</span> <span class='ocrx_word' id='word_1_197' title='bbox 1123 2178 1190 2233; x_wconf 87' lang='grc' dir='ltr'><strong>με</strong></span> <span class='ocrx_word' id='word_1_198' title='bbox 1213 2157 1241 2213; x_wconf 82' lang='grc' dir='ltr'><strong>ὃ</strong></span> <span class='ocrx_word' id='word_1_199' title='bbox 1273 2149 1582 2233; x_wconf 85' lang='grc' dir='ltr'>βουλόμενος</span> <span class='ocrx_word' id='word_1_200' title='bbox 1605 2152 1825 2211; x_wconf 81' lang='grc' dir='ltr'>ἐνταῦθα</span> <span class='ocrx_word' id='word_1_201' title='bbox 1853 2150 2055 2221; x_wconf 76' lang='grc' dir='ltr'>ἀναὸάς</span> 
     </span>
     <span class='ocr_line' id='line_1_21' title="bbox 495 2240 2052 2327; baseline -0.007 -18"><span class='ocrx_word' id='word_1_202' title='bbox 495 2247 656 2310; x_wconf 74' lang='grc' dir='ltr'>Ἀλλὰ</span> <span class='ocrx_word' id='word_1_203' title='bbox 687 2245 790 2327; x_wconf 79' lang='grc' dir='ltr'><strong>γὰρ</strong></span> <span class='ocrx_word' id='word_1_204' title='bbox 816 2246 970 2326; x_wconf 84' lang='grc' dir='ltr'>λόγον</span> <span class='ocrx_word' id='word_1_205' title='bbox 1004 2242 1342 2326; x_wconf 80' lang='grc' dir='ltr'>ἀνοσιώτερον</span> <span class='ocrx_word' id='word_1_206' title='bbox 1384 2242 1475 2302; x_wconf 76' lang='grc' dir='ltr'><strong>καὶ</strong></span> <span class='ocrx_word' id='word_1_207' title='bbox 1505 2242 1842 2325; x_wconf 75' lang='grc' dir='ltr'>ἀπιστότερον</span> <span class='ocrx_word' id='word_1_208' title='bbox 1870 2240 2052 2301; x_wconf 78' lang='grc' dir='ltr'>οὐδένα</span> 
     </span>
     <span class='ocr_line' id='line_1_22' title="bbox 493 2324 2055 2415; baseline -0.004 -20"><span class='ocrx_word' id='word_1_209' title='bbox 493 2336 698 2396; x_wconf 82' lang='grc' dir='ltr'>πώποτ’</span> <span class='ocrx_word' id='word_1_210' title='bbox 731 2333 836 2415; x_wconf 79' lang='grc' dir='ltr'>ἐγὼ</span> <span class='ocrx_word' id='word_1_211' title='bbox 858 2334 1096 2402; x_wconf 72' lang='grc' dir='ltr'>εἰπόντας</span> <span class='ocrx_word' id='word_1_212' title='bbox 1128 2324 1243 2394; x_wconf 74' lang='grc' dir='ltr'>οἶδα</span> <span class='ocrx_word' id='word_1_213' title='bbox 1261 2377 1278 2407; x_wconf 97' lang='grc'>,</span> <span class='ocrx_word' id='word_1_214' title='bbox 1318 2330 1370 2393; x_wconf 83' lang='grc' dir='ltr'>οἳ</span> <span class='ocrx_word' id='word_1_215' title='bbox 1404 2334 1556 2391; x_wconf 87' lang='grc' dir='ltr'>τοῦτο</span> <span class='ocrx_word' id='word_1_216' title='bbox 1597 2328 1751 2408; x_wconf 88' lang='grc' dir='ltr'>μόνον</span> <span class='ocrx_word' id='word_1_217' title='bbox 1787 2329 2055 2407; x_wconf 79' lang='grc' dir='ltr'>ἡγήσαντο</span> 
     </span>
     <span class='ocr_line' id='line_1_23' title="bbox 496 2418 2055 2505; baseline -0.006 -19"><span class='ocrx_word' id='word_1_218' title='bbox 496 2428 621 2501; x_wconf 81' lang='grc' dir='ltr'>δεῖν,</span> <span class='ocrx_word' id='word_1_219' title='bbox 648 2426 913 2503; x_wconf 78' lang='grc' dir='ltr'>τολμῆσαι</span> <span class='ocrx_word' id='word_1_220' title='bbox 939 2427 1302 2505; x_wconf 72' lang='grc' dir='ltr'>κατηγορῆσαι</span> <span class='ocrx_word' id='word_1_221' title='bbox 1319 2442 1333 2456; x_wconf 87' lang='grc'><em>·</em></span> <span class='ocrx_word' id='word_1_222' title='bbox 1357 2419 1466 2479; x_wconf 83' lang='grc' dir='ltr'>εἶδ’</span> <span class='ocrx_word' id='word_1_223' title='bbox 1499 2418 1903 2498; x_wconf 53' lang='grc' dir='ltr'>ἐλεγχθήσονται</span> <span class='ocrx_word' id='word_1_224' title='bbox 1926 2421 2055 2500; x_wconf 82' lang='grc' dir='ltr'>ψευ-</span> 
     </span>
     <span class='ocr_line' id='line_1_24' title="bbox 497 2498 2055 2591; baseline -0.005 -18"><span class='ocrx_word' id='word_1_225' title='bbox 497 2514 730 2591; x_wconf 85' lang='grc' dir='ltr'>δόμενοι,</span> <span class='ocrx_word' id='word_1_226' title='bbox 755 2510 902 2571; x_wconf 77' lang='grc' dir='ltr'>οὐδὲν</span> <span class='ocrx_word' id='word_1_227' title='bbox 940 2513 1113 2579; x_wconf 79' lang='grc' dir='ltr'>αὐτοῖς</span> <span class='ocrx_word' id='word_1_228' title='bbox 1144 2512 1420 2590; x_wconf 80' lang='grc' dir='ltr'>ἐμέλησεν.</span> <span class='ocrx_word' id='word_1_229' title='bbox 1503 2507 1590 2589; x_wconf 66' lang='grc'><strong>(24)</strong></span> <span class='ocrx_word' id='word_1_230' title='bbox 1613 2506 1831 2589; x_wconf 68' lang='grc' dir='ltr'>”Ωσπερ</span> <span class='ocrx_word' id='word_1_231' title='bbox 1853 2498 1941 2566; x_wconf 70' lang='grc' dir='ltr'><strong>οὖν</strong></span> <span class='ocrx_word' id='word_1_232' title='bbox 1959 2553 1978 2586; x_wconf 81' lang='lat'><strong>,</strong></span> <span class='ocrx_word' id='word_1_233' title='bbox 2008 2509 2055 2565; x_wconf 89' lang='grc' dir='ltr'><strong>εἷ</strong></span> 
     </span>
     <span class='ocr_line' id='line_1_25' title="bbox 495 2592 2055 2679; baseline -0.004 -20"><span class='ocrx_word' id='word_1_234' title='bbox 495 2604 666 2675; x_wconf 74' lang='grc' dir='ltr'>ἀληθῆ</span> <span class='ocrx_word' id='word_1_235' title='bbox 683 2592 747 2673; x_wconf 68' lang='grc' dir='ltr'><strong>ἦν</strong></span> <span class='ocrx_word' id='word_1_236' title='bbox 764 2606 928 2660; x_wconf 83' lang='grc' dir='ltr'>ταῦτα</span> <span class='ocrx_word' id='word_1_237' title='bbox 949 2600 984 2659; x_wconf 80' lang='grc' dir='ltr'>ἅ</span> <span class='ocrx_word' id='word_1_238' title='bbox 1001 2623 1102 2679; x_wconf 85' lang='grc' dir='ltr'><strong>μου</strong></span> <span class='ocrx_word' id='word_1_239' title='bbox 1125 2597 1496 2678; x_wconf 78' lang='grc' dir='ltr'>κατηγόρησαν</span> <span class='ocrx_word' id='word_1_240' title='bbox 1513 2640 1528 2670; x_wconf 90' lang='grc'>,</span> <span class='ocrx_word' id='word_1_241' title='bbox 1551 2596 1667 2673; x_wconf 79' lang='grc' dir='ltr'>ἐμοὶ</span> <span class='ocrx_word' id='word_1_242' title='bbox 1691 2594 1754 2654; x_wconf 74' lang='grc' dir='ltr'><strong>ἂν</strong></span> <span class='ocrx_word' id='word_1_243' title='bbox 1774 2595 2055 2676; x_wconf 83' lang='grc' dir='ltr'>ὠργίζεσθε</span> 
     </span>
     <span class='ocr_line' id='line_1_26' title="bbox 495 2682 2055 2768; baseline -0.005 -19"><span class='ocrx_word' id='word_1_244' title='bbox 495 2689 586 2749; x_wconf 82' lang='grc' dir='ltr'><strong>καὶ</strong></span> <span class='ocrx_word' id='word_1_245' title='bbox 603 2690 803 2763; x_wconf 81' lang='grc' dir='ltr'>ἠξιοῦτε</span> <span class='ocrx_word' id='word_1_246' title='bbox 824 2688 973 2763; x_wconf 88' lang='grc' dir='ltr'>δίκην</span> <span class='ocrx_word' id='word_1_247' title='bbox 993 2687 1086 2761; x_wconf 80' lang='grc' dir='ltr'><strong>τὴν</strong></span> <span class='ocrx_word' id='word_1_248' title='bbox 1117 2687 1368 2768; x_wconf 80' lang='grc' dir='ltr'>μεγίστην</span> <span class='ocrx_word' id='word_1_249' title='bbox 1391 2683 1702 2757; x_wconf 81' lang='grc' dir='ltr'>ἐπιτιθέναι,</span> <span class='ocrx_word' id='word_1_250' title='bbox 1735 2682 1896 2751; x_wconf 75' lang='grc' dir='ltr'>οὕτως</span> <span class='ocrx_word' id='word_1_251' title='bbox 1928 2682 2055 2753; x_wconf 80' lang='grc' dir='ltr'>ἀξιῶ</span> 
     </span>
     <span class='ocr_line' id='line_1_27' title="bbox 495 2770 2057 2857; baseline -0.006 -20"><span class='ocrx_word' id='word_1_252' title='bbox 495 2781 660 2856; x_wconf 72' lang='grc' dir='ltr'>ὑμᾶς,</span> <span class='ocrx_word' id='word_1_253' title='bbox 685 2776 1034 2857; x_wconf 81' lang='grc' dir='ltr'>γινώσκοντας</span> <span class='ocrx_word' id='word_1_254' title='bbox 1057 2776 1134 2835; x_wconf 78' lang='grc' dir='ltr'><strong>ὅτι</strong></span> <span class='ocrx_word' id='word_1_255' title='bbox 1164 2774 1467 2857; x_wconf 79' lang='grc' dir='ltr'>ψεύδονται,</span> <span class='ocrx_word' id='word_1_256' title='bbox 1495 2770 1751 2847; x_wconf 89' lang='grc' dir='ltr'>πονηρούς</span> <span class='ocrx_word' id='word_1_257' title='bbox 1777 2794 1834 2829; x_wconf 88' lang='grc' dir='ltr'><strong>τε</strong></span> <span class='ocrx_word' id='word_1_258' title='bbox 1870 2770 2057 2838; x_wconf 77' lang='grc' dir='ltr'>αὐτοὺς</span> 
     </span>
     <span class='ocr_line' id='line_1_28' title="bbox 415 2857 2055 2946; baseline -0.005 -19"><span class='ocrx_word' id='word_1_259' title='bbox 415 2888 467 2927; x_wconf 73' lang='lat'><strong>25</strong></span> <span class='ocrx_word' id='word_1_260' title='bbox 497 2863 747 2944; x_wconf 82' lang='grc' dir='ltr'>νομίζειν,</span> <span class='ocrx_word' id='word_1_261' title='bbox 768 2865 997 2946; x_wconf 74' lang='grc' dir='ltr'>χρῆσθαί</span> <span class='ocrx_word' id='word_1_262' title='bbox 1017 2888 1076 2925; x_wconf 90' lang='grc' dir='ltr'><strong>τε</strong></span> <span class='ocrx_word' id='word_1_263' title='bbox 1099 2860 1368 2943; x_wconf 79' lang='grc' dir='ltr'>τεκμηρίῳ</span> <span class='ocrx_word' id='word_1_264' title='bbox 1389 2860 1469 2921; x_wconf 77' lang='grc' dir='ltr'><strong>ὅτι</strong></span> <span class='ocrx_word' id='word_1_265' title='bbox 1491 2861 1537 2919; x_wconf 79' lang='grc' dir='ltr'><strong>εἰ</strong></span> <span class='ocrx_word' id='word_1_266' title='bbox 1564 2858 1632 2917; x_wconf 77' lang='grc' dir='ltr'><strong>τὰ</strong></span> <span class='ocrx_word' id='word_1_267' title='bbox 1656 2857 1922 2918; x_wconf 81' lang='grc' dir='ltr'>δεινότατα</span> <span class='ocrx_word' id='word_1_268' title='bbox 1952 2862 2055 2919; x_wconf 80' lang='grc' dir='ltr'><strong>τῶν</strong></span> 
     </span>
     <span class='ocr_line' id='line_1_29' title="bbox 496 2940 2057 3036; baseline -0.005 -22"><span class='ocrx_word' id='word_1_269' title='bbox 496 2952 953 3036; x_wconf 79' lang='grc' dir='ltr'>κατηγορηθέντων</span> <span class='ocrx_word' id='word_1_270' title='bbox 976 2954 1269 3036; x_wconf 81' lang='grc' dir='ltr'>περιφανῶς</span> <span class='ocrx_word' id='word_1_271' title='bbox 1315 2948 1619 3030; x_wconf 79' lang='grc' dir='ltr'>ἐλέγχονται</span> <span class='ocrx_word' id='word_1_272' title='bbox 1641 2948 1976 3031; x_wconf 80' lang='grc' dir='ltr'>ψευδόμενοι,</span> <span class='ocrx_word' id='word_1_273' title='bbox 2020 2940 2057 3022; x_wconf 69' lang='grc' dir='ltr'>ἦ</span> 
     </span>
     <span class='ocr_line' id='line_1_30' title="bbox 495 3036 2055 3123; baseline -0.003 -21"><span class='ocrx_word' id='word_1_274' title='bbox 495 3066 600 3103; x_wconf 87' lang='grc' dir='ltr'><strong>που</strong></span> <span class='ocrx_word' id='word_1_275' title='bbox 626 3042 694 3104; x_wconf 79' lang='grc' dir='ltr'><strong>τά</strong></span> <span class='ocrx_word' id='word_1_276' title='bbox 729 3042 785 3122; x_wconf 90' lang='grc' dir='ltr'>γ’</span> <span class='ocrx_word' id='word_1_277' title='bbox 815 3042 952 3102; x_wconf 80' lang='grc' dir='ltr'>ἄλλα</span> <span class='ocrx_word' id='word_1_278' title='bbox 988 3044 1170 3123; x_wconf 80' lang='grc' dir='ltr'>πολλῷ</span> <span class='ocrx_word' id='word_1_279' title='bbox 1206 3037 1501 3123; x_wconf 86' lang='grc' dir='ltr'>φαυλότερα</span> <span class='ocrx_word' id='word_1_280' title='bbox 1544 3036 1732 3121; x_wconf 70' lang='grc' dir='ltr'>ῥᾳδίως</span> <span class='ocrx_word' id='word_1_281' title='bbox 1759 3038 1880 3118; x_wconf 74' lang='grc' dir='ltr'>ὑμῖν</span> <span class='ocrx_word' id='word_1_282' title='bbox 1915 3040 2055 3097; x_wconf 85' lang='grc' dir='ltr'>ἀπο-</span> 
     </span>
     <span class='ocr_line' id='line_1_31' title="bbox 497 3128 1251 3213; baseline -0.001 -22"><span class='ocrx_word' id='word_1_283' title='bbox 497 3130 647 3203; x_wconf 77' lang='grc' dir='ltr'>δείξω</span> <span class='ocrx_word' id='word_1_284' title='bbox 674 3130 1021 3213; x_wconf 83' lang='grc' dir='ltr'>ψευδομένους</span> <span class='ocrx_word' id='word_1_285' title='bbox 1049 3128 1251 3197; x_wconf 73' lang='grc' dir='ltr'>αὐτούς.</span> 
     </span>
    </p>

    <p class='ocr_par' dir='ltr' id='par_1_5' title="bbox 416 3208 2057 3915">
     <span class='ocr_line' id='line_1_32' title="bbox 573 3208 2056 3300; baseline -0.004 -19"><span class='ocrx_word' id='word_1_286' title='bbox 573 3242 648 3283; x_wconf 71' lang='lat'><strong>25.</strong></span> <span class='ocrx_word' id='word_1_287' title='bbox 673 3224 745 3282; x_wconf 76' lang='grc' dir='ltr'><strong>Αἱ</strong></span> <span class='ocrx_word' id='word_1_288' title='bbox 773 3221 866 3300; x_wconf 80' lang='grc' dir='ltr'><strong>μὲν</strong></span> <span class='ocrx_word' id='word_1_289' title='bbox 898 3222 1143 3299; x_wconf 81' lang='grc' dir='ltr'>μηνύσεις</span> <span class='ocrx_word' id='word_1_290' title='bbox 1161 3210 1260 3278; x_wconf 70' lang='grc' dir='ltr'><strong>ὧδε</strong></span> <span class='ocrx_word' id='word_1_291' title='bbox 1301 3216 1422 3299; x_wconf 75' lang='grc' dir='ltr'>περὶ</span> <span class='ocrx_word' id='word_1_292' title='bbox 1449 3220 1553 3277; x_wconf 77' lang='grc' dir='ltr'><strong>τῶν</strong></span> <span class='ocrx_word' id='word_1_293' title='bbox 1573 3216 1870 3298; x_wconf 83' lang='grc' dir='ltr'>μυστηρίων</span> <span class='ocrx_word' id='word_1_294' title='bbox 1899 3208 2056 3275; x_wconf 68' lang='grc' dir='ltr'>αὗται</span> 
     </span>
     <span class='ocr_line' id='line_1_33' title="bbox 496 3303 2055 3389; baseline -0.004 -21"><span class='ocrx_word' id='word_1_295' title='bbox 496 3306 731 3388; x_wconf 80' lang='grc' dir='ltr'>ἐγένοντο</span> <span class='ocrx_word' id='word_1_296' title='bbox 756 3308 1021 3389; x_wconf 62' lang='grc' dir='ltr'>τέτταρες·</span> <span class='ocrx_word' id='word_1_297' title='bbox 1105 3307 1156 3367; x_wconf 79' lang='grc' dir='ltr'>οἳ</span> <span class='ocrx_word' id='word_1_298' title='bbox 1181 3307 1236 3367; x_wconf 84' lang='grc' dir='ltr'><strong>δὲ</strong></span> <span class='ocrx_word' id='word_1_299' title='bbox 1268 3306 1476 3385; x_wconf 78' lang='grc' dir='ltr'>ἔφευγον</span> <span class='ocrx_word' id='word_1_300' title='bbox 1498 3304 1614 3365; x_wconf 86' lang='grc' dir='ltr'>καθ’</span> <span class='ocrx_word' id='word_1_301' title='bbox 1635 3303 1860 3377; x_wconf 74' lang='grc' dir='ltr'>ἑκάστην</span> <span class='ocrx_word' id='word_1_302' title='bbox 1890 3303 2055 3381; x_wconf 77' lang='grc' dir='ltr'>μήνυ·</span> 
     </span>
     <span class='ocr_line' id='line_1_34' title="bbox 497 3392 2055 3475; baseline -0.003 -19"><span class='ocrx_word' id='word_1_303' title='bbox 497 3418 609 3470; x_wconf 90' lang='grc' dir='ltr'>σιν,</span> <span class='ocrx_word' id='word_1_304' title='bbox 646 3394 868 3474; x_wconf 77' lang='grc' dir='ltr'>ἀνέγνων</span> <span class='ocrx_word' id='word_1_305' title='bbox 895 3400 1018 3473; x_wconf 75' lang='grc' dir='ltr'>ὑμῖν</span> <span class='ocrx_word' id='word_1_306' title='bbox 1039 3395 1104 3455; x_wconf 73' lang='grc' dir='ltr'><strong>τὰ</strong></span> <span class='ocrx_word' id='word_1_307' title='bbox 1127 3394 1360 3472; x_wconf 86' lang='grc' dir='ltr'>ὀνόματα</span> <span class='ocrx_word' id='word_1_308' title='bbox 1385 3396 1556 3455; x_wconf 78' lang='grc' dir='ltr'>αὗτῶν</span> <span class='ocrx_word' id='word_1_309' title='bbox 1571 3438 1588 3467; x_wconf 82' lang='lat'><strong>,</strong></span> <span class='ocrx_word' id='word_1_310' title='bbox 1611 3392 1702 3452; x_wconf 77' lang='grc' dir='ltr'><strong>καὶ</strong></span> <span class='ocrx_word' id='word_1_311' title='bbox 1725 3394 1774 3451; x_wconf 76' lang='grc' dir='ltr'>οἳ</span> <span class='ocrx_word' id='word_1_312' title='bbox 1797 3394 2055 3475; x_wconf 80' lang='grc' dir='ltr'>μάρτυρες</span> 
     </span>
     <span class='ocr_line' id='line_1_35' title="bbox 498 3479 2053 3565; baseline -0.003 -22"><span class='ocrx_word' id='word_1_313' title='bbox 498 3482 984 3565; x_wconf 73' lang='grc' dir='ltr'>μεμαρτυρήκασιν.</span> <span class='ocrx_word' id='word_1_314' title='bbox 1067 3480 1194 3545; x_wconf 89' lang='grc' dir='ltr'><strong>Ἔτι</strong></span> <span class='ocrx_word' id='word_1_315' title='bbox 1218 3482 1272 3542; x_wconf 80' lang='grc' dir='ltr'><strong>δὲ</strong></span> <span class='ocrx_word' id='word_1_316' title='bbox 1300 3481 1427 3564; x_wconf 78' lang='grc' dir='ltr'>πρὸς</span> <span class='ocrx_word' id='word_1_317' title='bbox 1449 3480 1646 3548; x_wconf 89' lang='grc' dir='ltr'>τούτοις</span> <span class='ocrx_word' id='word_1_318' title='bbox 1670 3479 1774 3559; x_wconf 80' lang='grc' dir='ltr'><strong>ἐγὼ</strong></span> <span class='ocrx_word' id='word_1_319' title='bbox 1795 3480 2053 3553; x_wconf 87' lang='grc' dir='ltr'>πιστότη-</span> 
     </span>
     <span class='ocr_line' id='line_1_36' title="bbox 416 3560 2057 3652; baseline -0.006 -17"><span class='ocrx_word' id='word_1_320' title='bbox 416 3593 470 3635; x_wconf 77' lang='lat' dir='ltr'><strong>ao</strong></span> <span class='ocrx_word' id='word_1_321' title='bbox 497 3588 581 3640; x_wconf 81' lang='grc' dir='ltr'><strong>τος</strong></span> <span class='ocrx_word' id='word_1_322' title='bbox 615 3574 762 3649; x_wconf 79' lang='grc' dir='ltr'>ὑμῶν</span> <span class='ocrx_word' id='word_1_323' title='bbox 788 3570 937 3631; x_wconf 73' lang='grc' dir='ltr'>ἕνεκα</span> <span class='ocrx_word' id='word_1_324' title='bbox 959 3617 978 3650; x_wconf 82' lang='lat'>‚</span> <span class='ocrx_word' id='word_1_325' title='bbox 1017 3560 1061 3631; x_wconf 68' lang='grc' dir='ltr'><em>ὦ</em></span> <span class='ocrx_word' id='word_1_326' title='bbox 1107 3568 1315 3652; x_wconf 82' lang='grc' dir='ltr'>ἄνδρες,</span> <span class='ocrx_word' id='word_1_327' title='bbox 1338 3568 1464 3628; x_wconf 73' lang='grc' dir='ltr'>τάδε</span> <span class='ocrx_word' id='word_1_328' title='bbox 1498 3568 1722 3641; x_wconf 80' lang='grc' dir='ltr'>ποιήσω.</span> <span class='ocrx_word' id='word_1_329' title='bbox 1804 3570 1926 3629; x_wconf 77' lang='grc' dir='ltr'><strong>Τῶν</strong></span> <span class='ocrx_word' id='word_1_330' title='bbox 1954 3567 2057 3650; x_wconf 79' lang='grc' dir='ltr'><strong>γὰρ</strong></span> 
     </span>
     <span class='ocr_line' id='line_1_37' title="bbox 499 3655 2055 3742; baseline -0.003 -22"><span class='ocrx_word' id='word_1_331' title='bbox 499 3658 790 3742; x_wconf 76' lang='grc' dir='ltr'>φευγόντων</span> <span class='ocrx_word' id='word_1_332' title='bbox 817 3658 905 3720; x_wconf 77' lang='grc' dir='ltr'><strong>ἐπὶ</strong></span> <span class='ocrx_word' id='word_1_333' title='bbox 947 3659 1053 3727; x_wconf 79' lang='grc' dir='ltr'>τοῖς</span> <span class='ocrx_word' id='word_1_334' title='bbox 1091 3657 1396 3739; x_wconf 83' lang='grc' dir='ltr'>μυστηρίοις</span> <span class='ocrx_word' id='word_1_335' title='bbox 1423 3660 1469 3717; x_wconf 72' lang='grc' dir='ltr'>οἳ</span> <span class='ocrx_word' id='word_1_336' title='bbox 1497 3655 1594 3736; x_wconf 89' lang='grc' dir='ltr'><strong>μέν</strong></span> <span class='ocrx_word' id='word_1_337' title='bbox 1619 3681 1755 3726; x_wconf 85' lang='grc' dir='ltr'>τινες</span> <span class='ocrx_word' id='word_1_338' title='bbox 1799 3655 2055 3717; x_wconf 82' lang='grc' dir='ltr'>ἀπέθανον</span> 
     </span>
     <span class='ocr_line' id='line_1_38' title="bbox 499 3744 2055 3915; baseline -0.001 -108"><span class='ocrx_word' id='word_1_339' title='bbox 499 3749 800 3895; x_wconf 36' lang='lat' dir='ltr'><strong>gunuwitz,</strong></span> <span class='ocrx_word' id='word_1_340' title='bbox 827 3747 946 3897; x_wconf 76' lang='grc' dir='ltr'>οἱλδ’</span> <span class='ocrx_word' id='word_1_341' title='bbox 973 3746 1160 3894; x_wconf 65' lang='grc' dir='ltr'><strong>1Ξκουοί</strong></span> <span class='ocrx_word' id='word_1_342' title='bbox 1181 3745 1279 3915; x_wconf 47' lang='grc' dir='ltr'>(καις</span> <span class='ocrx_word' id='word_1_343' title='bbox 1302 3748 1430 3897; x_wconf 49' lang='grc' dir='ltr'>ξῐὲσιγ</span> <span class='ocrx_word' id='word_1_344' title='bbox 1463 3744 1641 3894; x_wconf 58' lang='grc' dir='ltr'>ἐνῧθᾶἒε</span> <span class='ocrx_word' id='word_1_345' title='bbox 1679 3746 1798 3893; x_wconf 56' lang='lat' dir='ltr'><strong>aegile</strong></span> <span class='ocrx_word' id='word_1_346' title='bbox 1813 3744 2055 3857; x_wconf 55' lang='grc' dir='ltr'>πέρεισιν</span> 
     </span>
    </p>

    <p class='ocr_par' dir='ltr' id='par_1_6' title="bbox 423 3856 2060 5422">
     <span class='ocr_line' id='line_1_39' title="bbox 531 3856 2054 3917; baseline -0.001 -22"><span class='ocrx_word' id='word_1_347' title='bbox 531 3859 574 3895; x_wconf 88' lang='grc' dir='ltr'><strong>π</strong></span> <span class='ocrx_word' id='word_1_348' title='bbox 677 3859 927 3910; x_wconf 90' lang='grc' dir='ltr'>ουκεκη</span> <span class='ocrx_word' id='word_1_349' title='bbox 999 3860 1096 3899; x_wconf 90' lang='grc' dir='ltr'>νοι.</span> <span class='ocrx_word' id='word_1_350' title='bbox 1199 3856 1252 3895; x_wconf 72' lang='lat'><strong>20</strong></span> <span class='ocrx_word' id='word_1_351' title='bbox 1401 3856 1745 3917; x_wconf 90' lang='grc' dir='ltr'>ωονντῳ</span> <span class='ocrx_word' id='word_1_352' title='bbox 1802 3856 2054 3917; x_wconf 81' lang='grc' dir='ltr'>μῳΛοῳ</span> 
     </span>
     <span class='ocr_line' id='line_1_40' title="bbox 499 3858 2053 4006; baseline -0.001 -23"><span class='ocrx_word' id='word_1_353' title='bbox 499 3860 686 4003; x_wconf 43' lang='lat' dir='ltr'><strong>&amp;dmg-t</strong></span> <span class='ocrx_word' id='word_1_354' title='bbox 709 3928 785 4006; x_wconf 80' lang='grc' dir='ltr'><strong>τῷ</strong></span> <span class='ocrx_word' id='word_1_355' title='bbox 811 3860 1110 4006; x_wconf 58' lang='grc' dir='ltr'>βουλῑόμένῳ</span> <span class='ocrx_word' id='word_1_356' title='bbox 1143 3923 1234 4003; x_wconf 79' lang='grc' dir='ltr'><strong>ἐμὲ</strong></span> <span class='ocrx_word' id='word_1_357' title='bbox 1263 3859 1464 4003; x_wconf 71' lang='grc' dir='ltr'>ἐλέγγξαι</span> <span class='ocrx_word' id='word_1_358' title='bbox 1489 3922 1569 3981; x_wconf 78' lang='grc' dir='ltr'><strong>ὅτι</strong></span> <span class='ocrx_word' id='word_1_359' title='bbox 1594 3921 1748 4005; x_wconf 81' lang='grc' dir='ltr'>ἔφυγέ</span> <span class='ocrx_word' id='word_1_360' title='bbox 1776 3946 1855 3990; x_wconf 87' lang='grc' dir='ltr'><strong>τις</strong></span> <span class='ocrx_word' id='word_1_361' title='bbox 1881 3858 2053 3982; x_wconf 56' lang='grc' dir='ltr'>αὖτέὃν</span> 
     </span>
     <span class='ocr_line' id='line_1_41' title="bbox 497 4008 2053 4092; baseline -0.003 -21"><span class='ocrx_word' id='word_1_362' title='bbox 497 4010 564 4072; x_wconf 86' lang='grc' dir='ltr'>δι’</span> <span class='ocrx_word' id='word_1_363' title='bbox 601 4010 694 4090; x_wconf 75' lang='grc' dir='ltr'><strong>ἐμὲ</strong></span> <span class='ocrx_word' id='word_1_364' title='bbox 717 4011 752 4087; x_wconf 81' lang='grc' dir='ltr'>ἢ</span> <span class='ocrx_word' id='word_1_365' title='bbox 777 4012 1011 4091; x_wconf 82' lang='grc' dir='ltr'>ἐμήνυσα</span> <span class='ocrx_word' id='word_1_366' title='bbox 1041 4012 1160 4074; x_wconf 87' lang='grc' dir='ltr'>κατ’</span> <span class='ocrx_word' id='word_1_367' title='bbox 1203 4013 1390 4086; x_wconf 75' lang='grc' dir='ltr'>αὐτοῦ,</span> <span class='ocrx_word' id='word_1_368' title='bbox 1421 4009 1456 4085; x_wconf 76' lang='grc' dir='ltr'>ἢ</span> <span class='ocrx_word' id='word_1_369' title='bbox 1498 4012 1596 4092; x_wconf 81' lang='grc' dir='ltr'>οὐχ</span> <span class='ocrx_word' id='word_1_370' title='bbox 1623 4010 1834 4071; x_wconf 78' lang='grc' dir='ltr'>ἔκαστοι</span> <span class='ocrx_word' id='word_1_371' title='bbox 1865 4008 2053 4091; x_wconf 85' lang='grc' dir='ltr'>ἔφυγον</span> 
     </span>
     <span class='ocr_line' id='line_1_42' title="bbox 497 4094 2056 4182; baseline -0.002 -22"><span class='ocrx_word' id='word_1_372' title='bbox 497 4100 637 4161; x_wconf 77' lang='grc' dir='ltr'>κατὰ</span> <span class='ocrx_word' id='word_1_373' title='bbox 658 4101 752 4171; x_wconf 78' lang='grc' dir='ltr'><strong>τὰς</strong></span> <span class='ocrx_word' id='word_1_374' title='bbox 769 4100 1016 4182; x_wconf 89' lang='grc' dir='ltr'>μηνύσεις</span> <span class='ocrx_word' id='word_1_375' title='bbox 1038 4099 1230 4168; x_wconf 87' lang='grc' dir='ltr'>ταύτας</span> <span class='ocrx_word' id='word_1_376' title='bbox 1245 4098 1306 4168; x_wconf 78' lang='grc' dir='ltr'><strong>ἃς</strong></span> <span class='ocrx_word' id='word_1_377' title='bbox 1319 4097 1423 4179; x_wconf 82' lang='grc' dir='ltr'><strong>ἐγὼ</strong></span> <span class='ocrx_word' id='word_1_378' title='bbox 1441 4102 1565 4178; x_wconf 80' lang='grc' dir='ltr'>ὑμῖν</span> <span class='ocrx_word' id='word_1_379' title='bbox 1592 4094 1857 4167; x_wconf 81' lang='grc' dir='ltr'>ἀπέδειξα.</span> <span class='ocrx_word' id='word_1_380' title='bbox 1948 4096 2056 4157; x_wconf 82' lang='grc' dir='ltr'><strong>Καὶ</strong></span> 
     </span>
     <span class='ocr_line' id='line_1_43' title="bbox 447 4184 2057 4272; baseline -0.004 -21"><span class='ocrx_word' id='word_1_381' title='bbox 447 4214 470 4251; x_wconf 72' lang='lat'>3</span> <span class='ocrx_word' id='word_1_382' title='bbox 497 4188 588 4248; x_wconf 80' lang='grc' dir='ltr'><strong>ἐάν</strong></span> <span class='ocrx_word' id='word_1_383' title='bbox 613 4214 691 4259; x_wconf 85' lang='grc' dir='ltr'><strong>τις</strong></span> <span class='ocrx_word' id='word_1_384' title='bbox 734 4190 916 4272; x_wconf 78' lang='grc' dir='ltr'>ἐλέγξῃ</span> <span class='ocrx_word' id='word_1_385' title='bbox 957 4214 1024 4269; x_wconf 88' lang='grc' dir='ltr'><strong>με</strong></span> <span class='ocrx_word' id='word_1_386' title='bbox 1050 4190 1132 4250; x_wconf 75' lang='grc' dir='ltr'><strong>ὅτι</strong></span> <span class='ocrx_word' id='word_1_387' title='bbox 1158 4188 1446 4272; x_wconf 82' lang='grc' dir='ltr'>ψεύδομαι,</span> <span class='ocrx_word' id='word_1_388' title='bbox 1483 4184 1754 4270; x_wconf 82' lang='grc' dir='ltr'>χρήσασθέ</span> <span class='ocrx_word' id='word_1_389' title='bbox 1793 4209 1884 4264; x_wconf 87' lang='grc' dir='ltr'><strong>μοι</strong></span> <span class='ocrx_word' id='word_1_390' title='bbox 1932 4184 1967 4245; x_wconf 81' lang='grc' dir='ltr'>ὅ</span> <span class='ocrx_word' id='word_1_391' title='bbox 2004 4210 2057 4247; x_wconf 91' lang='grc' dir='ltr'><strong>τι</strong></span> 
     </span>
     <span class='ocr_line' id='line_1_44' title="bbox 501 4274 2055 4360; baseline -0.002 -24"><span class='ocrx_word' id='word_1_392' title='bbox 501 4277 774 4355; x_wconf 86' lang='grc' dir='ltr'>βούλεσθε·</span> <span class='ocrx_word' id='word_1_393' title='bbox 801 4278 891 4340; x_wconf 76' lang='grc' dir='ltr'><strong>καὶ</strong></span> <span class='ocrx_word' id='word_1_394' title='bbox 920 4284 1133 4357; x_wconf 81' lang='grc' dir='ltr'>σιωπῶ,</span> <span class='ocrx_word' id='word_1_395' title='bbox 1164 4276 1257 4338; x_wconf 76' lang='grc' dir='ltr'><strong>καὶ</strong></span> <span class='ocrx_word' id='word_1_396' title='bbox 1284 4280 1622 4360; x_wconf 80' lang='grc' dir='ltr'>παραχωρῶ,</span> <span class='ocrx_word' id='word_1_397' title='bbox 1653 4275 1701 4335; x_wconf 79' lang='grc' dir='ltr'><strong>εἴ</strong></span> <span class='ocrx_word' id='word_1_398' title='bbox 1729 4299 1807 4344; x_wconf 87' lang='grc' dir='ltr'><strong>τις</strong></span> <span class='ocrx_word' id='word_1_399' title='bbox 1829 4274 2055 4335; x_wconf 77' lang='grc' dir='ltr'>ἀναὸαί-</span> 
     </span>
     <span class='ocr_line' id='line_1_45' title="bbox 500 4366 2053 4533; baseline 0.003 -25"><span class='ocrx_word' id='word_1_400' title='bbox 500 4366 928 4533; x_wconf 44' lang='grc' dir='ltr'>νειζΊῗῖὶέῑιὶωδή</span> <span class='ocrx_word' id='word_1_401' title='bbox 948 4495 966 4525; x_wconf 90' lang='grc'>,</span> <span class='ocrx_word' id='word_1_402' title='bbox 1001 4441 1045 4510; x_wconf 69' lang='grc' dir='ltr'><em>ὦ</em></span> <span class='ocrx_word' id='word_1_403' title='bbox 1076 4452 1254 4533; x_wconf 83' lang='grc' dir='ltr'>ἄνδρες</span> <span class='ocrx_word' id='word_1_404' title='bbox 1271 4498 1288 4528; x_wconf 92' lang='grc'>,</span> <span class='ocrx_word' id='word_1_405' title='bbox 1331 4451 1464 4532; x_wconf 73' lang='grc' dir='ltr'>μετὰ</span> <span class='ocrx_word' id='word_1_406' title='bbox 1490 4455 1659 4512; x_wconf 86' lang='grc' dir='ltr'>ταῦτα</span> <span class='ocrx_word' id='word_1_407' title='bbox 1713 4451 1765 4509; x_wconf 84' lang='grc' dir='ltr'><strong>τί</strong></span> <span class='ocrx_word' id='word_1_408' title='bbox 1816 4450 2053 4531; x_wconf 85' lang='grc' dir='ltr'>ἐγένετο;</span> 
     </span>
     <span class='ocr_line' id='line_1_46' title="bbox 501 4533 2053 4621; baseline 0.003 -26"><span class='ocrx_word' id='word_1_409' title='bbox 501 4534 682 4609; x_wconf 78' lang='grc' dir='ltr'>ἐπειδὴ</span> <span class='ocrx_word' id='word_1_410' title='bbox 705 4540 759 4596; x_wconf 74' lang='grc' dir='ltr'><strong>αἱ</strong></span> <span class='ocrx_word' id='word_1_411' title='bbox 773 4537 1018 4617; x_wconf 85' lang='grc' dir='ltr'>μηνύσεις</span> <span class='ocrx_word' id='word_1_412' title='bbox 1037 4537 1300 4617; x_wconf 87' lang='grc' dir='ltr'>ἐγένοντο,</span> <span class='ocrx_word' id='word_1_413' title='bbox 1327 4538 1448 4621; x_wconf 75' lang='grc' dir='ltr'>περὶ</span> <span class='ocrx_word' id='word_1_414' title='bbox 1469 4542 1570 4598; x_wconf 81' lang='grc' dir='ltr'><strong>τῶν</strong></span> <span class='ocrx_word' id='word_1_415' title='bbox 1588 4536 1858 4620; x_wconf 83' lang='grc' dir='ltr'>μηνύτρων</span> <span class='ocrx_word' id='word_1_416' title='bbox 1885 4533 2053 4618; x_wconf 72' lang='grc' dir='ltr'>(ἦσαν</span> 
     </span>
     <span class='ocr_line' id='line_1_47' title="bbox 499 4624 2060 4711; baseline 0.004 -27"><span class='ocrx_word' id='word_1_417' title='bbox 499 4624 602 4708; x_wconf 73' lang='grc' dir='ltr'><strong>γὰρ</strong></span> <span class='ocrx_word' id='word_1_418' title='bbox 621 4624 759 4685; x_wconf 77' lang='grc' dir='ltr'>κατὰ</span> <span class='ocrx_word' id='word_1_419' title='bbox 777 4627 836 4687; x_wconf 81' lang='grc' dir='ltr'><strong>τὸ</strong></span> <span class='ocrx_word' id='word_1_420' title='bbox 861 4628 1176 4707; x_wconf 86' lang='grc' dir='ltr'>Κλεωνύμου</span> <span class='ocrx_word' id='word_1_421' title='bbox 1195 4630 1442 4711; x_wconf 76' lang='grc' dir='ltr'>ψήφισμα</span> <span class='ocrx_word' id='word_1_422' title='bbox 1457 4626 1624 4708; x_wconf 86' lang='grc' dir='ltr'>χίλιαι</span> <span class='ocrx_word' id='word_1_423' title='bbox 1639 4628 1902 4710; x_wconf 81' lang='grc' dir='ltr'>δραχμαί,</span> <span class='ocrx_word' id='word_1_424' title='bbox 1922 4629 2060 4690; x_wconf 72' lang='grc' dir='ltr'>κατὰ</span> 
     </span>
     <span class='ocr_line' id='line_1_48' title="bbox 503 4714 2057 4799; baseline 0.002 -23"><span class='ocrx_word' id='word_1_425' title='bbox 503 4714 558 4776; x_wconf 82' lang='grc' dir='ltr'><strong>δὲ</strong></span> <span class='ocrx_word' id='word_1_426' title='bbox 580 4714 640 4774; x_wconf 78' lang='grc' dir='ltr'><strong>τὸ</strong></span> <span class='ocrx_word' id='word_1_427' title='bbox 667 4715 992 4799; x_wconf 79' lang='grc' dir='ltr'>Πεισάνδρου</span> <span class='ocrx_word' id='word_1_428' title='bbox 1018 4714 1225 4799; x_wconf 89' lang='grc' dir='ltr'>μύριαι)</span> <span class='ocrx_word' id='word_1_429' title='bbox 1251 4716 1370 4798; x_wconf 80' lang='grc' dir='ltr'>περὶ</span> <span class='ocrx_word' id='word_1_430' title='bbox 1397 4714 1454 4775; x_wconf 77' lang='grc' dir='ltr'><strong>δὲ</strong></span> <span class='ocrx_word' id='word_1_431' title='bbox 1477 4714 1670 4775; x_wconf 87' lang='grc' dir='ltr'>τούτων</span> <span class='ocrx_word' id='word_1_432' title='bbox 1693 4717 2057 4799; x_wconf 71' lang='grc' dir='ltr'>ἧμφισὸήτουν</span> 
     </span>
     <span class='ocr_line' id='line_1_49' title="bbox 501 4795 2059 4891; baseline 0.003 -27"><span class='ocrx_word' id='word_1_433' title='bbox 501 4795 643 4864; x_wconf 66' lang='grc' dir='ltr'>οὗτοί</span> <span class='ocrx_word' id='word_1_434' title='bbox 669 4826 726 4863; x_wconf 87' lang='grc' dir='ltr'><strong>τε</strong></span> <span class='ocrx_word' id='word_1_435' title='bbox 753 4806 801 4863; x_wconf 79' lang='grc' dir='ltr'>οἳ</span> <span class='ocrx_word' id='word_1_436' title='bbox 820 4804 1145 4884; x_wconf 83' lang='grc' dir='ltr'>μηνύσαντες</span> <span class='ocrx_word' id='word_1_437' title='bbox 1161 4804 1251 4865; x_wconf 76' lang='grc' dir='ltr'><strong>καὶ</strong></span> <span class='ocrx_word' id='word_1_438' title='bbox 1277 4803 1562 4873; x_wconf 86' lang='grc' dir='ltr'>Πυθόνικος</span> <span class='ocrx_word' id='word_1_439' title='bbox 1580 4850 1596 4879; x_wconf 92' lang='grc'>,</span> <span class='ocrx_word' id='word_1_440' title='bbox 1624 4806 1838 4889; x_wconf 77' lang='grc' dir='ltr'>φάσκων</span> <span class='ocrx_word' id='word_1_441' title='bbox 1855 4810 2059 4891; x_wconf 81' lang='grc' dir='ltr'>πρῶτος</span> 
     </span>
     <span class='ocr_line' id='line_1_50' title="bbox 423 4892 2057 4981; baseline 0.006 -32"><span class='ocrx_word' id='word_1_442' title='bbox 423 4910 476 4950; x_wconf 74' lang='grc' dir='ltr'><strong>ιο</strong></span> <span class='ocrx_word' id='word_1_443' title='bbox 499 4894 854 4973; x_wconf 73' lang='grc' dir='ltr'>εἰσαγγεῖλαι,</span> <span class='ocrx_word' id='word_1_444' title='bbox 899 4893 989 4954; x_wconf 78' lang='grc' dir='ltr'><strong>καὶ</strong></span> <span class='ocrx_word' id='word_1_445' title='bbox 1037 4894 1344 4977; x_wconf 70' lang='grc' dir='ltr'>Ἀνδροκλῆς</span> <span class='ocrx_word' id='word_1_446' title='bbox 1384 4892 1516 4974; x_wconf 75' lang='grc' dir='ltr'>ὑπὲρ</span> <span class='ocrx_word' id='word_1_447' title='bbox 1555 4898 1649 4966; x_wconf 75' lang='grc' dir='ltr'><strong>τῆς</strong></span> <span class='ocrx_word' id='word_1_448' title='bbox 1681 4898 1885 4976; x_wconf 76' lang='grc' dir='ltr'>βουλῆς.</span> <span class='ocrx_word' id='word_1_449' title='bbox 1971 4896 2057 4981; x_wconf 71' lang='lat'>(2⁸)</span> 
     </span>
     <span class='ocr_line' id='line_1_51' title="bbox 497 4973 2059 5065; baseline 0.003 -22"><span class='ocrx_word' id='word_1_450' title='bbox 497 4976 716 5052; x_wconf 83' lang='grc' dir='ltr'>Ἕδοξεν</span> <span class='ocrx_word' id='word_1_451' title='bbox 738 4973 827 5042; x_wconf 68' lang='grc' dir='ltr'><strong>οὖν</strong></span> <span class='ocrx_word' id='word_1_452' title='bbox 853 4984 928 5064; x_wconf 81' lang='grc' dir='ltr'><strong>τῷ</strong></span> <span class='ocrx_word' id='word_1_453' title='bbox 958 4980 1111 5065; x_wconf 70' lang='grc' dir='ltr'>δήμῳ</span> <span class='ocrx_word' id='word_1_454' title='bbox 1145 4985 1198 5041; x_wconf 87' lang='grc' dir='ltr'><strong>ἐν</strong></span> <span class='ocrx_word' id='word_1_455' title='bbox 1221 4987 1296 5065; x_wconf 83' lang='grc' dir='ltr'><strong>τῷ</strong></span> <span class='ocrx_word' id='word_1_456' title='bbox 1321 4986 1424 5043; x_wconf 81' lang='grc' dir='ltr'><strong>τῶν</strong></span> <span class='ocrx_word' id='word_1_457' title='bbox 1453 4988 1773 5062; x_wconf 81' lang='grc' dir='ltr'>θεσμοθετῶν</span> <span class='ocrx_word' id='word_1_458' title='bbox 1801 4986 2059 5059; x_wconf 85' lang='grc' dir='ltr'>δικαστη-</span> 
     </span>
     <span class='ocr_line' id='line_1_52' title="bbox 503 5069 2059 5154; baseline 0.003 -24"><span class='ocrx_word' id='word_1_459' title='bbox 503 5072 596 5154; x_wconf 86' lang='grc' dir='ltr'><strong>ρίῳ</strong></span> <span class='ocrx_word' id='word_1_460' title='bbox 629 5069 748 5140; x_wconf 74' lang='grc' dir='ltr'>τοὺς</span> <span class='ocrx_word' id='word_1_461' title='bbox 793 5071 1184 5151; x_wconf 85' lang='grc' dir='ltr'>μεμυημένους,</span> <span class='ocrx_word' id='word_1_462' title='bbox 1228 5071 1550 5140; x_wconf 77' lang='grc' dir='ltr'>ἀκούσαντας</span> <span class='ocrx_word' id='word_1_463' title='bbox 1585 5072 1676 5142; x_wconf 80' lang='grc' dir='ltr'><strong>τὰς</strong></span> <span class='ocrx_word' id='word_1_464' title='bbox 1707 5074 1953 5153; x_wconf 88' lang='grc' dir='ltr'>μηνύσεις</span> <span class='ocrx_word' id='word_1_465' title='bbox 1998 5074 2059 5145; x_wconf 75' lang='grc' dir='ltr'><strong>ἃς</strong></span> 
     </span>
     <span class='ocr_line' id='line_1_53' title="bbox 501 5158 2057 5247; baseline 0.004 -29"><span class='ocrx_word' id='word_1_466' title='bbox 501 5158 715 5228; x_wconf 72' lang='grc' dir='ltr'>ἕκαστος</span> <span class='ocrx_word' id='word_1_467' title='bbox 741 5159 994 5239; x_wconf 82' lang='grc' dir='ltr'>ἐμήνυσε,</span> <span class='ocrx_word' id='word_1_468' title='bbox 1023 5160 1341 5222; x_wconf 78' lang='grc' dir='ltr'>διαδικάσαι.</span> <span class='ocrx_word' id='word_1_469' title='bbox 1385 5160 1494 5221; x_wconf 82' lang='grc' dir='ltr'><strong>Καὶ</strong></span> <span class='ocrx_word' id='word_1_470' title='bbox 1516 5161 1836 5243; x_wconf 80' lang='grc' dir='ltr'>ἐψηφίσαντο</span> <span class='ocrx_word' id='word_1_471' title='bbox 1864 5162 2057 5247; x_wconf 83' lang='grc' dir='ltr'>πρώτῳ</span> 
     </span>
     <span class='ocr_line' id='line_1_54' title="bbox 503 5240 2057 5331; baseline 0.006 -28"><span class='ocrx_word' id='word_1_472' title='bbox 503 5240 594 5320; x_wconf 78' lang='grc' dir='ltr'><strong>μὲν</strong></span> <span class='ocrx_word' id='word_1_473' title='bbox 619 5246 977 5330; x_wconf 80' lang='grc' dir='ltr'>Ἀνδρομάχῳ,</span> <span class='ocrx_word' id='word_1_474' title='bbox 1003 5247 1224 5331; x_wconf 85' lang='grc' dir='ltr'>δευτέρῳ</span> <span class='ocrx_word' id='word_1_475' title='bbox 1249 5247 1302 5307; x_wconf 82' lang='grc' dir='ltr'><strong>δὲ</strong></span> <span class='ocrx_word' id='word_1_476' title='bbox 1325 5247 1565 5331; x_wconf 79' lang='grc' dir='ltr'>Τεύκρῳ,</span> <span class='ocrx_word' id='word_1_477' title='bbox 1587 5248 1677 5309; x_wconf 75' lang='grc' dir='ltr'><strong>καὶ</strong></span> <span class='ocrx_word' id='word_1_478' title='bbox 1698 5248 1884 5311; x_wconf 78' lang='grc' dir='ltr'>ἔλαὸον</span> <span class='ocrx_word' id='word_1_479' title='bbox 1909 5254 2057 5313; x_wconf 90' lang='grc' dir='ltr'>Παν-</span> 
     </span>
     <span class='ocr_line' id='line_1_55' title="bbox 501 5335 2058 5422; baseline 0.005 -29"><span class='ocrx_word' id='word_1_480' title='bbox 501 5335 758 5405; x_wconf 76' lang='grc' dir='ltr'>αθηναίων</span> <span class='ocrx_word' id='word_1_481' title='bbox 785 5341 861 5419; x_wconf 79' lang='grc' dir='ltr'><strong>τῷ</strong></span> <span class='ocrx_word' id='word_1_482' title='bbox 885 5340 1046 5416; x_wconf 82' lang='grc' dir='ltr'>ἀγῶνι</span> <span class='ocrx_word' id='word_1_483' title='bbox 1074 5337 1423 5419; x_wconf 80' lang='grc' dir='ltr'>Ἀνδρόμαχος</span> <span class='ocrx_word' id='word_1_484' title='bbox 1447 5336 1543 5416; x_wconf 84' lang='grc' dir='ltr'><strong>μὲν</strong></span> <span class='ocrx_word' id='word_1_485' title='bbox 1582 5338 1768 5421; x_wconf 87' lang='grc' dir='ltr'>μυρίας</span> <span class='ocrx_word' id='word_1_486' title='bbox 1799 5340 2058 5422; x_wconf 76' lang='grc' dir='ltr'>δραχμάς,</span> 
     </span>
    </p>
   </div>
   <div class='ocr_carea' id='block_1_5' title="bbox 2138 807 3753 2760">
    <p class='ocr_par' dir='ltr' id='par_1_7' title="bbox 2138 807 3753 2760">
     <span class='ocr_line' id='line_1_56' title="bbox 2144 807 3705 873; baseline -0.003 -13"><span class='ocrx_word' id='word_1_487' title='bbox 2144 808 2365 873; x_wconf 73' lang='lat' dir='ltr'><strong>gaturos,</strong></span> <span class='ocrx_word' id='word_1_488' title='bbox 2392 812 2447 859; x_wconf 90' lang='lat' dir='ltr'><strong>ut</strong></span> <span class='ocrx_word' id='word_1_489' title='bbox 2464 824 2523 861; x_wconf 88' lang='lat' dir='ltr'><strong>eo</strong></span> <span class='ocrx_word' id='word_1_490' title='bbox 2539 824 2592 860; x_wconf 78' lang='lat' dir='ltr'><strong>se</strong></span> <span class='ocrx_word' id='word_1_491' title='bbox 2609 810 2867 873; x_wconf 87' lang='lat' dir='ltr'><strong>reciperet,</strong></span> <span class='ocrx_word' id='word_1_492' title='bbox 2886 809 2969 860; x_wconf 89' lang='lat' dir='ltr'><strong>ubi</strong></span> <span class='ocrx_word' id='word_1_493' title='bbox 2988 807 3152 872; x_wconf 85' lang='lat' dir='ltr'><strong>etipse</strong></span> <span class='ocrx_word' id='word_1_494' title='bbox 3168 808 3333 859; x_wconf 78' lang='lat' dir='ltr'><strong>salvus</strong></span> <span class='ocrx_word' id='word_1_495' title='bbox 3356 808 3481 857; x_wconf 64' lang='lat' dir='ltr'><strong>eset</strong></span> <span class='ocrx_word' id='word_1_496' title='bbox 3500 808 3705 869; x_wconf 74' lang='lat' dir='ltr'><strong>l&#39;utnms,</strong></span> 
     </span>
     <span class='ocr_line' id='line_1_57' title="bbox 2140 889 3705 955; baseline -0.003 -14"><span class='ocrx_word' id='word_1_497' title='bbox 2140 893 2190 941; x_wconf 88' lang='lat' dir='ltr'><strong>et</strong></span> <span class='ocrx_word' id='word_1_498' title='bbox 2202 904 2283 941; x_wconf 87' lang='lat' dir='ltr'><strong>me</strong></span> <span class='ocrx_word' id='word_1_499' title='bbox 2296 904 2393 941; x_wconf 89' lang='lat' dir='ltr'><strong>non</strong></span> <span class='ocrx_word' id='word_1_500' title='bbox 2408 889 2715 955; x_wconf 75' lang='lat' dir='ltr'><strong>perditurus?</strong></span> <span class='ocrx_word' id='word_1_501' title='bbox 2728 893 2825 955; x_wconf 76' lang='lat'>(22)</span> <span class='ocrx_word' id='word_1_502' title='bbox 2840 894 2944 941; x_wconf 75' lang='lat' dir='ltr'><strong>Iino</strong></span> <span class='ocrx_word' id='word_1_503' title='bbox 2952 904 3067 939; x_wconf 81' lang='lat' dir='ltr'><strong>vero</strong></span> <span class='ocrx_word' id='word_1_504' title='bbox 3074 903 3231 953; x_wconf 83' lang='lat' dir='ltr'><strong>quum</strong></span> <span class='ocrx_word' id='word_1_505' title='bbox 3240 892 3377 953; x_wconf 77' lang='lat' dir='ltr'><strong>pater</strong></span> <span class='ocrx_word' id='word_1_506' title='bbox 3390 889 3705 952; x_wconf 79' lang='lat' dir='ltr'><strong>Speusippum</strong></span> 
     </span>
     <span class='ocr_line' id='line_1_58' title="bbox 2138 970 3703 1033; baseline -0.001 -14"><span class='ocrx_word' id='word_1_507' title='bbox 2138 971 2326 1021; x_wconf 84' lang='lat' dir='ltr'><strong>actione</strong></span> <span class='ocrx_word' id='word_1_508' title='bbox 2351 972 2536 1033; x_wconf 72' lang='lat' dir='ltr'><strong>ocseepti</strong></span> <span class='ocrx_word' id='word_1_509' title='bbox 2568 972 2735 1020; x_wconf 86' lang='lat' dir='ltr'><strong>contra</strong></span> <span class='ocrx_word' id='word_1_510' title='bbox 2762 970 2843 1032; x_wconf 80' lang='lat' dir='ltr'><strong>jus</strong></span> <span class='ocrx_word' id='word_1_511' title='bbox 2874 970 3059 1019; x_wconf 70' lang='lat' dir='ltr'><strong>lutense</strong></span> <span class='ocrx_word' id='word_1_512' title='bbox 3095 980 3346 1031; x_wconf 71' lang='lat' dir='ltr'><strong>processus</strong></span> <span class='ocrx_word' id='word_1_513' title='bbox 3388 980 3703 1030; x_wconf 76' lang='lat' dir='ltr'><strong>persequere·</strong></span> 
     </span>
     <span class='ocr_line' id='line_1_59' title="bbox 2140 1039 3707 1112; baseline -0.004 -13"><span class='ocrx_word' id='word_1_514' title='bbox 2140 1050 2237 1111; x_wconf 82' lang='lat' dir='ltr'><strong>tur,</strong></span> <span class='ocrx_word' id='word_1_515' title='bbox 2256 1048 2362 1097; x_wconf 75' lang='lat' dir='ltr'><strong>haec</strong></span> <span class='ocrx_word' id='word_1_516' title='bbox 2379 1048 2479 1112; x_wconf 87' lang='lat' dir='ltr'><strong>ipse</strong></span> <span class='ocrx_word' id='word_1_517' title='bbox 2499 1048 2714 1109; x_wconf 82' lang='lat' dir='ltr'><strong>dicebat,</strong></span> <span class='ocrx_word' id='word_1_518' title='bbox 2745 1048 2797 1099; x_wconf 87' lang='lat' dir='ltr'><strong>in</strong></span> <span class='ocrx_word' id='word_1_519' title='bbox 2812 1048 3110 1097; x_wconf 81' lang='lat' dir='ltr'><strong>Themacum</strong></span> <span class='ocrx_word' id='word_1_520' title='bbox 3132 1046 3197 1095; x_wconf 85' lang='lat' dir='ltr'><strong>ad</strong></span> <span class='ocrx_word' id='word_1_521' title='bbox 3218 1039 3501 1095; x_wconf 65' lang='lat' dir='ltr'><strong>Pherecli-m</strong></span> <span class='ocrx_word' id='word_1_522' title='bbox 3524 1059 3580 1094; x_wconf 72' lang='lat' dir='ltr'><strong>se</strong></span> <span class='ocrx_word' id='word_1_523' title='bbox 3598 1059 3707 1098; x_wconf 85' lang='lat' dir='ltr'><strong>nun·</strong></span> 
     </span>
     <span class='ocr_line' id='line_1_60' title="bbox 2140 1124 3707 1190; baseline -0.002 -15"><span class='ocrx_word' id='word_1_524' title='bbox 2140 1140 2289 1190; x_wconf 80' lang='lat' dir='ltr'><strong>quam</strong></span> <span class='ocrx_word' id='word_1_525' title='bbox 2303 1126 2487 1177; x_wconf 77' lang='lat' dir='ltr'><strong>venisse</strong></span> <span class='ocrx_word' id='word_1_526' title='bbox 2507 1146 2521 1176; x_wconf 90' lang='lat'>:</span> <span class='ocrx_word' id='word_1_527' title='bbox 2540 1126 2779 1189; x_wconf 78' lang='lat' dir='ltr'><strong>mancipia</strong></span> <span class='ocrx_word' id='word_1_528' title='bbox 2794 1138 2883 1177; x_wconf 81' lang='lat' dir='ltr'><strong>sua</strong></span> <span class='ocrx_word' id='word_1_529' title='bbox 2904 1124 3118 1189; x_wconf 81' lang='lat' dir='ltr'><strong>torqueri</strong></span> <span class='ocrx_word' id='word_1_530' title='bbox 3128 1125 3271 1187; x_wconf 76' lang='lat' dir='ltr'><strong>iussit</strong></span> <span class='ocrx_word' id='word_1_531' title='bbox 3282 1161 3298 1187; x_wconf 94' lang='lat'><strong>,</strong></span> <span class='ocrx_word' id='word_1_532' title='bbox 3312 1137 3495 1186; x_wconf 77' lang='lat' dir='ltr'><strong>negans</strong></span> <span class='ocrx_word' id='word_1_533' title='bbox 3518 1138 3707 1186; x_wconf 75' lang='lat' dir='ltr'><strong>aequum</strong></span> 
     </span>
     <span class='ocr_line' id='line_1_61' title="bbox 2140 1204 3707 1269; baseline -0.002 -13"><span class='ocrx_word' id='word_1_534' title='bbox 2140 1218 2243 1256; x_wconf 78' lang='lat' dir='ltr'><strong>esse</strong></span> <span class='ocrx_word' id='word_1_535' title='bbox 2256 1244 2271 1269; x_wconf 89' lang='lat'><strong>,</strong></span> <span class='ocrx_word' id='word_1_536' title='bbox 2295 1206 2335 1255; x_wconf 86' lang='lat' dir='ltr'><strong>si</strong></span> <span class='ocrx_word' id='word_1_537' title='bbox 2354 1206 2465 1268; x_wconf 79' lang='lat' dir='ltr'><strong>quis</strong></span> <span class='ocrx_word' id='word_1_538' title='bbox 2484 1208 2655 1269; x_wconf 81' lang='lat' dir='ltr'><strong>sponte</strong></span> <span class='ocrx_word' id='word_1_539' title='bbox 2671 1219 2757 1255; x_wconf 81' lang='lat' dir='ltr'><strong>sua</strong></span> <span class='ocrx_word' id='word_1_540' title='bbox 2770 1219 2935 1256; x_wconf 72' lang='lat' dir='ltr'><strong>servos</strong></span> <span class='ocrx_word' id='word_1_541' title='bbox 2959 1204 3254 1267; x_wconf 80' lang='lat' dir='ltr'><strong>torquendos</strong></span> <span class='ocrx_word' id='word_1_542' title='bbox 3269 1206 3471 1266; x_wconf 74' lang='lat' dir='ltr'><strong>offerat,</strong></span> <span class='ocrx_word' id='word_1_543' title='bbox 3500 1218 3596 1254; x_wconf 70' lang='lat' dir='ltr'><strong>vos</strong></span> <span class='ocrx_word' id='word_1_544' title='bbox 3610 1208 3707 1253; x_wconf 85' lang='lat' dir='ltr'><strong>tum</strong></span> 
     </span>
     <span class='ocr_line' id='line_1_62' title="bbox 2140 1282 3710 1347; baseline -0.001 -14"><span class='ocrx_word' id='word_1_545' title='bbox 2140 1284 2464 1333; x_wconf 68' lang='lat' dir='ltr'><strong>vomitionem</strong></span> <span class='ocrx_word' id='word_1_546' title='bbox 2482 1284 2757 1347; x_wconf 80' lang='lat' dir='ltr'><strong>repudiare3</strong></span> <span class='ocrx_word' id='word_1_547' title='bbox 2776 1286 2945 1333; x_wconf 81' lang='lat' dir='ltr'><strong>contra</strong></span> <span class='ocrx_word' id='word_1_548' title='bbox 2962 1284 3048 1346; x_wconf 87' lang='lat' dir='ltr'><strong>qui</strong></span> <span class='ocrx_word' id='word_1_549' title='bbox 3064 1282 3257 1333; x_wconf 84' lang='lat' dir='ltr'><strong>tradere</strong></span> <span class='ocrx_word' id='word_1_550' title='bbox 3274 1286 3465 1333; x_wconf 78' lang='lat' dir='ltr'><strong>recuset</strong></span> <span class='ocrx_word' id='word_1_551' title='bbox 3476 1320 3493 1344; x_wconf 91' lang='lat'>‚</span> <span class='ocrx_word' id='word_1_552' title='bbox 3522 1296 3639 1333; x_wconf 84' lang='lat' dir='ltr'><strong>eum</strong></span> <span class='ocrx_word' id='word_1_553' title='bbox 3654 1282 3710 1331; x_wconf 78' lang='lat' dir='ltr'><strong>ad</strong></span> 
     </span>
     <span class='ocr_line' id='line_1_63' title="bbox 2138 1361 3711 1426; baseline 0 -15"><span class='ocrx_word' id='word_1_554' title='bbox 2138 1361 2427 1412; x_wconf 85' lang='lat' dir='ltr'><strong>tradendum</strong></span> <span class='ocrx_word' id='word_1_555' title='bbox 2452 1374 2639 1426; x_wconf 83' lang='lat' dir='ltr'><strong>cogere.</strong></span> <span class='ocrx_word' id='word_1_556' title='bbox 2704 1366 2823 1413; x_wconf 79' lang='lat' dir='ltr'><strong>Hoec</strong></span> <span class='ocrx_word' id='word_1_557' title='bbox 2838 1362 2966 1426; x_wconf 75' lang='lat' dir='ltr'><strong>patri</strong></span> <span class='ocrx_word' id='word_1_558' title='bbox 3000 1364 3107 1411; x_wconf 88' lang='lat' dir='ltr'><strong>tum</strong></span> <span class='ocrx_word' id='word_1_559' title='bbox 3136 1374 3227 1424; x_wconf 89' lang='lat' dir='ltr'><strong>pro</strong></span> <span class='ocrx_word' id='word_1_560' title='bbox 3250 1375 3303 1412; x_wconf 84' lang='lat' dir='ltr'><strong>se</strong></span> <span class='ocrx_word' id='word_1_561' title='bbox 3326 1361 3630 1425; x_wconf 69' lang='lat' dir='ltr'><strong>diqmtanti,</strong></span> <span class='ocrx_word' id='word_1_562' title='bbox 3646 1362 3711 1411; x_wconf 83' lang='lat' dir='ltr'><strong>uli</strong></span> 
     </span>
     <span class='ocr_line' id='line_1_64' title="bbox 2140 1443 3709 1508; baseline -0.001 -15"><span class='ocrx_word' id='word_1_563' title='bbox 2140 1457 2308 1495; x_wconf 87' lang='lat' dir='ltr'><strong>omnes</strong></span> <span class='ocrx_word' id='word_1_564' title='bbox 2322 1446 2471 1508; x_wconf 83' lang='lat' dir='ltr'><strong>probo</strong></span> <span class='ocrx_word' id='word_1_565' title='bbox 2490 1446 2640 1495; x_wconf 82' lang='lat' dir='ltr'><strong>nostis</strong></span> <span class='ocrx_word' id='word_1_566' title='bbox 2651 1481 2666 1507; x_wconf 95' lang='lat'><strong>,</strong></span> <span class='ocrx_word' id='word_1_567' title='bbox 2689 1443 2805 1507; x_wconf 86' lang='lat' dir='ltr'><strong>quid</strong></span> <span class='ocrx_word' id='word_1_568' title='bbox 2820 1444 2889 1507; x_wconf 78' lang='lat' dir='ltr'><strong>(si</strong></span> <span class='ocrx_word' id='word_1_569' title='bbox 2912 1457 3025 1493; x_wconf 82' lang='lat' dir='ltr'><strong>vera</strong></span> <span class='ocrx_word' id='word_1_570' title='bbox 3038 1446 3341 1495; x_wconf 75' lang='lat' dir='ltr'><strong>acematores</strong></span> <span class='ocrx_word' id='word_1_571' title='bbox 3358 1445 3455 1494; x_wconf 83' lang='lat' dir='ltr'><strong>mei</strong></span> <span class='ocrx_word' id='word_1_572' title='bbox 3470 1444 3709 1504; x_wconf 74' lang='lat' dir='ltr'><strong>dicerent)</strong></span> 
     </span>
     <span class='ocr_line' id='line_1_65' title="bbox 2140 1523 3711 1589; baseline -0.003 -14"><span class='ocrx_word' id='word_1_573' title='bbox 2140 1528 2245 1575; x_wconf 82' lang='lat' dir='ltr'><strong>erat</strong></span> <span class='ocrx_word' id='word_1_574' title='bbox 2268 1527 2535 1589; x_wconf 74' lang='lat' dir='ltr'><strong>Speusippo</strong></span> <span class='ocrx_word' id='word_1_575' title='bbox 2566 1526 2806 1588; x_wconf 90' lang='lat' dir='ltr'><strong>reliquum</strong></span> <span class='ocrx_word' id='word_1_576' title='bbox 2820 1527 2955 1588; x_wconf 89' lang='lat' dir='ltr'><strong>quod</strong></span> <span class='ocrx_word' id='word_1_577' title='bbox 2976 1526 3237 1587; x_wconf 80' lang='lat' dir='ltr'><strong>opponeret</strong></span> <span class='ocrx_word' id='word_1_578' title='bbox 3258 1523 3389 1574; x_wconf 83' lang='lat' dir='ltr'><strong>aliud</strong></span> <span class='ocrx_word' id='word_1_579' title='bbox 3408 1538 3565 1588; x_wconf 85' lang='lat' dir='ltr'><strong>quam</strong></span> <span class='ocrx_word' id='word_1_580' title='bbox 3588 1526 3711 1573; x_wconf 84' lang='lat' dir='ltr'><strong>hoc:</strong></span> 
     </span>
     <span class='ocr_line' id='line_1_66' title="bbox 2142 1602 3715 1665; baseline -0.001 -12"><span class='ocrx_word' id='word_1_581' title='bbox 2142 1622 2167 1647; x_wconf 74' lang='grc' dir='ltr'><strong>«ι</strong></span> <span class='ocrx_word' id='word_1_582' title='bbox 2190 1602 2319 1661; x_wconf 84' lang='lat' dir='ltr'><strong>Quid</strong></span> <span class='ocrx_word' id='word_1_583' title='bbox 2334 1605 2389 1653; x_wconf 88' lang='lat' dir='ltr'><strong>tu</strong></span> <span class='ocrx_word' id='word_1_584' title='bbox 2412 1604 2533 1653; x_wconf 75' lang='lat' dir='ltr'><strong>milii</strong></span> <span class='ocrx_word' id='word_1_585' title='bbox 2550 1603 2726 1665; x_wconf 77' lang='lat' dir='ltr'><strong>multa,</strong></span> <span class='ocrx_word' id='word_1_586' title='bbox 2746 1605 2957 1665; x_wconf 78' lang='lat' dir='ltr'><strong>Leogora</strong></span> <span class='ocrx_word' id='word_1_587' title='bbox 2970 1640 2985 1664; x_wconf 89' lang='lat'><strong>,</strong></span> <span class='ocrx_word' id='word_1_588' title='bbox 3006 1602 3067 1652; x_wconf 90' lang='lat' dir='ltr'><strong>de</strong></span> <span class='ocrx_word' id='word_1_589' title='bbox 3082 1602 3332 1665; x_wconf 74' lang='lat' dir='ltr'><strong>mancipiis</strong></span> <span class='ocrx_word' id='word_1_590' title='bbox 3348 1602 3597 1653; x_wconf 78' lang='lat' dir='ltr'><strong>blateras?</strong></span> <span class='ocrx_word' id='word_1_591' title='bbox 3614 1606 3715 1653; x_wconf 75' lang='lat' dir='ltr'><strong>Non</strong></span> 
     </span>
     <span class='ocr_line' id='line_1_67' title="bbox 2140 1681 3716 1734; baseline -0.001 -1"><span class='ocrx_word' id='word_1_592' title='bbox 2140 1682 2265 1733; x_wconf 82' lang='lat' dir='ltr'><strong>tilius</strong></span> <span class='ocrx_word' id='word_1_593' title='bbox 2286 1684 2335 1731; x_wconf 90' lang='lat' dir='ltr'><strong>te</strong></span> <span class='ocrx_word' id='word_1_594' title='bbox 2357 1684 2471 1731; x_wconf 80' lang='lat' dir='ltr'><strong>tuus</strong></span> <span class='ocrx_word' id='word_1_595' title='bbox 2491 1682 2753 1732; x_wconf 76' lang='lat' dir='ltr'><strong>indicavit?</strong></span> <span class='ocrx_word' id='word_1_596' title='bbox 2784 1696 2881 1731; x_wconf 89' lang='lat' dir='ltr'><strong>non</strong></span> <span class='ocrx_word' id='word_1_597' title='bbox 2898 1681 2940 1732; x_wconf 85' lang='lat' dir='ltr'><strong>is</strong></span> <span class='ocrx_word' id='word_1_598' title='bbox 2968 1684 3019 1731; x_wconf 88' lang='lat' dir='ltr'><strong>te</strong></span> <span class='ocrx_word' id='word_1_599' title='bbox 3039 1683 3109 1731; x_wconf 81' lang='lat' dir='ltr'><strong>ait</strong></span> <span class='ocrx_word' id='word_1_600' title='bbox 3134 1681 3185 1731; x_wconf 84' lang='lat' dir='ltr'><strong>in</strong></span> <span class='ocrx_word' id='word_1_601' title='bbox 3208 1682 3455 1734; x_wconf 84' lang='lat' dir='ltr'><strong>Themaco</strong></span> <span class='ocrx_word' id='word_1_602' title='bbox 3482 1682 3716 1731; x_wconf 72' lang='lat' dir='ltr'><strong>affuisse?</strong></span> 
     </span>
     <span class='ocr_line' id='line_1_68' title="bbox 2140 1758 3715 1825; baseline -0.002 -13"><span class='ocrx_word' id='word_1_603' title='bbox 2140 1768 2299 1825; x_wconf 73' lang='lat' dir='ltr'><strong>Argue</strong></span> <span class='ocrx_word' id='word_1_604' title='bbox 2316 1768 2369 1811; x_wconf 84' lang='lat' dir='ltr'><strong>tu</strong></span> <span class='ocrx_word' id='word_1_605' title='bbox 2382 1798 2398 1823; x_wconf 90' lang='lat'><strong>,</strong></span> <span class='ocrx_word' id='word_1_606' title='bbox 2421 1759 2665 1811; x_wconf 80' lang='lat' dir='ltr'><strong>Andocide</strong></span> <span class='ocrx_word' id='word_1_607' title='bbox 2676 1797 2692 1824; x_wconf 93' lang='lat'><strong>,</strong></span> <span class='ocrx_word' id='word_1_608' title='bbox 2710 1762 2897 1824; x_wconf 72' lang='lat' dir='ltr'><strong>patrem</strong></span> <span class='ocrx_word' id='word_1_609' title='bbox 2913 1797 2928 1823; x_wconf 95' lang='lat'><strong>,</strong></span> <span class='ocrx_word' id='word_1_610' title='bbox 2948 1762 3033 1809; x_wconf 80' lang='lat' dir='ltr'><strong>aut</strong></span> <span class='ocrx_word' id='word_1_611' title='bbox 3049 1760 3183 1810; x_wconf 77' lang='lat' dir='ltr'><strong>nulls</strong></span> <span class='ocrx_word' id='word_1_612' title='bbox 3208 1758 3299 1809; x_wconf 85' lang='lat' dir='ltr'><strong>tihi</strong></span> <span class='ocrx_word' id='word_1_613' title='bbox 3316 1762 3537 1823; x_wconf 80' lang='lat' dir='ltr'><strong>superest</strong></span> <span class='ocrx_word' id='word_1_614' title='bbox 3554 1761 3715 1823; x_wconf 78' lang='lat' dir='ltr'><strong>impu-</strong></span> 
     </span>
     <span class='ocr_line' id='line_1_69' title="bbox 2140 1837 3753 1901; baseline 0 -12"><span class='ocrx_word' id='word_1_615' title='bbox 2140 1840 2283 1891; x_wconf 74' lang='lat' dir='ltr'><strong>nitas.</strong></span> <span class='ocrx_word' id='word_1_616' title='bbox 2302 1860 2327 1883; x_wconf 83' lang='lat'>»</span> <span class='ocrx_word' id='word_1_617' title='bbox 2390 1841 2491 1889; x_wconf 78' lang='lat' dir='ltr'><strong>Hac</strong></span> <span class='ocrx_word' id='word_1_618' title='bbox 2509 1842 2726 1889; x_wconf 86' lang='lat' dir='ltr'><strong>oratione</strong></span> <span class='ocrx_word' id='word_1_619' title='bbox 2746 1840 2853 1888; x_wconf 87' lang='lat' dir='ltr'><strong>tum</strong></span> <span class='ocrx_word' id='word_1_620' title='bbox 2884 1838 3050 1889; x_wconf 79' lang='lat' dir='ltr'><strong>fuisset</strong></span> <span class='ocrx_word' id='word_1_621' title='bbox 3082 1850 3260 1889; x_wconf 82' lang='lat' dir='ltr'><strong>usurus</strong></span> <span class='ocrx_word' id='word_1_622' title='bbox 3282 1837 3609 1901; x_wconf 54' lang='lat' dir='ltr'><strong>Speusippum</strong></span> <span class='ocrx_word' id='word_1_623' title='bbox 3636 1842 3719 1889; x_wconf 84' lang='lat' dir='ltr'><strong>aut</strong></span> <span class='ocrx_word' id='word_1_624' title='bbox 3744 1858 3753 1865; x_wconf 92' lang='lat'><strong>·</strong></span> 
     </span>
     <span class='ocr_line' id='line_1_70' title="bbox 2141 1914 3718 1981; baseline 0.001 -13"><span class='ocrx_word' id='word_1_625' title='bbox 2141 1932 2260 1969; x_wconf 88' lang='lat' dir='ltr'><strong>num</strong></span> <span class='ocrx_word' id='word_1_626' title='bbox 2278 1918 2440 1967; x_wconf 85' lang='lat' dir='ltr'><strong>minus</strong></span> <span class='ocrx_word' id='word_1_627' title='bbox 2459 1916 2595 1968; x_wconf 79' lang='lat' dir='ltr'><strong>vobis</strong></span> <span class='ocrx_word' id='word_1_628' title='bbox 2610 1916 2833 1967; x_wconf 72' lang='lat' dir='ltr'><strong>videtur?</strong></span> <span class='ocrx_word' id='word_1_629' title='bbox 2856 1921 3039 1967; x_wconf 82' lang='lat' dir='ltr'><strong>usurus</strong></span> <span class='ocrx_word' id='word_1_630' title='bbox 3060 1916 3231 1979; x_wconf 88' lang='lat' dir='ltr'><strong>utique</strong></span> <span class='ocrx_word' id='word_1_631' title='bbox 3254 1914 3345 1966; x_wconf 80' lang='lat' dir='ltr'><strong>suit</strong></span> <span class='ocrx_word' id='word_1_632' title='bbox 3357 1953 3373 1980; x_wconf 93' lang='lat'><strong>,</strong></span> <span class='ocrx_word' id='word_1_633' title='bbox 3392 1930 3504 1967; x_wconf 79' lang='lat' dir='ltr'><strong>mea</strong></span> <span class='ocrx_word' id='word_1_634' title='bbox 3518 1917 3718 1981; x_wconf 84' lang='lat' dir='ltr'><strong>quidem</strong></span> 
     </span>
     <span class='ocr_line' id='line_1_71' title="bbox 2140 1993 3717 2060; baseline -0.001 -12"><span class='ocrx_word' id='word_1_635' title='bbox 2140 1997 2393 2047; x_wconf 80' lang='lat' dir='ltr'><strong>sententia.</strong></span> <span class='ocrx_word' id='word_1_636' title='bbox 2462 1996 2560 2060; x_wconf 78' lang='lat'>(23)</span> <span class='ocrx_word' id='word_1_637' title='bbox 2594 1994 2778 2052; x_wconf 81' lang='lat' dir='ltr'><strong>Quodsi</strong></span> <span class='ocrx_word' id='word_1_638' title='bbox 2822 2006 2936 2058; x_wconf 84' lang='lat' dir='ltr'><strong>ergo</strong></span> <span class='ocrx_word' id='word_1_639' title='bbox 2976 1994 3026 2044; x_wconf 88' lang='lat' dir='ltr'><strong>in</strong></span> <span class='ocrx_word' id='word_1_640' title='bbox 3069 1993 3307 2057; x_wconf 76' lang='lat' dir='ltr'><strong>judicium</strong></span> <span class='ocrx_word' id='word_1_641' title='bbox 3348 1996 3459 2045; x_wconf 89' lang='lat' dir='ltr'><strong>tum</strong></span> <span class='ocrx_word' id='word_1_642' title='bbox 3496 1997 3717 2059; x_wconf 79' lang='lat' dir='ltr'><strong>ascensi,</strong></span> 
     </span>
     <span class='ocr_line' id='line_1_72' title="bbox 2140 2071 3721 2136; baseline 0 -11"><span class='ocrx_word' id='word_1_643' title='bbox 2140 2078 2225 2126; x_wconf 81' lang='lat' dir='ltr'><strong>aut</strong></span> <span class='ocrx_word' id='word_1_644' title='bbox 2245 2088 2403 2125; x_wconf 80' lang='lat' dir='ltr'><strong>senno</strong></span> <span class='ocrx_word' id='word_1_645' title='bbox 2420 2074 2482 2125; x_wconf 92' lang='lat' dir='ltr'><strong>de</strong></span> <span class='ocrx_word' id='word_1_646' title='bbox 2512 2086 2592 2123; x_wconf 86' lang='lat' dir='ltr'><strong>me</strong></span> <span class='ocrx_word' id='word_1_647' title='bbox 2614 2073 2707 2123; x_wconf 83' lang='lat' dir='ltr'><strong>ruit</strong></span> <span class='ocrx_word' id='word_1_648' title='bbox 2720 2108 2737 2136; x_wconf 97' lang='lat'><strong>,</strong></span> <span class='ocrx_word' id='word_1_649' title='bbox 2760 2074 2849 2123; x_wconf 87' lang='lat' dir='ltr'><strong>aut</strong></span> <span class='ocrx_word' id='word_1_650' title='bbox 2874 2071 3101 2123; x_wconf 84' lang='lat' dir='ltr'><strong>indicatio</strong></span> <span class='ocrx_word' id='word_1_651' title='bbox 3122 2072 3349 2136; x_wconf 79' lang='lat' dir='ltr'><strong>quoedam</strong></span> <span class='ocrx_word' id='word_1_652' title='bbox 3376 2074 3455 2123; x_wconf 79' lang='lat' dir='ltr'><strong>vel</strong></span> <span class='ocrx_word' id='word_1_653' title='bbox 3472 2074 3721 2127; x_wconf 82' lang='lat' dir='ltr'><strong>indiculus</strong></span> 
     </span>
     <span class='ocr_line' id='line_1_73' title="bbox 2141 2154 3719 2222; baseline 0.001 -13"><span class='ocrx_word' id='word_1_654' title='bbox 2141 2160 2326 2222; x_wconf 82' lang='lat' dir='ltr'><strong>exstat,</strong></span> <span class='ocrx_word' id='word_1_655' title='bbox 2352 2171 2451 2208; x_wconf 89' lang='lat' dir='ltr'><strong>non</strong></span> <span class='ocrx_word' id='word_1_656' title='bbox 2468 2156 2627 2207; x_wconf 84' lang='lat' dir='ltr'><strong>dicam</strong></span> <span class='ocrx_word' id='word_1_657' title='bbox 2645 2167 2678 2204; x_wconf 77' lang='lat' dir='ltr'><strong>s</strong></span> <span class='ocrx_word' id='word_1_658' title='bbox 2694 2167 2775 2205; x_wconf 87' lang='lat' dir='ltr'><strong>me</strong></span> <span class='ocrx_word' id='word_1_659' title='bbox 2786 2156 2837 2204; x_wconf 88' lang='lat' dir='ltr'><strong>in</strong></span> <span class='ocrx_word' id='word_1_660' title='bbox 2852 2154 3003 2205; x_wconf 84' lang='lat' dir='ltr'><strong>alium</strong></span> <span class='ocrx_word' id='word_1_661' title='bbox 3015 2193 3031 2219; x_wconf 91' lang='lat'><strong>,</strong></span> <span class='ocrx_word' id='word_1_662' title='bbox 3050 2154 3133 2205; x_wconf 81' lang='lat' dir='ltr'><strong>sed</strong></span> <span class='ocrx_word' id='word_1_663' title='bbox 3150 2156 3455 2207; x_wconf 74' lang='lat' dir='ltr'><strong>solummodo</strong></span> <span class='ocrx_word' id='word_1_664' title='bbox 3472 2158 3538 2208; x_wconf 81' lang='lat' dir='ltr'><strong>ab</strong></span> <span class='ocrx_word' id='word_1_665' title='bbox 3554 2159 3653 2210; x_wconf 84' lang='lat' dir='ltr'><strong>alio</strong></span> <span class='ocrx_word' id='word_1_666' title='bbox 3668 2160 3719 2209; x_wconf 87' lang='lat' dir='ltr'><strong>in</strong></span> 
     </span>
     <span class='ocr_line' id='line_1_74' title="bbox 2140 2232 3719 2301; baseline 0.001 -14"><span class='ocrx_word' id='word_1_667' title='bbox 2140 2248 2221 2286; x_wconf 86' lang='lat' dir='ltr'><strong>me</strong></span> <span class='ocrx_word' id='word_1_668' title='bbox 2250 2238 2357 2287; x_wconf 88' lang='lat' dir='ltr'><strong>tum</strong></span> <span class='ocrx_word' id='word_1_669' title='bbox 2387 2234 2627 2301; x_wconf 79' lang='lat' dir='ltr'><strong>prolatus3</strong></span> <span class='ocrx_word' id='word_1_670' title='bbox 2668 2232 2912 2283; x_wconf 70' lang='lat' dir='ltr'><strong>ascendite&gt;</strong></span> <span class='ocrx_word' id='word_1_671' title='bbox 2936 2233 3035 2284; x_wconf 88' lang='lat' dir='ltr'><strong>huc</strong></span> <span class='ocrx_word' id='word_1_672' title='bbox 3068 2234 3349 2298; x_wconf 84' lang='lat' dir='ltr'><strong>quicunque</strong></span> <span class='ocrx_word' id='word_1_673' title='bbox 3382 2237 3519 2299; x_wconf 79' lang='lat' dir='ltr'><strong>vult,</strong></span> <span class='ocrx_word' id='word_1_674' title='bbox 3546 2240 3601 2288; x_wconf 84' lang='lat' dir='ltr'><strong>et</strong></span> <span class='ocrx_word' id='word_1_675' title='bbox 3639 2252 3719 2288; x_wconf 88' lang='lat' dir='ltr'><strong>me</strong></span> 
     </span>
     <span class='ocr_line' id='line_1_75' title="bbox 2141 2314 3719 2381; baseline 0.003 -16"><span class='ocrx_word' id='word_1_676' title='bbox 2141 2317 2401 2380; x_wconf 75' lang='lat' dir='ltr'><strong>cosi-guito.</strong></span> <span class='ocrx_word' id='word_1_677' title='bbox 2466 2320 2647 2367; x_wconf 78' lang='lat' dir='ltr'><strong>verum</strong></span> <span class='ocrx_word' id='word_1_678' title='bbox 2660 2315 2905 2365; x_wconf 78' lang='lat' dir='ltr'><strong>enimvero</strong></span> <span class='ocrx_word' id='word_1_679' title='bbox 2918 2327 3017 2363; x_wconf 89' lang='lat' dir='ltr'><strong>non</strong></span> <span class='ocrx_word' id='word_1_680' title='bbox 3048 2314 3161 2364; x_wconf 80' lang='lat' dir='ltr'><strong>novi</strong></span> <span class='ocrx_word' id='word_1_681' title='bbox 3174 2352 3192 2379; x_wconf 94' lang='lat'><strong>,</strong></span> <span class='ocrx_word' id='word_1_682' title='bbox 3210 2314 3295 2379; x_wconf 88' lang='lat' dir='ltr'><strong>qui</strong></span> <span class='ocrx_word' id='word_1_683' title='bbox 3322 2318 3477 2379; x_wconf 83' lang='lat' dir='ltr'><strong>magis</strong></span> <span class='ocrx_word' id='word_1_684' title='bbox 3499 2318 3655 2381; x_wconf 84' lang='lat' dir='ltr'><strong>impia</strong></span> <span class='ocrx_word' id='word_1_685' title='bbox 3670 2324 3719 2369; x_wconf 86' lang='lat' dir='ltr'><strong>et</strong></span> 
     </span>
     <span class='ocr_line' id='line_1_76' title="bbox 2142 2390 3721 2459; baseline 0.001 -14"><span class='ocrx_word' id='word_1_686' title='bbox 2142 2392 2531 2458; x_wconf 81' lang='lat' dir='ltr'><strong>improbabiliora</strong></span> <span class='ocrx_word' id='word_1_687' title='bbox 2546 2390 2789 2455; x_wconf 83' lang='lat' dir='ltr'><strong>dixerint,</strong></span> <span class='ocrx_word' id='word_1_688' title='bbox 2810 2404 2956 2455; x_wconf 83' lang='lat' dir='ltr'><strong>quam</strong></span> <span class='ocrx_word' id='word_1_689' title='bbox 2976 2390 3029 2439; x_wconf 82' lang='lat' dir='ltr'><strong>hi</strong></span> <span class='ocrx_word' id='word_1_690' title='bbox 3042 2428 3057 2453; x_wconf 93' lang='lat'><strong>,</strong></span> <span class='ocrx_word' id='word_1_691' title='bbox 3081 2391 3165 2457; x_wconf 82' lang='lat' dir='ltr'><strong>qui</strong></span> <span class='ocrx_word' id='word_1_692' title='bbox 3186 2404 3243 2441; x_wconf 89' lang='lat' dir='ltr'><strong>eo</strong></span> <span class='ocrx_word' id='word_1_693' title='bbox 3266 2395 3457 2443; x_wconf 83' lang='lat' dir='ltr'><strong>tantum</strong></span> <span class='ocrx_word' id='word_1_694' title='bbox 3472 2408 3603 2459; x_wconf 84' lang='lat' dir='ltr'><strong>opus</strong></span> <span class='ocrx_word' id='word_1_695' title='bbox 3618 2410 3721 2446; x_wconf 67' lang='lat' dir='ltr'><strong>esse</strong></span> 
     </span>
     <span class='ocr_line' id='line_1_77' title="bbox 2142 2466 3719 2535; baseline 0.001 -15"><span class='ocrx_word' id='word_1_696' title='bbox 2142 2472 2375 2535; x_wconf 88' lang='lat' dir='ltr'><strong>putarunt</strong></span> <span class='ocrx_word' id='word_1_697' title='bbox 2398 2470 2453 2519; x_wconf 90' lang='lat' dir='ltr'><strong>ut</strong></span> <span class='ocrx_word' id='word_1_698' title='bbox 2470 2467 2701 2518; x_wconf 76' lang='lat' dir='ltr'><strong>auderent</strong></span> <span class='ocrx_word' id='word_1_699' title='bbox 2720 2479 2947 2516; x_wconf 84' lang='lat' dir='ltr'><strong>accusare</strong></span> <span class='ocrx_word' id='word_1_700' title='bbox 2962 2482 2977 2528; x_wconf 79' lang='lat'>3</span> <span class='ocrx_word' id='word_1_701' title='bbox 2995 2466 3115 2529; x_wconf 90' lang='lat' dir='ltr'><strong>quid</strong></span> <span class='ocrx_word' id='word_1_702' title='bbox 3131 2468 3295 2516; x_wconf 88' lang='lat' dir='ltr'><strong>autem</strong></span> <span class='ocrx_word' id='word_1_703' title='bbox 3316 2468 3541 2519; x_wconf 75' lang='lat' dir='ltr'><strong>futurum</strong></span> <span class='ocrx_word' id='word_1_704' title='bbox 3566 2476 3691 2521; x_wconf 68' lang='lat' dir='ltr'><strong>esset</strong></span> <span class='ocrx_word' id='word_1_705' title='bbox 3702 2509 3719 2533; x_wconf 88' lang='lat'><strong>,</strong></span> 
     </span>
     <span class='ocr_line' id='line_1_78' title="bbox 2142 2542 3725 2607; baseline 0.002 -11"><span class='ocrx_word' id='word_1_706' title='bbox 2142 2547 2183 2596; x_wconf 81' lang='lat' dir='ltr'><strong>si</strong></span> <span class='ocrx_word' id='word_1_707' title='bbox 2210 2544 2443 2596; x_wconf 84' lang='lat' dir='ltr'><strong>mendacii</strong></span> <span class='ocrx_word' id='word_1_708' title='bbox 2462 2543 2884 2606; x_wconf 77' lang='lat' dir='ltr'><strong>convincerentur,</strong></span> <span class='ocrx_word' id='word_1_709' title='bbox 2902 2542 3021 2591; x_wconf 83' lang='lat' dir='ltr'><strong>nihil</strong></span> <span class='ocrx_word' id='word_1_710' title='bbox 3036 2544 3286 2593; x_wconf 86' lang='lat' dir='ltr'><strong>curarunt.</strong></span> <span class='ocrx_word' id='word_1_711' title='bbox 3353 2546 3453 2607; x_wconf 77' lang='lat'><strong>(24)</strong></span> <span class='ocrx_word' id='word_1_712' title='bbox 3477 2548 3725 2603; x_wconf 81' lang='lat' dir='ltr'><strong>Quemad-</strong></span> 
     </span>
     <span class='ocr_line' id='line_1_79' title="bbox 2144 2618 3723 2684; baseline 0 -12"><span class='ocrx_word' id='word_1_713' title='bbox 2144 2622 2343 2672; x_wconf 84' lang='lat' dir='ltr'><strong>modum</strong></span> <span class='ocrx_word' id='word_1_714' title='bbox 2362 2622 2525 2684; x_wconf 81' lang='lat' dir='ltr'><strong>igitur,</strong></span> <span class='ocrx_word' id='word_1_715' title='bbox 2551 2634 2669 2670; x_wconf 78' lang='lat' dir='ltr'><strong>vera</strong></span> <span class='ocrx_word' id='word_1_716' title='bbox 2683 2621 2723 2670; x_wconf 87' lang='lat' dir='ltr'><strong>si</strong></span> <span class='ocrx_word' id='word_1_717' title='bbox 2740 2620 2941 2670; x_wconf 78' lang='lat' dir='ltr'><strong>fuissent</strong></span> <span class='ocrx_word' id='word_1_718' title='bbox 2957 2618 3161 2669; x_wconf 84' lang='lat' dir='ltr'><strong>crimina</strong></span> <span class='ocrx_word' id='word_1_719' title='bbox 3182 2632 3393 2682; x_wconf 87' lang='lat' dir='ltr'><strong>quorum</strong></span> <span class='ocrx_word' id='word_1_720' title='bbox 3418 2634 3499 2671; x_wconf 84' lang='lat' dir='ltr'><strong>me</strong></span> <span class='ocrx_word' id='word_1_721' title='bbox 3522 2624 3723 2674; x_wconf 85' lang='lat' dir='ltr'><strong>insimu-</strong></span> 
     </span>
     <span class='ocr_line' id='line_1_80' title="bbox 2142 2694 3720 2760; baseline 0.001 -12"><span class='ocrx_word' id='word_1_722' title='bbox 2142 2698 2277 2760; x_wconf 88' lang='lat' dir='ltr'><strong>lant,</strong></span> <span class='ocrx_word' id='word_1_723' title='bbox 2296 2712 2383 2747; x_wconf 83' lang='lat' dir='ltr'><strong>vos</strong></span> <span class='ocrx_word' id='word_1_724' title='bbox 2406 2695 2637 2759; x_wconf 75' lang='lat' dir='ltr'><strong>indignati</strong></span> <span class='ocrx_word' id='word_1_725' title='bbox 2658 2708 2851 2759; x_wconf 81' lang='lat' dir='ltr'><strong>poeuam</strong></span> <span class='ocrx_word' id='word_1_726' title='bbox 2864 2694 2984 2743; x_wconf 83' lang='lat' dir='ltr'><strong>mihi</strong></span> <span class='ocrx_word' id='word_1_727' title='bbox 3000 2694 3329 2757; x_wconf 67' lang='lat' dir='ltr'><strong>mvissimam</strong></span> <span class='ocrx_word' id='word_1_728' title='bbox 3342 2694 3573 2747; x_wconf 83' lang='lat' dir='ltr'><strong>intlicturi</strong></span> <span class='ocrx_word' id='word_1_729' title='bbox 3602 2700 3720 2749; x_wconf 75' lang='lat' dir='ltr'><strong>fuis-</strong></span> 
     </span>
    </p>
   </div>
   <div class='ocr_carea' id='block_1_6' title="bbox 2142 2770 3810 2919">
    <p class='ocr_par' dir='ltr' id='par_1_8' title="bbox 2142 2770 3810 2919">
     <span class='ocr_line' id='line_1_81' title="bbox 2142 2770 3810 2839; baseline -0.001 -14"><span class='ocrx_word' id='word_1_730' title='bbox 2142 2774 2367 2837; x_wconf 79' lang='lat' dir='ltr'><strong>setis,sic</strong></span> <span class='ocrx_word' id='word_1_731' title='bbox 2381 2783 2469 2836; x_wconf 80' lang='lat' dir='ltr'><strong>ego</strong></span> <span class='ocrx_word' id='word_1_732' title='bbox 2491 2785 2581 2823; x_wconf 78' lang='lat' dir='ltr'><strong>vos</strong></span> <span class='ocrx_word' id='word_1_733' title='bbox 2594 2784 2726 2821; x_wconf 88' lang='lat' dir='ltr'><strong>nunc</strong></span> <span class='ocrx_word' id='word_1_734' title='bbox 2752 2785 2867 2835; x_wconf 75' lang='lat' dir='ltr'><strong>rogo</strong></span> <span class='ocrx_word' id='word_1_735' title='bbox 2900 2773 2955 2821; x_wconf 87' lang='lat' dir='ltr'><strong>ut</strong></span> <span class='ocrx_word' id='word_1_736' title='bbox 2978 2770 3093 2833; x_wconf 76' lang='lat' dir='ltr'><strong>lios,</strong></span> <span class='ocrx_word' id='word_1_737' title='bbox 3118 2784 3243 2834; x_wconf 82' lang='lat' dir='ltr'><strong>quos</strong></span> <span class='ocrx_word' id='word_1_738' title='bbox 3269 2771 3526 2823; x_wconf 73' lang='lat' dir='ltr'><strong>mendaces</strong></span> <span class='ocrx_word' id='word_1_739' title='bbox 3548 2775 3723 2839; x_wconf 81' lang='lat' dir='ltr'><strong>depre-</strong></span> <span class='ocrx_word' id='word_1_740' title='bbox 3809 2822 3810 2839; x_wconf 15' lang='grc' dir='ltr'><strong>ξ</strong></span> 
     </span>
     <span class='ocr_line' id='line_1_82' title="bbox 2144 2842 3810 2919; baseline 0.004 -22"><span class='ocrx_word' id='word_1_741' title='bbox 2144 2848 2430 2913; x_wconf 70' lang='lat' dir='ltr'><strong>houden-itis,</strong></span> <span class='ocrx_word' id='word_1_742' title='bbox 2462 2848 2683 2898; x_wconf 82' lang='lat' dir='ltr'><strong>homines</strong></span> <span class='ocrx_word' id='word_1_743' title='bbox 2720 2848 2891 2910; x_wconf 89' lang='lat' dir='ltr'><strong>impios</strong></span> <span class='ocrx_word' id='word_1_744' title='bbox 2925 2846 3168 2910; x_wconf 80' lang='lat' dir='ltr'><strong>habeatis,</strong></span> <span class='ocrx_word' id='word_1_745' title='bbox 3192 2848 3257 2919; x_wconf 31' lang='lat' dir='ltr'><strong>*et</strong></span> <span class='ocrx_word' id='word_1_746' title='bbox 3287 2847 3403 2897; x_wconf 85' lang='lat' dir='ltr'><strong>hinc</strong></span> <span class='ocrx_word' id='word_1_747' title='bbox 3434 2850 3679 2915; x_wconf 81' lang='lat' dir='ltr'><strong>colligatis</strong></span> <span class='ocrx_word' id='word_1_748' title='bbox 3702 2888 3717 2913; x_wconf 90' lang='lat'><strong>,</strong></span> <span class='ocrx_word' id='word_1_749' title='bbox 3809 2842 3810 2871; x_wconf 70' lang='lat'>³</span> 
     </span>
    </p>
   </div>
   <div class='ocr_carea' id='block_1_7' title="bbox 2140 2926 3726 4278">
    <p class='ocr_par' dir='ltr' id='par_1_9' title="bbox 2144 2926 3723 3203">
     <span class='ocr_line' id='line_1_83' title="bbox 2146 2926 3723 2993; baseline 0.002 -13"><span class='ocrx_word' id='word_1_750' title='bbox 2146 2929 2272 2981; x_wconf 76' lang='lat' dir='ltr'><strong>sacili</strong></span> <span class='ocrx_word' id='word_1_751' title='bbox 2289 2929 2478 2993; x_wconf 82' lang='lat' dir='ltr'><strong>negotio</strong></span> <span class='ocrx_word' id='word_1_752' title='bbox 2500 2942 2581 2978; x_wconf 88' lang='lat' dir='ltr'><strong>me</strong></span> <span class='ocrx_word' id='word_1_753' title='bbox 2600 2940 2740 2992; x_wconf 83' lang='lat' dir='ltr'><strong>posse</strong></span> <span class='ocrx_word' id='word_1_754' title='bbox 2769 2927 2965 2990; x_wconf 81' lang='lat' dir='ltr'><strong>reliquis</strong></span> <span class='ocrx_word' id='word_1_755' title='bbox 2988 2940 3182 2991; x_wconf 86' lang='lat' dir='ltr'><strong>quoque</strong></span> <span class='ocrx_word' id='word_1_756' title='bbox 3204 2926 3255 2977; x_wconf 88' lang='lat' dir='ltr'><strong>in</strong></span> <span class='ocrx_word' id='word_1_757' title='bbox 3278 2928 3421 2978; x_wconf 76' lang='lat' dir='ltr'><strong>rebus</strong></span> <span class='ocrx_word' id='word_1_758' title='bbox 3435 2966 3451 2993; x_wconf 93' lang='lat'><strong>,</strong></span> <span class='ocrx_word' id='word_1_759' title='bbox 3470 2942 3589 2993; x_wconf 75' lang='lat' dir='ltr'><strong>quoe</strong></span> <span class='ocrx_word' id='word_1_760' title='bbox 3610 2945 3723 2983; x_wconf 81' lang='lat' dir='ltr'><strong>mo-</strong></span> 
     </span>
     <span class='ocr_line' id='line_1_84' title="bbox 2144 3002 3723 3071; baseline 0 -16"><span class='ocrx_word' id='word_1_761' title='bbox 2144 3005 2297 3056; x_wconf 86' lang='lat' dir='ltr'><strong>menti</strong></span> <span class='ocrx_word' id='word_1_762' title='bbox 2332 3009 2447 3055; x_wconf 83' lang='lat' dir='ltr'><strong>sunt</strong></span> <span class='ocrx_word' id='word_1_763' title='bbox 2477 3004 2633 3055; x_wconf 88' lang='lat' dir='ltr'><strong>multo</strong></span> <span class='ocrx_word' id='word_1_764' title='bbox 2653 3003 2879 3066; x_wconf 74' lang='lat' dir='ltr'><strong>levioriS,</strong></span> <span class='ocrx_word' id='word_1_765' title='bbox 2915 3003 3003 3054; x_wconf 83' lang='lat' dir='ltr'><strong>hos</strong></span> <span class='ocrx_word' id='word_1_766' title='bbox 3030 3002 3268 3053; x_wconf 83' lang='lat' dir='ltr'><strong>mendacii</strong></span> <span class='ocrx_word' id='word_1_767' title='bbox 3302 3017 3529 3070; x_wconf 78' lang='lat' dir='ltr'><strong>arguere,</strong></span> <span class='ocrx_word' id='word_1_768' title='bbox 3557 3010 3645 3071; x_wconf 82' lang='lat' dir='ltr'><strong>qui</strong></span> <span class='ocrx_word' id='word_1_769' title='bbox 3672 3011 3723 3062; x_wconf 79' lang='lat' dir='ltr'><strong>in</strong></span> 
     </span>
     <span class='ocr_line' id='line_1_85' title="bbox 2144 3075 3721 3143; baseline 0.005 -14"><span class='ocrx_word' id='word_1_770' title='bbox 2144 3078 2403 3129; x_wconf 85' lang='lat' dir='ltr'><strong>momentis</strong></span> <span class='ocrx_word' id='word_1_771' title='bbox 2418 3076 2737 3129; x_wconf 75' lang='lat' dir='ltr'><strong>accusationis</strong></span> <span class='ocrx_word' id='word_1_772' title='bbox 2752 3075 2893 3139; x_wconf 84' lang='lat' dir='ltr'><strong>longe</strong></span> <span class='ocrx_word' id='word_1_773' title='bbox 2908 3075 3199 3141; x_wconf 69' lang='lat' dir='ltr'><strong>gravissimis</strong></span> <span class='ocrx_word' id='word_1_774' title='bbox 3219 3080 3457 3143; x_wconf 76' lang='lat' dir='ltr'><strong>per-spioni</strong></span> <span class='ocrx_word' id='word_1_775' title='bbox 3478 3085 3721 3137; x_wconf 79' lang='lat' dir='ltr'><strong>mendacii</strong></span> 
     </span>
     <span class='ocr_line' id='line_1_86' title="bbox 2144 3152 2495 3203; baseline 0.003 -1"><span class='ocrx_word' id='word_1_776' title='bbox 2144 3152 2355 3203; x_wconf 84' lang='lat' dir='ltr'><strong>convicti</strong></span> <span class='ocrx_word' id='word_1_777' title='bbox 2376 3153 2495 3203; x_wconf 78' lang='lat' dir='ltr'><strong>sint.</strong></span> 
     </span>
    </p>

    <p class='ocr_par' dir='ltr' id='par_1_10' title="bbox 2140 3226 3726 4278">
     <span class='ocr_line' id='line_1_87' title="bbox 2207 3226 3723 3295; baseline 0.001 -18"><span class='ocrx_word' id='word_1_778' title='bbox 2207 3232 2285 3277; x_wconf 78' lang='lat'><strong>25.</strong></span> <span class='ocrx_word' id='word_1_779' title='bbox 2318 3229 2424 3277; x_wconf 77' lang='lat' dir='ltr'><strong>Hoc</strong></span> <span class='ocrx_word' id='word_1_780' title='bbox 2439 3226 2583 3291; x_wconf 76' lang='lat' dir='ltr'><strong>igitur</strong></span> <span class='ocrx_word' id='word_1_781' title='bbox 2600 3226 2745 3277; x_wconf 88' lang='lat' dir='ltr'><strong>modo</strong></span> <span class='ocrx_word' id='word_1_782' title='bbox 2766 3226 2997 3290; x_wconf 82' lang='lat' dir='ltr'><strong>quattuor</strong></span> <span class='ocrx_word' id='word_1_783' title='bbox 3018 3226 3161 3277; x_wconf 67' lang='lat' dir='ltr'><strong>factm</strong></span> <span class='ocrx_word' id='word_1_784' title='bbox 3177 3227 3293 3276; x_wconf 79' lang='lat' dir='ltr'><strong>sunt</strong></span> <span class='ocrx_word' id='word_1_785' title='bbox 3308 3226 3369 3277; x_wconf 89' lang='lat' dir='ltr'><strong>de</strong></span> <span class='ocrx_word' id='word_1_786' title='bbox 3384 3229 3535 3280; x_wconf 75' lang='lat' dir='ltr'><strong>sacris</strong></span> <span class='ocrx_word' id='word_1_787' title='bbox 3556 3234 3723 3295; x_wconf 71' lang='lat' dir='ltr'><strong>pmcn·</strong></span> 
     </span>
     <span class='ocr_line' id='line_1_88' title="bbox 2144 3303 3725 3370; baseline 0.003 -16"><span class='ocrx_word' id='word_1_788' title='bbox 2144 3305 2269 3355; x_wconf 87' lang='lat' dir='ltr'><strong>natis</strong></span> <span class='ocrx_word' id='word_1_789' title='bbox 2280 3305 2589 3357; x_wconf 65' lang='lat' dir='ltr'><strong>indicationes</strong></span> <span class='ocrx_word' id='word_1_790' title='bbox 2606 3306 2710 3369; x_wconf 78' lang='lat' dir='ltr'><strong>hae,</strong></span> <span class='ocrx_word' id='word_1_791' title='bbox 2730 3320 2850 3370; x_wconf 81' lang='lat' dir='ltr'><strong>quas</strong></span> <span class='ocrx_word' id='word_1_792' title='bbox 2868 3306 2968 3356; x_wconf 83' lang='lat' dir='ltr'><strong>dixi</strong></span> <span class='ocrx_word' id='word_1_793' title='bbox 2996 3324 3009 3355; x_wconf 73' lang='grc' dir='ltr'>ι</span> <span class='ocrx_word' id='word_1_794' title='bbox 3032 3303 3300 3355; x_wconf 88' lang='lat' dir='ltr'><strong>secundum</strong></span> <span class='ocrx_word' id='word_1_795' title='bbox 3316 3319 3527 3369; x_wconf 84' lang='lat' dir='ltr'><strong>quarum</strong></span> <span class='ocrx_word' id='word_1_796' title='bbox 3550 3323 3725 3361; x_wconf 74' lang='lat' dir='ltr'><strong>unam·</strong></span> 
     </span>
     <span class='ocr_line' id='line_1_89' title="bbox 2144 3383 3726 3448; baseline 0.004 -16"><span class='ocrx_word' id='word_1_797' title='bbox 2144 3396 2389 3448; x_wconf 85' lang='lat' dir='ltr'><strong>quamque</strong></span> <span class='ocrx_word' id='word_1_798' title='bbox 2412 3386 2496 3448; x_wconf 85' lang='lat' dir='ltr'><strong>qui</strong></span> <span class='ocrx_word' id='word_1_799' title='bbox 2522 3386 2572 3434; x_wconf 91' lang='lat' dir='ltr'><strong>in</strong></span> <span class='ocrx_word' id='word_1_800' title='bbox 2596 3384 2797 3435; x_wconf 84' lang='lat' dir='ltr'><strong>exilium</strong></span> <span class='ocrx_word' id='word_1_801' title='bbox 2826 3386 3011 3448; x_wconf 85' lang='lat' dir='ltr'><strong>ierunt,</strong></span> <span class='ocrx_word' id='word_1_802' title='bbox 3043 3397 3213 3434; x_wconf 87' lang='lat' dir='ltr'><strong>eorum</strong></span> <span class='ocrx_word' id='word_1_803' title='bbox 3236 3383 3373 3435; x_wconf 79' lang='lat' dir='ltr'><strong>vobis</strong></span> <span class='ocrx_word' id='word_1_804' title='bbox 3408 3388 3611 3439; x_wconf 82' lang='lat' dir='ltr'><strong>recitavi</strong></span> <span class='ocrx_word' id='word_1_805' title='bbox 3636 3404 3726 3439; x_wconf 91' lang='lat' dir='ltr'><strong>no-</strong></span> 
     </span>
     <span class='ocr_line' id='line_1_90' title="bbox 2143 3461 3725 3527; baseline 0.006 -17"><span class='ocrx_word' id='word_1_806' title='bbox 2143 3461 2304 3526; x_wconf 81' lang='lat' dir='ltr'><strong>mina,</strong></span> <span class='ocrx_word' id='word_1_807' title='bbox 2332 3464 2383 3513; x_wconf 90' lang='lat' dir='ltr'><strong>et</strong></span> <span class='ocrx_word' id='word_1_808' title='bbox 2412 3464 2559 3514; x_wconf 83' lang='lat' dir='ltr'><strong>testes</strong></span> <span class='ocrx_word' id='word_1_809' title='bbox 2582 3463 2744 3514; x_wconf 85' lang='lat' dir='ltr'><strong>testati</strong></span> <span class='ocrx_word' id='word_1_810' title='bbox 2782 3465 2915 3513; x_wconf 84' lang='lat' dir='ltr'><strong>sunt.</strong></span> <span class='ocrx_word' id='word_1_811' title='bbox 2982 3466 3080 3525; x_wconf 80' lang='lat' dir='ltr'><strong>Ego</strong></span> <span class='ocrx_word' id='word_1_812' title='bbox 3113 3477 3259 3526; x_wconf 74' lang='lat' dir='ltr'><strong>vero,</strong></span> <span class='ocrx_word' id='word_1_813' title='bbox 3297 3465 3563 3527; x_wconf 78' lang='lat' dir='ltr'><strong>quotidem</strong></span> <span class='ocrx_word' id='word_1_814' title='bbox 3584 3468 3725 3519; x_wconf 78' lang='lat' dir='ltr'><strong>vobis</strong></span> 
     </span>
     <span class='ocr_line' id='line_1_91' title="bbox 2144 3549 3719 3613; baseline 0.002 -11"><span class='ocrx_word' id='word_1_815' title='bbox 2144 3563 2304 3602; x_wconf 83' lang='lat' dir='ltr'><strong>creem</strong></span> <span class='ocrx_word' id='word_1_816' title='bbox 2324 3550 2461 3601; x_wconf 85' lang='lat' dir='ltr'><strong>tanto</strong></span> <span class='ocrx_word' id='word_1_817' title='bbox 2478 3551 2731 3601; x_wconf 73' lang='lat' dir='ltr'><strong>certiorem</strong></span> <span class='ocrx_word' id='word_1_818' title='bbox 2744 3587 2759 3613; x_wconf 95' lang='lat'><strong>,</strong></span> <span class='ocrx_word' id='word_1_819' title='bbox 2778 3551 2956 3613; x_wconf 82' lang='lat' dir='ltr'><strong>praeter</strong></span> <span class='ocrx_word' id='word_1_820' title='bbox 2974 3549 3065 3599; x_wconf 84' lang='lat' dir='ltr'><strong>ista</strong></span> <span class='ocrx_word' id='word_1_821' title='bbox 3082 3550 3177 3601; x_wconf 83' lang='lat' dir='ltr'><strong>hoc</strong></span> <span class='ocrx_word' id='word_1_822' title='bbox 3196 3550 3357 3602; x_wconf 81' lang='lat' dir='ltr'><strong>adhuc</strong></span> <span class='ocrx_word' id='word_1_823' title='bbox 3376 3551 3575 3604; x_wconf 72' lang='lat' dir='ltr'><strong>faciam.</strong></span> <span class='ocrx_word' id='word_1_824' title='bbox 3612 3560 3719 3607; x_wconf 80' lang='lat' dir='ltr'><strong>Eo-</strong></span> 
     </span>
     <span class='ocr_line' id='line_1_92' title="bbox 2144 3634 3722 3705; baseline 0.004 -21"><span class='ocrx_word' id='word_1_825' title='bbox 2144 3648 2283 3697; x_wconf 84' lang='lat' dir='ltr'><strong>rum,</strong></span> <span class='ocrx_word' id='word_1_826' title='bbox 2315 3635 2401 3699; x_wconf 88' lang='lat' dir='ltr'><strong>qui</strong></span> <span class='ocrx_word' id='word_1_827' title='bbox 2418 3647 2504 3698; x_wconf 90' lang='lat' dir='ltr'><strong>per</strong></span> <span class='ocrx_word' id='word_1_828' title='bbox 2521 3646 2715 3685; x_wconf 71' lang='lat' dir='ltr'><strong>cumam</strong></span> <span class='ocrx_word' id='word_1_829' title='bbox 2744 3634 2920 3684; x_wconf 82' lang='lat' dir='ltr'><strong>horum</strong></span> <span class='ocrx_word' id='word_1_830' title='bbox 2944 3646 3190 3685; x_wconf 82' lang='lat' dir='ltr'><strong>sacrorum</strong></span> <span class='ocrx_word' id='word_1_831' title='bbox 3220 3636 3269 3685; x_wconf 90' lang='lat' dir='ltr'><strong>in</strong></span> <span class='ocrx_word' id='word_1_832' title='bbox 3294 3636 3495 3687; x_wconf 85' lang='lat' dir='ltr'><strong>exilium</strong></span> <span class='ocrx_word' id='word_1_833' title='bbox 3525 3639 3722 3705; x_wconf 87' lang='lat' dir='ltr'><strong>ierunt,</strong></span> 
     </span>
     <span class='ocr_line' id='line_1_93' title="bbox 2144 3717 3725 3781; baseline 0.005 -14"><span class='ocrx_word' id='word_1_834' title='bbox 2144 3718 2225 3768; x_wconf 86' lang='lat' dir='ltr'><strong>alii</strong></span> <span class='ocrx_word' id='word_1_835' title='bbox 2255 3717 2561 3769; x_wconf 81' lang='lat' dir='ltr'><strong>decesserunt</strong></span> <span class='ocrx_word' id='word_1_836' title='bbox 2590 3717 2783 3781; x_wconf 80' lang='lat' dir='ltr'><strong>exules,</strong></span> <span class='ocrx_word' id='word_1_837' title='bbox 2822 3718 2902 3767; x_wconf 86' lang='lat' dir='ltr'><strong>alii</strong></span> <span class='ocrx_word' id='word_1_838' title='bbox 2940 3731 3057 3767; x_wconf 79' lang='lat' dir='ltr'><strong>vero</strong></span> <span class='ocrx_word' id='word_1_839' title='bbox 3092 3718 3295 3768; x_wconf 87' lang='lat' dir='ltr'><strong>domum</strong></span> <span class='ocrx_word' id='word_1_840' title='bbox 3324 3718 3571 3772; x_wconf 83' lang='lat' dir='ltr'><strong>redierunt</strong></span> <span class='ocrx_word' id='word_1_841' title='bbox 3594 3726 3645 3773; x_wconf 87' lang='lat' dir='ltr'><strong>et</strong></span> <span class='ocrx_word' id='word_1_842' title='bbox 3672 3722 3725 3775; x_wconf 90' lang='lat' dir='ltr'><strong>in</strong></span> 
     </span>
     <span class='ocr_line' id='line_1_94' title="bbox 2142 3798 3723 3865; baseline 0.004 -16"><span class='ocrx_word' id='word_1_843' title='bbox 2142 3800 2265 3851; x_wconf 86' lang='lat' dir='ltr'><strong>urbe</strong></span> <span class='ocrx_word' id='word_1_844' title='bbox 2288 3803 2539 3853; x_wconf 75' lang='lat' dir='ltr'><strong>versantur</strong></span> <span class='ocrx_word' id='word_1_845' title='bbox 2555 3802 2649 3850; x_wconf 84' lang='lat' dir='ltr'><strong>eta</strong></span> <span class='ocrx_word' id='word_1_846' title='bbox 2674 3812 2753 3849; x_wconf 88' lang='lat' dir='ltr'><strong>me</strong></span> <span class='ocrx_word' id='word_1_847' title='bbox 2776 3798 2965 3849; x_wconf 82' lang='lat' dir='ltr'><strong>invitati</strong></span> <span class='ocrx_word' id='word_1_848' title='bbox 2986 3800 3079 3851; x_wconf 82' lang='lat' dir='ltr'><strong>hoc</strong></span> <span class='ocrx_word' id='word_1_849' title='bbox 3109 3801 3161 3851; x_wconf 91' lang='lat' dir='ltr'><strong>in</strong></span> <span class='ocrx_word' id='word_1_850' title='bbox 3173 3800 3356 3863; x_wconf 83' lang='lat' dir='ltr'><strong>jndicio</strong></span> <span class='ocrx_word' id='word_1_851' title='bbox 3386 3806 3567 3865; x_wconf 71' lang='lat' dir='ltr'><strong>praesm</strong></span> <span class='ocrx_word' id='word_1_852' title='bbox 3598 3805 3723 3856; x_wconf 86' lang='lat' dir='ltr'><strong>mihi</strong></span> 
     </span>
     <span class='ocr_line' id='line_1_95' title="bbox 2140 3880 3723 3948; baseline 0.001 -15"><span class='ocrx_word' id='word_1_853' title='bbox 2140 3884 2273 3934; x_wconf 85' lang='lat' dir='ltr'><strong>sunt.</strong></span> <span class='ocrx_word' id='word_1_854' title='bbox 2308 3884 2406 3946; x_wconf 83' lang='grc'>(26)</span> <span class='ocrx_word' id='word_1_855' title='bbox 2429 3884 2615 3932; x_wconf 81' lang='lat' dir='ltr'><strong>Horum</strong></span> <span class='ocrx_word' id='word_1_856' title='bbox 2634 3882 2777 3945; x_wconf 84' lang='lat' dir='ltr'><strong>igitur</strong></span> <span class='ocrx_word' id='word_1_857' title='bbox 2792 3880 3055 3945; x_wconf 87' lang='lat' dir='ltr'><strong>unicuique</strong></span> <span class='ocrx_word' id='word_1_858' title='bbox 3076 3882 3299 3945; x_wconf 80' lang='lat' dir='ltr'><strong>permitto</strong></span> <span class='ocrx_word' id='word_1_859' title='bbox 3312 3920 3327 3947; x_wconf 88' lang='lat'><strong>,</strong></span> <span class='ocrx_word' id='word_1_860' title='bbox 3348 3886 3579 3934; x_wconf 82' lang='lat' dir='ltr'><strong>currente</strong></span> <span class='ocrx_word' id='word_1_861' title='bbox 3594 3897 3723 3948; x_wconf 80' lang='lat' dir='ltr'><strong>aqua</strong></span> 
     </span>
     <span class='ocr_line' id='line_1_96' title="bbox 2142 3964 3721 4029; baseline 0.001 -14"><span class='ocrx_word' id='word_1_862' title='bbox 2142 3978 2248 4015; x_wconf 84' lang='lat' dir='ltr'><strong>mea</strong></span> <span class='ocrx_word' id='word_1_863' title='bbox 2260 4004 2275 4029; x_wconf 93' lang='lat'><strong>,</strong></span> <span class='ocrx_word' id='word_1_864' title='bbox 2296 3964 2531 4016; x_wconf 83' lang='lat' dir='ltr'><strong>mendacii</strong></span> <span class='ocrx_word' id='word_1_865' title='bbox 2556 3966 2612 4015; x_wconf 88' lang='lat' dir='ltr'><strong>ut</strong></span> <span class='ocrx_word' id='word_1_866' title='bbox 2628 3978 2707 4015; x_wconf 90' lang='lat' dir='ltr'><strong>me</strong></span> <span class='ocrx_word' id='word_1_867' title='bbox 2723 3966 2976 4028; x_wconf 78' lang='lat' dir='ltr'><strong>coarguat,</strong></span> <span class='ocrx_word' id='word_1_868' title='bbox 3000 3964 3243 4029; x_wconf 86' lang='lat' dir='ltr'><strong>docendo,</strong></span> <span class='ocrx_word' id='word_1_869' title='bbox 3271 3966 3359 4015; x_wconf 84' lang='lat' dir='ltr'><strong>aut</strong></span> <span class='ocrx_word' id='word_1_870' title='bbox 3378 3964 3601 4028; x_wconf 86' lang='lat' dir='ltr'><strong>ipsorum</strong></span> <span class='ocrx_word' id='word_1_871' title='bbox 3624 3968 3721 4017; x_wconf 87' lang='lat' dir='ltr'><strong>all-</strong></span> 
     </span>
     <span class='ocr_line' id='line_1_97' title="bbox 2141 4046 3719 4112; baseline 0.002 -16"><span class='ocrx_word' id='word_1_872' title='bbox 2141 4060 2287 4112; x_wconf 88' lang='lat' dir='ltr'><strong>quem</strong></span> <span class='ocrx_word' id='word_1_873' title='bbox 2306 4050 2499 4112; x_wconf 82' lang='lat' dir='ltr'><strong>propter</strong></span> <span class='ocrx_word' id='word_1_874' title='bbox 2524 4060 2688 4098; x_wconf 88' lang='lat' dir='ltr'><strong>meum</strong></span> <span class='ocrx_word' id='word_1_875' title='bbox 2701 4046 2933 4097; x_wconf 87' lang='lat' dir='ltr'><strong>indicium</strong></span> <span class='ocrx_word' id='word_1_876' title='bbox 2948 4048 2997 4096; x_wconf 91' lang='lat' dir='ltr'><strong>in</strong></span> <span class='ocrx_word' id='word_1_877' title='bbox 3020 4046 3221 4098; x_wconf 81' lang='lat' dir='ltr'><strong>exilium</strong></span> <span class='ocrx_word' id='word_1_878' title='bbox 3238 4046 3492 4112; x_wconf 70' lang='lat' dir='ltr'><strong>migrasse,</strong></span> <span class='ocrx_word' id='word_1_879' title='bbox 3512 4051 3719 4099; x_wconf 82' lang='lat' dir='ltr'><strong>autnon</strong></span> 
     </span>
     <span class='ocr_line' id='line_1_98' title="bbox 2140 4128 3721 4195; baseline 0.001 -15"><span class='ocrx_word' id='word_1_880' title='bbox 2140 4129 2350 4193; x_wconf 79' lang='lat' dir='ltr'><strong>singulos</strong></span> <span class='ocrx_word' id='word_1_881' title='bbox 2368 4144 2585 4195; x_wconf 77' lang='lat' dir='ltr'><strong>quosque</strong></span> <span class='ocrx_word' id='word_1_882' title='bbox 2602 4130 2775 4194; x_wconf 75' lang='lat' dir='ltr'><strong>fugisse</strong></span> <span class='ocrx_word' id='word_1_883' title='bbox 2789 4142 2876 4193; x_wconf 86' lang='lat' dir='ltr'><strong>per</strong></span> <span class='ocrx_word' id='word_1_884' title='bbox 2890 4130 2999 4180; x_wconf 87' lang='lat' dir='ltr'><strong>illas</strong></span> <span class='ocrx_word' id='word_1_885' title='bbox 3014 4142 3135 4193; x_wconf 85' lang='lat' dir='ltr'><strong>quas</strong></span> <span class='ocrx_word' id='word_1_886' title='bbox 3156 4128 3304 4180; x_wconf 89' lang='lat' dir='ltr'><strong>modo</strong></span> <span class='ocrx_word' id='word_1_887' title='bbox 3330 4129 3435 4179; x_wconf 84' lang='lat' dir='ltr'><strong>dixi</strong></span> <span class='ocrx_word' id='word_1_888' title='bbox 3456 4130 3721 4181; x_wconf 82' lang='lat' dir='ltr'><strong>indicatio-</strong></span> 
     </span>
     <span class='ocr_line' id='line_1_99' title="bbox 2142 4212 3723 4278; baseline 0 -15"><span class='ocrx_word' id='word_1_889' title='bbox 2142 4226 2249 4265; x_wconf 86' lang='lat' dir='ltr'><strong>nes.</strong></span> <span class='ocrx_word' id='word_1_890' title='bbox 2313 4215 2363 4265; x_wconf 85' lang='lat' dir='ltr'><strong>sl</strong></span> <span class='ocrx_word' id='word_1_891' title='bbox 2402 4214 2511 4277; x_wconf 86' lang='lat' dir='ltr'><strong>quis</strong></span> <span class='ocrx_word' id='word_1_892' title='bbox 2540 4228 2621 4264; x_wconf 89' lang='lat' dir='ltr'><strong>me</strong></span> <span class='ocrx_word' id='word_1_893' title='bbox 2644 4212 2881 4264; x_wconf 84' lang='lat' dir='ltr'><strong>mendacii</strong></span> <span class='ocrx_word' id='word_1_894' title='bbox 2902 4216 3159 4277; x_wconf 74' lang='lat' dir='ltr'><strong>coarguat,</strong></span> <span class='ocrx_word' id='word_1_895' title='bbox 3178 4213 3377 4265; x_wconf 73' lang='lat' dir='ltr'><strong>statuite</strong></span> <span class='ocrx_word' id='word_1_896' title='bbox 3396 4212 3459 4264; x_wconf 90' lang='lat' dir='ltr'><strong>de</strong></span> <span class='ocrx_word' id='word_1_897' title='bbox 3480 4226 3563 4263; x_wconf 92' lang='lat' dir='ltr'><strong>me</strong></span> <span class='ocrx_word' id='word_1_898' title='bbox 3580 4217 3723 4278; x_wconf 80' lang='lat' dir='ltr'><strong>quic-</strong></span> 
     </span>
    </p>
   </div>
   <div class='ocr_carea' id='block_1_8' title="bbox 2142 4296 3720 4428">
    <p class='ocr_par' dir='ltr' id='par_1_11' title="bbox 2142 4296 3720 4428">
     <span class='ocr_line' id='line_1_100' title="bbox 2142 4296 3720 4426; baseline 0.002 -80"><span class='ocrx_word' id='word_1_899' title='bbox 2142 4297 2262 4426; x_wconf 61' lang='lat' dir='ltr'><strong>quiid</strong></span> <span class='ocrx_word' id='word_1_900' title='bbox 2274 4296 2458 4348; x_wconf 84' lang='lat' dir='ltr'><strong>iubebit</strong></span> <span class='ocrx_word' id='word_1_901' title='bbox 2468 4314 2483 4361; x_wconf 90' lang='lat'>;</span> <span class='ocrx_word' id='word_1_902' title='bbox 2504 4300 2553 4349; x_wconf 88' lang='lat' dir='ltr'><strong>et</strong></span> <span class='ocrx_word' id='word_1_903' title='bbox 2566 4296 2853 4362; x_wconf 85' lang='lat' dir='ltr'><strong>conticesco,</strong></span> <span class='ocrx_word' id='word_1_904' title='bbox 2872 4298 2922 4349; x_wconf 88' lang='lat' dir='ltr'><strong>et</strong></span> <span class='ocrx_word' id='word_1_905' title='bbox 2938 4296 3135 4361; x_wconf 83' lang='lat' dir='ltr'><strong>decedo,</strong></span> <span class='ocrx_word' id='word_1_906' title='bbox 3154 4297 3193 4347; x_wconf 85' lang='lat' dir='ltr'><strong>si</strong></span> <span class='ocrx_word' id='word_1_907' title='bbox 3214 4296 3324 4361; x_wconf 86' lang='lat' dir='ltr'><strong>quis</strong></span> <span class='ocrx_word' id='word_1_908' title='bbox 3339 4297 3437 4347; x_wconf 83' lang='lat' dir='ltr'><strong>hnc</strong></span> <span class='ocrx_word' id='word_1_909' title='bbox 3454 4299 3720 4349; x_wconf 85' lang='lat' dir='ltr'><strong>ascendere</strong></span> 
     </span>
     <span class='ocr_line' id='line_1_101' title="bbox 2144 4378 2291 4428; baseline 0.02 -3"><span class='ocrx_word' id='word_1_910' title='bbox 2144 4390 2209 4426; x_wconf 82' lang='lat' dir='ltr'><strong>vo</strong></span> <span class='ocrx_word' id='word_1_911' title='bbox 2226 4378 2291 4428; x_wconf 87' lang='lat' dir='ltr'><strong>et.</strong></span> 
     </span>
    </p>
   </div>
   <div class='ocr_carea' id='block_1_9' title="bbox 2146 4454 3719 4699">
    <p class='ocr_par' dir='ltr' id='par_1_12' title="bbox 2146 4454 3719 4699">
     <span class='ocr_line' id='line_1_102' title="bbox 2207 4454 3717 4520; baseline 0.002 -15"><span class='ocrx_word' id='word_1_912' title='bbox 2207 4460 2285 4508; x_wconf 84' lang='lat'><strong>27.</strong></span> <span class='ocrx_word' id='word_1_913' title='bbox 2321 4460 2446 4520; x_wconf 79' lang='lat' dir='ltr'><strong>Age,</strong></span> <span class='ocrx_word' id='word_1_914' title='bbox 2478 4454 2729 4507; x_wconf 75' lang='lat' dir='ltr'><strong>videamus</strong></span> <span class='ocrx_word' id='word_1_915' title='bbox 2742 4456 2870 4519; x_wconf 82' lang='lat' dir='ltr'><strong>jam,</strong></span> <span class='ocrx_word' id='word_1_916' title='bbox 2890 4455 3009 4519; x_wconf 83' lang='lat' dir='ltr'><strong>viri,</strong></span> <span class='ocrx_word' id='word_1_917' title='bbox 3045 4455 3155 4519; x_wconf 78' lang='lat' dir='ltr'><strong>post</strong></span> <span class='ocrx_word' id='word_1_918' title='bbox 3176 4454 3314 4507; x_wconf 71' lang='lat' dir='ltr'><strong>istaec</strong></span> <span class='ocrx_word' id='word_1_919' title='bbox 3334 4454 3455 4520; x_wconf 86' lang='lat' dir='ltr'><strong>quid</strong></span> <span class='ocrx_word' id='word_1_920' title='bbox 3480 4456 3717 4508; x_wconf 79' lang='lat' dir='ltr'><strong>evenerit.</strong></span> 
     </span>
     <span class='ocr_line' id='line_1_103' title="bbox 2146 4544 3717 4609; baseline 0.001 -14"><span class='ocrx_word' id='word_1_921' title='bbox 2146 4547 2260 4596; x_wconf 81' lang='lat' dir='ltr'><strong>Post</strong></span> <span class='ocrx_word' id='word_1_922' title='bbox 2277 4544 2591 4597; x_wconf 80' lang='lat' dir='ltr'><strong>indicationes</strong></span> <span class='ocrx_word' id='word_1_923' title='bbox 2607 4544 2831 4595; x_wconf 69' lang='lat' dir='ltr'><strong>videlicet</strong></span> <span class='ocrx_word' id='word_1_924' title='bbox 2846 4546 2953 4595; x_wconf 82' lang='lat' dir='ltr'><strong>orta</strong></span> <span class='ocrx_word' id='word_1_925' title='bbox 2978 4544 3052 4596; x_wconf 86' lang='lat' dir='ltr'><strong>est</strong></span> <span class='ocrx_word' id='word_1_926' title='bbox 3076 4544 3139 4595; x_wconf 87' lang='lat' dir='ltr'><strong>de</strong></span> <span class='ocrx_word' id='word_1_927' title='bbox 3168 4545 3379 4609; x_wconf 74' lang='lat' dir='ltr'><strong>praemiis</strong></span> <span class='ocrx_word' id='word_1_928' title='bbox 3404 4558 3574 4597; x_wconf 87' lang='lat' dir='ltr'><strong>earum</strong></span> <span class='ocrx_word' id='word_1_929' title='bbox 3598 4561 3717 4597; x_wconf 86' lang='lat' dir='ltr'><strong>con·</strong></span> 
     </span>
     <span class='ocr_line' id='line_1_104' title="bbox 2146 4631 3719 4699; baseline 0.003 -15"><span class='ocrx_word' id='word_1_930' title='bbox 2146 4634 2297 4684; x_wconf 88' lang='lat' dir='ltr'><strong>tentio</strong></span> <span class='ocrx_word' id='word_1_931' title='bbox 2310 4658 2375 4669; x_wconf 92' lang='grc'><strong>-</strong></span> <span class='ocrx_word' id='word_1_932' title='bbox 2386 4645 2499 4683; x_wconf 86' lang='lat' dir='ltr'><strong>nam</strong></span> <span class='ocrx_word' id='word_1_933' title='bbox 2518 4646 2547 4683; x_wconf 93' lang='lat' dir='ltr'><strong>e</strong></span> <span class='ocrx_word' id='word_1_934' title='bbox 2564 4632 2815 4695; x_wconf 77' lang='lat' dir='ltr'><strong>cleonymi</strong></span> <span class='ocrx_word' id='word_1_935' title='bbox 2834 4631 3026 4683; x_wconf 86' lang='lat' dir='ltr'><strong>decreto</strong></span> <span class='ocrx_word' id='word_1_936' title='bbox 3047 4632 3179 4684; x_wconf 89' lang='lat' dir='ltr'><strong>mille</strong></span> <span class='ocrx_word' id='word_1_937' title='bbox 3204 4632 3449 4685; x_wconf 78' lang='lat' dir='ltr'><strong>drachmae</strong></span> <span class='ocrx_word' id='word_1_938' title='bbox 3459 4672 3478 4699; x_wconf 85' lang='lat'><em>‚</em></span> <span class='ocrx_word' id='word_1_939' title='bbox 3500 4646 3531 4687; x_wconf 86' lang='lat' dir='ltr'><strong>e</strong></span> <span class='ocrx_word' id='word_1_940' title='bbox 3548 4638 3719 4689; x_wconf 84' lang='lat' dir='ltr'><strong>Pisan-</strong></span> 
     </span>
    </p>
   </div>
   <div class='ocr_carea' id='block_1_10' title="bbox 2144 4727 3717 4796">
    <p class='ocr_par' dir='ltr' id='par_1_13' title="bbox 2144 4727 3717 4796">
     <span class='ocr_line' id='line_1_105' title="bbox 2144 4727 3717 4796; baseline 0.004 -19"><span class='ocrx_word' id='word_1_941' title='bbox 2144 4727 2219 4778; x_wconf 87' lang='lat' dir='ltr'><strong>dri</strong></span> <span class='ocrx_word' id='word_1_942' title='bbox 2242 4730 2403 4780; x_wconf 87' lang='lat' dir='ltr'><strong>autem</strong></span> <span class='ocrx_word' id='word_1_943' title='bbox 2420 4728 2578 4780; x_wconf 87' lang='lat' dir='ltr'><strong>decies</strong></span> <span class='ocrx_word' id='word_1_944' title='bbox 2590 4728 2721 4780; x_wconf 89' lang='lat' dir='ltr'><strong>mille</strong></span> <span class='ocrx_word' id='word_1_945' title='bbox 2736 4729 3011 4780; x_wconf 67' lang='lat' dir='ltr'><strong>constituto:</strong></span> <span class='ocrx_word' id='word_1_946' title='bbox 3028 4730 3164 4779; x_wconf 86' lang='lat' dir='ltr'><strong>erant</strong></span> <span class='ocrx_word' id='word_1_947' title='bbox 3180 4757 3261 4793; x_wconf 91' lang='lat'><strong>—,</strong></span> <span class='ocrx_word' id='word_1_948' title='bbox 3278 4730 3339 4781; x_wconf 89' lang='lat' dir='ltr'><strong>de</strong></span> <span class='ocrx_word' id='word_1_949' title='bbox 3358 4730 3432 4781; x_wconf 82' lang='lat' dir='ltr'><strong>his</strong></span> <span class='ocrx_word' id='word_1_950' title='bbox 3449 4732 3618 4796; x_wconf 77' lang='lat' dir='ltr'><strong>itaque</strong></span> <span class='ocrx_word' id='word_1_951' title='bbox 3637 4734 3717 4784; x_wconf 89' lang='lat' dir='ltr'><strong>in-</strong></span> 
     </span>
    </p>
   </div>
   <div class='ocr_carea' id='block_1_11' title="bbox 2144 4822 3719 5422">
    <p class='ocr_par' dir='ltr' id='par_1_14' title="bbox 2144 4822 3719 5422">
     <span class='ocr_line' id='line_1_106' title="bbox 2146 4822 3715 4887; baseline 0.003 -14"><span class='ocrx_word' id='word_1_952' title='bbox 2146 4822 2221 4873; x_wconf 81' lang='lat' dir='ltr'><strong>ter</strong></span> <span class='ocrx_word' id='word_1_953' title='bbox 2250 4836 2303 4873; x_wconf 88' lang='lat' dir='ltr'><strong>se</strong></span> <span class='ocrx_word' id='word_1_954' title='bbox 2352 4822 2706 4875; x_wconf 77' lang='lat' dir='ltr'><strong>contendebant</strong></span> <span class='ocrx_word' id='word_1_955' title='bbox 2734 4822 2919 4873; x_wconf 85' lang='lat' dir='ltr'><strong>indices</strong></span> <span class='ocrx_word' id='word_1_956' title='bbox 2960 4823 3010 4873; x_wconf 90' lang='lat' dir='ltr'><strong>ct</strong></span> <span class='ocrx_word' id='word_1_957' title='bbox 3050 4822 3367 4886; x_wconf 71' lang='lat' dir='ltr'><strong>pythonicus,</strong></span> <span class='ocrx_word' id='word_1_958' title='bbox 3410 4836 3463 4873; x_wconf 84' lang='lat' dir='ltr'><strong>se</strong></span> <span class='ocrx_word' id='word_1_959' title='bbox 3496 4825 3715 4887; x_wconf 77' lang='lat' dir='ltr'><strong>primum</strong></span> 
     </span>
     <span class='ocr_line' id='line_1_107' title="bbox 2146 4911 3717 4975; baseline 0.003 -14"><span class='ocrx_word' id='word_1_960' title='bbox 2146 4912 2379 4963; x_wconf 82' lang='lat' dir='ltr'><strong>indicasse</strong></span> <span class='ocrx_word' id='word_1_961' title='bbox 2409 4912 2601 4975; x_wconf 81' lang='lat' dir='ltr'><strong>dicens,</strong></span> <span class='ocrx_word' id='word_1_962' title='bbox 2632 4914 2684 4963; x_wconf 86' lang='lat' dir='ltr'><strong>et</strong></span> <span class='ocrx_word' id='word_1_963' title='bbox 2709 4911 2973 4963; x_wconf 72' lang='lat' dir='ltr'><strong>Androcles</strong></span> <span class='ocrx_word' id='word_1_964' title='bbox 3004 4912 3089 4975; x_wconf 83' lang='lat' dir='ltr'><strong>qui</strong></span> <span class='ocrx_word' id='word_1_965' title='bbox 3116 4912 3367 4975; x_wconf 76' lang='lat' dir='ltr'><strong>praemium</strong></span> <span class='ocrx_word' id='word_1_966' title='bbox 3402 4912 3499 4963; x_wconf 82' lang='lat' dir='ltr'><strong>hoc</strong></span> <span class='ocrx_word' id='word_1_967' title='bbox 3524 4917 3717 4966; x_wconf 84' lang='lat' dir='ltr'><strong>senatui</strong></span> 
     </span>
     <span class='ocr_line' id='line_1_108' title="bbox 2146 4996 3717 5066; baseline 0.003 -15"><span class='ocrx_word' id='word_1_968' title='bbox 2146 5000 2309 5051; x_wconf 87' lang='lat' dir='ltr'><strong>deberi</strong></span> <span class='ocrx_word' id='word_1_969' title='bbox 2334 5001 2673 5052; x_wconf 82' lang='lat' dir='ltr'><strong>contendebat.</strong></span> <span class='ocrx_word' id='word_1_970' title='bbox 2738 5002 2841 5064; x_wconf 82' lang='lat'>(28)</span> <span class='ocrx_word' id='word_1_971' title='bbox 2864 5000 3050 5051; x_wconf 81' lang='lat' dir='ltr'><strong>Placuit</strong></span> <span class='ocrx_word' id='word_1_972' title='bbox 3068 4996 3233 5066; x_wconf 82' lang='lat' dir='ltr'><strong>itaque</strong></span> <span class='ocrx_word' id='word_1_973' title='bbox 3262 5002 3468 5066; x_wconf 82' lang='lat' dir='ltr'><strong>populo,</strong></span> <span class='ocrx_word' id='word_1_974' title='bbox 3488 5004 3547 5053; x_wconf 84' lang='lat' dir='ltr'><strong>ut</strong></span> <span class='ocrx_word' id='word_1_975' title='bbox 3570 5018 3717 5055; x_wconf 81' lang='lat' dir='ltr'><strong>sena·</strong></span> 
     </span>
     <span class='ocr_line' id='line_1_109' title="bbox 2146 5089 3719 5145; baseline 0.003 -4"><span class='ocrx_word' id='word_1_976' title='bbox 2146 5091 2275 5141; x_wconf 82' lang='lat' dir='ltr'><strong>tores</strong></span> <span class='ocrx_word' id='word_1_977' title='bbox 2318 5090 2489 5141; x_wconf 83' lang='lat' dir='ltr'><strong>initiati</strong></span> <span class='ocrx_word' id='word_1_978' title='bbox 2528 5089 2577 5139; x_wconf 87' lang='lat' dir='ltr'><strong>in</strong></span> <span class='ocrx_word' id='word_1_979' title='bbox 2604 5090 2855 5141; x_wconf 80' lang='lat' dir='ltr'><strong>dicasterio</strong></span> <span class='ocrx_word' id='word_1_980' title='bbox 2890 5090 3339 5141; x_wconf 72' lang='lat' dir='ltr'><strong>Thesmotlietarum</strong></span> <span class='ocrx_word' id='word_1_981' title='bbox 3378 5092 3719 5145; x_wconf 80' lang='lat' dir='ltr'><strong>examinarent</strong></span> 
     </span>
     <span class='ocr_line' id='line_1_110' title="bbox 2145 5177 3717 5243; baseline 0.004 -16"><span class='ocrx_word' id='word_1_982' title='bbox 2145 5180 2593 5243; x_wconf 75' lang='lat' dir='ltr'><strong>quoenam&#39;quisque</strong></span> <span class='ocrx_word' id='word_1_983' title='bbox 2610 5178 2783 5230; x_wconf 85' lang='lat' dir='ltr'><strong>indicia</strong></span> <span class='ocrx_word' id='word_1_984' title='bbox 2800 5178 2985 5230; x_wconf 78' lang='lat' dir='ltr'><strong>fecisset</strong></span> <span class='ocrx_word' id='word_1_985' title='bbox 3000 5216 3015 5243; x_wconf 91' lang='lat'><strong>,</strong></span> <span class='ocrx_word' id='word_1_986' title='bbox 3035 5181 3085 5230; x_wconf 89' lang='lat' dir='ltr'><strong>et</strong></span> <span class='ocrx_word' id='word_1_987' title='bbox 3110 5178 3173 5231; x_wconf 84' lang='lat' dir='ltr'><strong>de</strong></span> <span class='ocrx_word' id='word_1_988' title='bbox 3192 5177 3364 5230; x_wconf 87' lang='lat' dir='ltr'><strong>dandis</strong></span> <span class='ocrx_word' id='word_1_989' title='bbox 3380 5182 3599 5243; x_wconf 78' lang='lat' dir='ltr'><strong>praemiis</strong></span> <span class='ocrx_word' id='word_1_990' title='bbox 3614 5181 3717 5233; x_wconf 81' lang='lat' dir='ltr'><strong>dis—</strong></span> 
     </span>
     <span class='ocr_line' id='line_1_111' title="bbox 2144 5268 3715 5335; baseline 0.002 -16"><span class='ocrx_word' id='word_1_991' title='bbox 2144 5270 2405 5332; x_wconf 83' lang='lat' dir='ltr'><strong>ceptarent.</strong></span> <span class='ocrx_word' id='word_1_992' title='bbox 2470 5272 2540 5319; x_wconf 78' lang='lat' dir='ltr'><strong>Ac</strong></span> <span class='ocrx_word' id='word_1_993' title='bbox 2568 5270 2777 5331; x_wconf 86' lang='lat' dir='ltr'><strong>primum</strong></span> <span class='ocrx_word' id='word_1_994' title='bbox 2813 5268 3013 5331; x_wconf 86' lang='lat' dir='ltr'><strong>quidem</strong></span> <span class='ocrx_word' id='word_1_995' title='bbox 3044 5269 3299 5331; x_wconf 72' lang='lat' dir='ltr'><strong>praemium</strong></span> <span class='ocrx_word' id='word_1_996' title='bbox 3340 5268 3715 5335; x_wconf 73' lang='lat' dir='ltr'><strong>Andromacho,</strong></span> 
     </span>
     <span class='ocr_line' id='line_1_112' title="bbox 2144 5354 3715 5422; baseline 0 -11"><span class='ocrx_word' id='word_1_997' title='bbox 2144 5356 2414 5411; x_wconf 83' lang='lat' dir='ltr'><strong>secundum</strong></span> <span class='ocrx_word' id='word_1_998' title='bbox 2442 5357 2606 5409; x_wconf 77' lang='lat' dir='ltr'><strong>antem</strong></span> <span class='ocrx_word' id='word_1_999' title='bbox 2634 5360 2822 5407; x_wconf 84' lang='lat' dir='ltr'><strong>Teucro</strong></span> <span class='ocrx_word' id='word_1_1000' title='bbox 2840 5354 3207 5421; x_wconf 81' lang='lat' dir='ltr'><strong>adjudicarunt,</strong></span> <span class='ocrx_word' id='word_1_1001' title='bbox 3228 5359 3277 5409; x_wconf 90' lang='lat' dir='ltr'><strong>ct</strong></span> <span class='ocrx_word' id='word_1_1002' title='bbox 3300 5354 3381 5409; x_wconf 87' lang='lat' dir='ltr'><strong>ille</strong></span> <span class='ocrx_word' id='word_1_1003' title='bbox 3396 5359 3603 5422; x_wconf 84' lang='lat' dir='ltr'><strong>quidem</strong></span> <span class='ocrx_word' id='word_1_1004' title='bbox 3626 5360 3715 5419; x_wconf 73' lang='lat' dir='ltr'><strong>de.</strong></span> 
     </span>
    </p>
   </div>
  </div>
 </body>
</html>
