3825 5842
148 486 373 565 ‹xv—2⁷1)

149 612 451 691 δεδικασμένον
474 610 768 695 φαίνεσθαι,
808 611 941 673 οὕτω
977 612 1069 673 καὶ
1103 611 1312 680 τούτους
1340 614 1463 673 καθ’
1493 612 1545 673 ἕν
1573 637 1626 672 τι

146 700 295 760 τούτων
320 701 670 783 ἀποφήναντας
705 700 857 760 αὐτὸν
886 699 1055 770 ἀξιοῦν
1098 701 1517 774 ἐπιδικάζεσθαι,
1551 701 1625 777 μὴ

106 812 221 865 ωτρο
242 788 361 859 δίκης
386 786 509 859 τὴν’
500 786 832 868 Αριστάρχου
853 787 1137 868 θυγατερα,
1165 788 1295 865 ἐμὴν
1319 788 1373 847 δὲ
1354 785 1627 897 μητέρα,

146 878 287 933 ἐκτῶν
312 873 551 955 πατρῴων
576 874 866 933 ἐκὸάλλειν.
898 876 989 953 (25)
1019 874 1176 935 Ἀλλα
1200 875 1319 956 γάρ,
1348 900 1392 934 ω
1421 874 1625 953 ἄνδρες,

152 964 227 1039 οὐχ
256 962 403 1019 ἱκανόν
442 960 631 1019 ἐστεὲ
582 962 886 1042 ...εναινέτῳ
928 962 1015 1021 τὸν
1059 962 1451 1043 Ἀριστομένους
1488 952 1625 1021 οἶκον

150 1047 795 1157 καταπεπαιδεραστηκέναι,
833 1048 971 1109 ἀλλὰ
992 1072 1084 1109 και
1118 1055 1297 1109 τοῦτον
1324 1048 1485 1109 οἴεται
1524 1049 1627 1107 δεῖν

154 1136 219 1193 τὀν
241 1136 357 1195 αὐτὸν
379 1136 565 1216 τρόπον
594 1138 863 1197 διαθεῖναι.
950 1134 1093 1213 Ἐγὼ
1116 1138 1185 1209 δ’,
1212 1162 1257 1196 ω
1280 1137 1455 1217 ἄνδρες
1481 1137 1625 1194 δικα·

156 1224 257 1298 erat,
274 1224 491 1304 βραχείας
516 1225 693 1293 οὐσίας
708 1224 1007 1305 υπαρξάσης
1020 1224 1241 1305 ἀδελφὰς
1260 1223 1357 1303 μὲν
1380 1223 1625 1303 ἐξέδωκα,

151 1310 223 1368 ὅσα
248 1312 475 1389 ἐδυνάμην
510 1310 744 1386 ἐπιδούς,
785 1313 1000 1390 κόσμιον
1040 1314 1085 1371 δ’
1124 1312 1348 1389 ἕμαυτον
1378 1312 1625 1392 παρέχων

100 1416 129 1457 2³
144 1399 211 1455 καὶ
234 1404 367 1457 ποιῶν
390 1400 454 1459 τὰ
472 1400 903 1481 προσταττόμενα
924 1400 1017 1459 καὶ
1044 1398 1136 1467 τὰς
1162 1399 1436 1481 στρατείας
1462 1424 1627 1482 στρα-

143 1488 355 1563 τευόμενος
374 1488 491 1557 ἀξιῶ
518 1493 624 1549 τῶν
651 1494 745 1562 τῆς
774 1489 967 1570 μητρὸς
994 1486 1253 1569 πατρῴων
1282 1489 1358 1567 μὴ
1400 1493 1625 1549 ἀποστε-

145 1581 325 1655 ρηθῆναι.
400 1578 485 1655 (2⁶)
516 1576 785 1647 Ἀπὲδειξα
819 1578 863 1636 δ’
900 1581 1023 1654 ὑμῖν
1059 1577 1363 1659 Κυρωνίδῃν
1404 1578 1498 1654 μὲν
1538 1578 1626 1638 τὸν

142 1662 291 1721 τούτων
321 1662 510 1743 πατέρα
538 1662 817 1736 ἐκποίητον
842 1663 1112 1743 γενόμενον
1148 1663 1239 1724 καὶ
1274 1667 1369 1725 οὔκ
1410 1667 1627 1725 ε’πανελ-

142 1748 255 1806 θόντα
274 1752 333 1817 εἰς
354 1750 435 1809 τὸν
458 1754 704 1832 πατρῷον
720 1774 879 1826 οικον,
905 1752 995 1811 τὸν
1015 1749 1071 1811 δὲ
1098 1751 1303 1833 πατέρα
1328 1751 1417 1812 τὸν
1442 1756 1629 1834 Κυρω-

140 1836 243 1896 νίδου
268 1837 347 1896 καὶ
378 1842 465 1910 τῆς
486 1841 619 1917 ἐμῆς
648 1862 841 1919 μητρος
868 1838 1173 1921 Δημοχάρει
1208 1844 1283 1921 τῷ
1324 1839 1628 1921 υῑῷῖοῦτον

140 1924 202 1981 τὸν
224 1927 385 2005 κλῆρον
412 1929 767 1987 καταλιπόντα
781 1972 799 1999 ,
822 1930 1015 1987 ἐκεῖνον
1039 1927 1093 1986 δὲ
1110 1929 1277 1987 παῖδα
1302 1928 1429 1988 ὄντα
1450 1930 1628 1988 τελευ-

142 2012 320 2081 τήσαντα
354 2013 436 2073 καὶ
463 2019 536 2083 εἰς
560 2013 661 2087 τὴν
703 2013 834 2093 ἐμὴν
880 2014 1083 2097 μητέρα
1114 2020 1294 2076 τοῦτον
1322 2016 1410 2077 τὸν
1432 2020 1626 2099 κλῆρον

142 2102 477 2181 ἐπιγιγνόμενον.

694 2262 1019 2290 ..ouo-—

802 2386 903 2445 x1.

88 2548 133 2599 83
330 2546 497 2606 ΠΕΡΙ
538 2543 698 2605 ΤΟΥ
738 2543 1013 2605 ΑΓΝΙΟΥ
1058 2544 1389 2607 ΚΛΗΡΟΥ.

684 2698 953 2745 ΥΠΟΘΕΣῙ
959 2700 1009 2748 Σ.

136 2829 269 2889 Ἁγνίας
278 2850 335 2889 τις
352 2834 469 2898 εἶχεν
488 2832 709 2896 ἀνεψιοὺς
731 2832 927 2889 πολλούς
940 2866 957 2893 ,
986 2830 1269 2895 θεόπομπον
1288 2833 1367 2881 καὶ
1390 2832 1473 2883 τὸν
1496 2832 1629 2882 ἀδελ·
1652 2880 1659 2889 ,

178 2904 243 2957 φὰν
262 2904 386 2952 αὐτοῦ
402 2903 693 2966 Στρατοκλέα
707 2904 787 2951 καὶ
806 2902 1024 2965 Στράτιον
1042 2903 1122 2951 καὶ
1148 2903 1451 2963 Εὺὸουλίδην.
1481 2903 1629 2960 Οὗτος

178 2974 323 3033 [affirm
336 2976 539 3025 τελευτᾶν
556 2974 817 3031 ἐποιήσατο
830 2974 965 3033 θετὴν
984 2976 1115 3035 αύτῷ
1135 2976 1364 3039 Θυγατὲρα
1378 3010 1391 3034 ,
1408 2974 1628 3031 κελεύσας

176 3042 212 3089 ἐν
226 3048 309 3101 ταῖς
322 3046 547 3103 διαθήκαις
560 3079 576 3105 ,
598 3044 645 3093 et
660 3060 705 3091 τι
724 3042 863 3092 πάθοι
882 3045 915 3101 ἡ
933 3043 1137 3107 θυγάτηρ
1152 3081 1164 3103 ,
1186 3044 1406 3108 ἔρχεσθαι
1425 3043 1505 3094 τὸν
1524 3045 1630 3103 κλῆ-

94 3122 129 3157 5.
176 3127 235 3171 ρον
254 3115 309 3167 εἷς
328 3116 603 3176 Γλαύκωνα,
632 3113 823 3173 ἀδελφὸν
851 3112 996 3161 αὐτοῦ
1016 3113 1307 3176 τυγχάνοντα
1329 3110 1625 3177 ὁμομήτριον.

176 3180 257 3229 Ἐπὶ
288 3184 447 3241 τούτοις
462 3186 607 3234 αὐτοῦ
634 3184 991 3242 τελευτήσαντος
1020 3186 1052 3243 ἡ
1076 3183 1278 3247 θυγάτηρ
1308 3184 1521 3232 >lacoon
1550 3185 1629 3235 τὸν

176 3254 308 3315 κλῆρον
329 3256 632 3315 ἐτελεύτησεν.
699 3252 1024 3310 Ἆποθανόντος
1042 3255 1091 3303 δὲ
1113 3256 1192 3303 καὶ
1212 3254 1492 3303 Εύόουλίδου
1510 3258 1541 3313 ἠ
1558 3257 1630 3304 θυ-

176 3323 293 3387 γάτηρ
312 3325 443 3373 αὐτοῦ
457 3361 472 3385 ,
494 3332 581 3375 τοῦ
600 3323 890 3375 Εὐδουλίδου
903 3360 920 3386 ,
942 3324 1229 3387 δικασαμένη
1249 3324 1359 3388 πρὸς
1376 3324 1631 3374 Γλαύκωνα

180 3394 292 3443 ἐλαὸε
321 3398 397 3455 τὴν
416 3397 595 3446 οὐσίαν.
662 3396 797 3445 Μετὰ
828 3398 979 3444 ταῦτα
1012 3394 1386 3454 τελευτησάντων
1420 3395 1501 3443 καὶ
1537 3400 1630 3443 τῶν

90 3462 123 3499 ¹⁰
244 3466 255 3477 “
178 3466 347 3526 περιτὸν
364 3467 655 3531 Στρατοκλέα
675 3467 755 3515 καὶ
776 3464 993 3529 Στράτιον
1017 3466 1296 3523 Θεόπομπος
1318 3464 1455 3527 μόνος
1481 3465 1631 3514 ἐδικά-

176 3551 268 3585 σατο
279 3538 379 3597 πρὸς
394 3538 550 3599 αὑτήν,
564 3539 649 3586 καὶ
668 3536 805 3585 ἔλαὸε
821 3538 900 3585 τὸν
918 3537 1103 3600 κλῆρον.
1168 3538 1291 3599 Πρὸς
1308 3540 1472 3586 τοῦτον
1491 3536 1517 3583 ὁ
1534 3537 1631 3593 υἱὸς

176 3612 239 3653 τοῦ
266 3608 445 3670 ἀδελφοῦ
472 3610 657 3679 αὐτοῦ,
686 3606 1042 3669 Στρατοκλέους,
1070 3606 1319 3664 δικάζεται·
1348 3608 1458 3671 πρὸς
1492 3607 1631 3656 αὐτὸν

177 3678 457 3743 οεέπιτρὸπου
481 3674 611 3736 τινὸς
643 3678 742 3734 υἱός
756 3678 991 3738 ,φάσκων
1023 3680 1071 3735 ἐξ
1090 3680 1198 3728 ἴσου
1216 3680 1275 3727 τὰ
1304 3685 1387 3737 τῆς
1415 3680 1631 3739 κληρονο·

176 3747 259 3805 μίας
282 3749 477 3811 ἁρμόζειν
500 3754 573 3812 τῷ
593 3764 645 3797 τε
674 3747 945 3812 θεοπόμπῳ
976 3750 1057 3797 καὶ
1080 3754 1149 3811 τῷ
1169 3748 1300 3797 παιδὶ
1324 3752 1407 3797 τοῦ
1436 3748 1631 3810 ἀδελφοῦ

84 3810 114 3851 ¹⁵
176 3818 301 3867 αὑτοῦ.
358 3821 413 3869 Ἠ
431 3820 599 3877 στάσις
616 3819 935 3883 πραγματική.

728 3932 938 3977 HOMO!
950 3964 963 3977 .

188 4036 271 4096 Διὰ
292 4040 425 4098 ταῦθ’
452 4040 579 4118 ὑμῖν
609 4038 833 4117 ἀνέγνων
868 4036 987 4105 τοὺς
1013 4036 1226 4113 νόμους,
1258 4034 1337 4095 ὅτι
1371 4036 1509 4095 κατὰ
1541 4034 1627 4095 τὸν

131 4126 289 4203 πρῶτον
314 4128 475 4187 αὖτῶν
510 4126 837 4207 ἰσχυρίζεται
870 4130 946 4207 τῷ
992 4125 1143 4183 παιδὶ
1184 4130 1271 4183 τοῦ
1316 4124 1629 4203 ἡμικληρίου

129 4213 377 4289 προσήκειν,
394 4219 484 4275 οὔκ
506 4217 678 4287 ἀληθῆ
698 4213 885 4294 λέγων.
968 4216 1047 4275 Οὗ
1071 4212 1175 4293 γὰρ
1198 4207 1260 4285 ἦν
1287 4217 1413 4291 ἡμῖν
1432 4212 1630 4289 Ἁγνίας

130 4300 283 4357 ἀδελ*
314 4348 329 4375 ,
364 4306 391 4362 ὁ
428 4302 483 4363 δὲ
516 4303 672 4379 νόμος
702 4302 823 4384 περὶ
855 4303 1077 4382 ἀδελφοῦ
1106 4298 1397 4381 χρημάτων
1424 4302 1629 4381 πρῶτον

86 4402 103 4441 5
132 4388 199 4444 αδε
200 4392 322 4497 leof<
346 4414 398 4451 τε
424 4393 513 4451 καὶ
542 4392 833 4472 ἀδελφιδοῖς
859 4388 1113 4461 πεποίηκε
1138 4387 1232 4458 τὴν
1259 4386 1627 4468 κληρονομίαν,

132 4494 179 4531 αν
200 4500 307 4536 ωσιν
330 4480 661 4561 ὁμοπάτορες·
686 4484 838 4537 τοῦτο
862 4478 1004 4558 γὰρ’
983 4502 1005 4535 ε
1104 4474 1247 4534 τάτω
1268 4481 1360 4535 τοῦ
1387 4476 1628 4549 τελευτη-

132 4583 275 4631 σαντος
290 4568 419 4645 γένος
440 4566 602 4629 ἐστίν.
690 4566 759 4645 (2)
782 4563 914 4625 Ἐὰν
936 4566 979 4623 δ’
1000 4498 1139 4623 <mm
1160 4553 1291 4639 μὴ’*
1252 4586 1351 4623 ωσι
1365 4562 1628 4644 ,δεύτερον

134 4650 313 4732 ἀδελφὰς
338 4654 654 4766 ὁμοπατρίας
680 4655 831 4711 καλεῖ
856 4650 949 4711 καὶ
974 4652 1164 4716 παῖδας
1191 4648 1307 4718 τους
1334 4652 1391 4710 ἐκ
1414 4649 1627 4711 τούτων.

134 4734 281 4797 ’Em'
256 4740 304 4799 οὲ
332 4732 466 4819 μ’))”Ι
428 4766 562 4822 ωσι,
604 4740 759 4823 τρίτῳ
796 4740 929 4819 γε’νει
972 4739 1149 4803 δίδωσι
1178 4735 1271 4809 τὴν
1309 4738 1631 4818 ἀγχιστείαν,

138 4826 316 4909 melancie
332 4830 471 4939 πρὸς
507 4830 705 4911 πατρὸς
746 4829 903 4909 μέχρι
933 4828 1154 4908 ἀνεψιῶν
1196 4824 1416 4887 παίδων.
1500 4824 1630 4886 Ἐὰν

138 4912 179 4971 δὲ
196 4915 409 4979 xxi-:031³
438 4921 553 4979 ἑκλε
532 4917 688 4997 ίπῃ,
717 4920 786 4985 εἷς
810 4917 869 4975 τὸ
892 4914 1035 4994 γένος
1056 4914 1215 4974 πάλιν
1250 4911 1628 4994 ἐπανέρχεται,

90 5022 121 5061 ιο
139 5003 205 5059 καὶ
232 5028 287 5061 π
270 5006 352 5065 ιεῖ
374 5006 486 5075 τους
506 5030 637 5087 προς
668 5028 859 5087 μητρος
886 5011 977 5064 τοῦ
1000 5001 1401 5075 τελευτήσαντος
1428 5000 1633 5081 κυρίους

142 5092 288 5166 αὐτῶν,
308 5094 433 5153 κατὰ
452 5096 621 5154 ταύτὰ
648 5095 880 5176 καθάπερ
905 5094 1009 5161 τοῖς
1031 5090 1157 5173 πρὸς
1179 5090 1373 5171 πατρὸς
1396 5094 1497 5156 ἐς’
1470 5114 1633 5171 αρχης

144 5179 273 5237 ἐδίδου
302 5180 384 5253 τὴν
408 5182 777 5262 κληρονομίαν.
864 5182 929 5263 (3)
959 5180 1173 5247 Ταύτας
1196 5180 1333 5239 ποιεῖ
1353 5178 1446 5245 τὰς
1474 5180 1629 5258 ἀγχι-

146 5266 279 5335 στείας
296 5268 325 5329 ὁ
341 5270 609 5347 νομοθέτης
634 5269 820 5349 μόνας,
844 5268 1241 5349 συντομωτέρως
1267 5275 1371 5333 τοῖς
1403 5266 1627 5348 ῥήμασιν

1046 482 1213 543 lsAEI
1255 482 1377 544 ΟΒ.
1421 483 1521 541 DE
1568 482 1890 547 HAGNIAE
1931 482 2442 545 HEREDITATE.

3167 496 3278 549 809

1716 620 1964 673 nominare
1999 634 2110 673 eum
2133 636 2164 673 a
2199 636 2298 687 quo
2323 623 2434 675 illos
2467 624 2568 675 sive
2598 624 2932 689 oppigneratos
2970 622 3150 676 habeat
3175 625 3280 677 sive

1716 702 1911 763 emerit,
1939 704 2026 753 aut
2041 702 2366 754 demonstrare
2383 716 2466 754 eos
2490 704 2582 753 sibi
2605 704 2901 767 adiudicatus
2930 718 3032 756 csse
3061 724 3074 756 ε
3102 707 3171 758 ite
3187 709 3280 759 hos

1717 793 1910 845 quoque
1929 782 2132 833 decebat
2155 796 2218 833 ex
2233 784 2396 851 aliquo
2415 782 2650 845 eiusmodi
2671 784 2812 835 titulo
2829 784 2964 835 istaec
2985 784 3114 836 bona
3135 788 3226 837 sibi
3247 801 3280 837 a

1716 858 1962 920 judicibus
1983 860 2302 923 adjudicanda
2323 874 2521 924 curare,
2539 874 2637 911 non
2656 864 2822 913 autem
2839 866 2951 914 ante
2973 863 3114 915 istam
3135 864 3280 927 adiu·

1716 938 2004 990 dicationem
2027 940 2176 990 tiliam
2224 940 2512 1002 Aristarchi,
2535 954 2647 1004 quai
2661 953 2769 991 mea
2787 942 2943 991 mater
2961 943 3060 1003 cst,
3079 955 3107 992 e
3133 941 3278 994 bonis

1716 1018 1926 1081 paternis
1941 1020 2196 1083 expellere.
2261 1020 2360 1084 (25)
2393 1023 2576 1070 Verum
2600 1020 2848 1071 enimvero
2866 1023 3131 1072 Xenoeneto
3163 1023 3280 1074 satis

1716 1111 1815 1147 uon
1846 1100 1920 1149 est
1931 1135 1947 1161 ,
1979 1098 2193 1163 judices,
2233 1100 2546 1151 Aristomenis
2587 1100 2900 1150 substantiam
2937 1100 2988 1150 in
3017 1114 3278 1163 puerorum

1717 1187 1903 1226 amores
1922 1176 2198 1227 exhausisse
2211 1212 2224 1239 ,
2245 1190 2414 1226 verum
2431 1176 2558 1226 hanc
2574 1189 2770 1241 quoque
2781 1176 3036 1227 Aristarchi
3059 1179 3278 1230 substan·

1716 1255 1835 1303 tiam
1856 1254 1912 1302 ut
1929 1253 2035 1317 pari
2057 1266 2168 1303 cum
2187 1253 2421 1305 dedecore
2436 1254 2654 1318 prodigat
2677 1267 2731 1304 se
2749 1254 2920 1304 decere
2935 1257 3114 1307 censet.
3177 1259 3278 1320 Ego

1718 1344 1862 1393 vero,
1884 1330 2095 1393 judices,
2116 1345 2179 1382 ex
2196 1335 2396 1395 angusta
2417 1346 2468 1381 re
2491 1332 2708 1383 familiari
2737 1346 2922 1383 sorores
2944 1334 3126 1385 elocavi
3163 1348 3276 1386 cum

1718 1410 1911 1461 dotibus
1933 1422 2055 1474 quas
2075 1412 2146 1462 eis
2161 1410 2340 1461 addere
2357 1412 2608 1462 facultates
2637 1412 2884 1475 sinebant;
2906 1412 3178 1464 modestum
3197 1426 3278 1466 me

1718 1492 1939 1556 exhibeo,
1953 1494 2186 1557 imperata
2200 1506 2455 1557 exsequor,
2479 1495 2528 1543 in
2551 1492 2718 1543 castris
2735 1494 2970 1557 stipendia
2985 1496 3133 1559 racio;
3151 1510 3277 1561 quo-

1720 1584 1829 1620 rum
1859 1572 1910 1621 in
1943 1574 2381 1636 compensationem
2409 1573 2601 1636 postulo
2628 1584 2721 1622 vos
2741 1573 2799 1621 ut
2823 1573 2990 1623 matris
3013 1584 3136 1625 mere
3157 1574 3276 1625 sub-

1716 1651 1946 1701 stantiam
1961 1652 2081 1701 mihi
2099 1650 2216 1714 eripi
2233 1664 2295 1701 ne
2317 1651 2500 1701 sinatiS.
2565 1649 2664 1713 (26)
2685 1652 3020 1702 Demonstravi
3035 1654 3164 1703 enim
3181 1657 3276 1719 cy-

1718 1728 1962 1790 ronidem‚
1985 1728 2068 1791 qui
2099 1728 2272 1778 horum
2294 1727 2709 1793 [adversariorum
2740 1729 2998 1794 meorum]
3020 1732 3155 1793 pater
3176 1735 3276 1794 est,

1719 1818 1777 1855 ex
1799 1806 2057 1855 Aristarchi
2071 1806 2218 1870 patris
2233 1806 2308 1857 sui
2321 1806 2468 1856 domo
2482 1805 2626 1855 ruisse
2638 1806 2994 1870 emancipatum
3011 1807 3062 1857 in
3074 1822 3280 1873 eamque

1719 1896 1818 1931 non
1834 1882 2032 1933 rediisse
2043 1918 2058 1945 ,
2078 1884 2266 1946 patrem
2283 1896 2399 1933 vero
2425 1882 2678 1946 cyronidis
2697 1885 2844 1946 atque
2859 1884 3026 1935 matris
3045 1897 3168 1936 meoe
3189 1887 3277 1939 he-

1720 1960 1970 2011 reditatem
2007 1972 2147 2010 suam
2181 1958 2318 2011 alteri
2353 1960 2451 2011 tilio
2487 1962 2772 2011 Demochari
2803 1962 3075 2026 reliquisse,
3097 1965 3278 2029 illoque

1719 2037 2018 2088 Demochare
2032 2038 2136 2090 siue
2151 2039 2285 2101 prole
2293 2037 2523 2090 defuncto
2533 2038 2851 2091 hereditatem
2874 2040 2978 2103 eius
2993 2041 3055 2091 ad
3073 2045 3276 2094 matrem

1720 2132 1875 2170 meam
1891 2119 2033 2171 ruisse
2055 2120 2344 2172 devolutam.

2445 2390 2552 2451 XI.

1998 2548 2098 2611 DE
2139 2548 2460 2609 HAGNIAE
2500 2549 3012 2614 HEREDITATE.

2275 2660 2729 2749 assummum.

1722 2834 1913 2891 Hagnias
1946 2834 2126 2891 quidam
2145 2833 2302 2879 affines
2317 2836 2485 2881 multos
2515 2834 2725 2892 habebat,
2745 2837 3082 2897 'theopompum
3106 2845 3154 2887 et
3185 2839 3278 2887 tra-

1772 2922 1887 2963 trem
1926 2918 2024 2971 ejus
2045 2916 2332 2963 Stratoclem·
2349 2921 2395 2964 ct
2425 2920 2642 2964 stratium
2683 2924 2729 2965 et
2756 2921 3036 2967 Eubulidem.
3065 2924 3151 2969 Hic
3180 2926 3275 2980 jain

1772 3002 2017 3047 moriturus
2045 3001 2128 3045 eibi
2159 3001 2294 3046 tiliam
2310 3002 2556 3059 adoptavit,
2593 3004 2643 3048 in
2674 3007 2944 3052 testamento
2971 3008 3215 3063 mandans,
3234 3009 3271 3053 si

1772 3086 1879 3145 quid
1901 3086 2160 3130 humanitus
2177 3085 2278 3130 filiae
2296 3086 2534 3142 accideret,
2570 3092 2624 3134 ut
2651 3087 2881 3135 hereditas
2911 3088 2970 3135 ad
3001 3092 3278 3138 Glauconem

1772 3166 1964 3211 tratrem
1979 3178 2111 3212 suum
2129 3178 2186 3212 ex
2198 3172 2340 3213 niati-e
2351 3168 2574 3214 transiret.
2587 3174 2746 3216 Postea
2763 3182 2818 3216 eo
2835 3175 3031 3228 mortuo,
3051 3170 3140 3219 tilia
3155 3177 3277 3231 post·

1774 3258 1907 3303 quem
1923 3245 2217 3293 hereditatem
2233 3252 2484 3306 acceperat,
2503 3250 2630 3297 obiit.
2647 3252 2828 3296 mortuo
2841 3255 2889 3297 et
2903 3252 3136 3303 Eubulide.
3156 3255 3278 3308 ejus-

1772 3329 1875 3375 dem
1890 3328 2124 3377 Eubulidis
2151 3328 2240 3375 filia
2269 3331 2376 3385 jure
2407 3341 2512 3375 cum
2547 3332 2778 3378 Glaucone
2807 3336 2980 3377 certans
2997 3330 3279 3381 nannenus

1772 3408 1913 3467 potlta
1939 3412 2017 3455 est.
2039 3412 2199 3455 Postea
2213 3412 2394 3455 mortuo
2411 3410 2628 3457 stratocle
2644 3414 2692 3457 et
2709 3412 2876 3457 stratio
2897 3412 3014 3459 solus
3031 3413 3282 3472 Theopom-

1773 3500 1858 3547 pus
1874 3498 1980 3534 cuin
2003 3488 2080 3534 illa
2106 3490 2230 3535 litem
2249 3489 2353 3545 egit,
2379 3492 2427 3535 et
2447 3488 2740 3537 hereditatem
2758 3495 3025 3537 consecutus
3055 3496 3138 3537 est.
3169 3498 3281 3539 omn

1772 3572 1853 3617 illo
1870 3572 2101 3618 stratoclia
2119 3570 2272 3620 fratris
2289 3572 2408 3618 tilius
2422 3572 2548 3618 litem
2569 3572 2740 3629 habuit,
2760 3584 2867 3618 cum
2885 3585 2939 3619 eo
2957 3574 3152 3620 vicissim
3189 3587 3269 3622 cu·

1770 3652 1949 3707 jusdam
1979 3652 2141 3697 tutoris
2159 3651 2272 3697 iilius
2289 3686 2301 3707 ,
2319 3651 2472 3698 dicens
2490 3652 2783 3699 hereditatem
2801 3654 3031 3710 &equaliter
3061 3654 3202 3701 dividi
3215 3656 3283 3701 in·

1779 3739 1847 3782 ter
1858 3737 2190 3795 ‘theopompum
2203 3740 2249 3783 et
2268 3736 2407 3785 tilium
2423 3735 2574 3784 fratris
2590 3739 2688 3793 ejus
2700 3739 2959 3785 convenire.
2976 3740 3122 3786 status
3137 3750 3280 3788 causo

1776 3816 2024 3872 negotialis.

2393 3936 2577 3979 LBGBS
2589 3964 2598 3977 .

1781 4048 1929 4108 Leges
1953 4043 2062 4095 ideo
2079 4044 2274 4094 recitavi
2287 4081 2301 4106 ,
2319 4044 2522 4107 jndices,
2555 4045 2783 4109 quoniam
2801 4044 3172 4113 [adversarius]
3195 4058 3281 4112 per

1719 4121 1926 4185 primam
1947 4134 2116 4171 earum
2137 4122 2378 4171 asseverat
2397 4133 2548 4184 puero
2572 4120 2596 4185 [
2613 4122 2864 4173 Stratoclis
2881 4123 2983 4173 tilio
3003 4122 3281 4187 Jsemissem

1718 4197 1957 4247 bonorum
1985 4197 2050 4247 ab
2071 4196 2256 4259 Haguia
2293 4196 2572 4247 relictorum
2587 4199 2888 4261 competere,
2911 4199 2962 4249 in
2984 4212 3082 4262 quo
3103 4200 3281 4251 verita·

1718 4272 1817 4320 tem
1840 4270 1970 4321 haud
1988 4270 2133 4321 habet
2157 4269 2248 4320 sibi
2277 4271 2675 4321 consentientem.
2740 4272 2951 4333 Hagntas
2975 4274 3106 4323 enim
3135 4274 3282 4328 frater

1718 4346 1857 4397 nobis
1877 4360 1975 4395 nou
2004 4347 2138 4407 erat;
2159 4346 2240 4395 lex
2262 4346 2424 4396 autem
2447 4345 2547 4409 illa,
2575 4359 2688 4409 quae
2723 4346 2784 4397 de
2815 4347 2952 4397 bonis
2973 4361 3002 4397 a
3035 4348 3180 4400 fratre
3201 4366 3281 4400 re-

1720 4422 1845 4471 lictis
1872 4421 2149 4485 constituit,
2172 4420 2380 4484 primum
2407 4422 2638 4472 fratribus
2659 4423 2898 4485 germanis
2929 4438 3196 4488 eorumque
3226 4428 3280 4477 li·

1719 4497 1844 4547 beris
1881 4496 2124 4559 adiudicat
2160 4496 2286 4546 bona
2329 4516 2342 4547 ι
2379 4496 2457 4546 hic
2499 4498 2629 4547 enim
2655 4498 2927 4561 *proximus
2961 4501 3033 4549 est
3073 4513 3276 4551 consan-

1718 4573 1963 4637 guinitatis
1999 4587 2028 4623 a
2050 4574 2278 4629 detuncto
2297 4572 2489 4635 gradus.
2554 4574 2620 4637 (2)
2650 4574 2734 4624 Sin
2759 4576 2926 4623 autem
2966 4574 3016 4624 hi
3039 4588 3138 4625 non
3163 4576 3278 4638 sint,

1722 4655 1800 4704 lex
1838 4666 2026 4703 somres
2065 4663 2315 4716 germanas
2349 4664 2616 4714 earumque
2657 4651 2834 4703 liberos
2868 4652 2930 4701 ad
2965 4653 3278 4707 hereditatem

1720 4734 1992 4784 adeundam
2030 4732 2242 4783 arcessit.
2309 4732 2654 4783 Deficientibus
2693 4732 2768 4783 his
2805 4744 3001 4796 quoque
3016 4767 3033 4796 ,
3067 4737 3174 4783 tum
3203 4734 3280 4787 de·

1719 4829 1855 4865 mum
1882 4816 1959 4865 lex
1985 4814 2126 4865 tertio
2161 4812 2330 4876 gradui
2368 4811 2792 4876 consanguinitatis
2811 4812 2983 4862 tribuit
3002 4811 3279 4874 proximita-

1720 4894 1837 4955 tem,
1866 4889 2162 4941 consobrinis
2181 4892 2298 4953 puta
2311 4903 2372 4940 ex
2395 4891 2530 4952 parte
2547 4888 2698 4952 patris
2717 4889 2768 4939 et
2793 4888 2968 4938 horum
2989 4888 3164 4937 liberis.
3193 4888 3278 4938 Sin

1720 4970 1879 5019 autem
1890 4968 1970 5017 hic
2008 4979 2203 5031 quoque
2217 4964 2393 5029 gradus
2405 4964 2652 5026 defecerit,
2672 4962 2797 5014 redit
2811 4962 3054 5026 legislator
3075 4960 3133 5012 ad
3150 4961 3275 5025 prin·

1721 5046 1897 5107 cipium
1919 5044 2131 5107 generis,
2160 5044 2208 5091 et
2243 5040 2447 5089 arbitros
2467 5040 2705 5089 bonorum
2727 5038 2840 5088 facit
2868 5036 3081 5087 defuncti
3100 5048 3276 5087 conso·

1724 5122 1887 5171 brinos
1912 5134 1940 5168 a
1961 5123 2096 5182 parte
2113 5122 2329 5168 materna
2344 5153 2358 5178 ,
2384 5116 2552 5166 eodem
2570 5114 2736 5179 ordine
2757 5116 2903 5175 atque
2926 5114 2974 5162 in
2998 5112 3274 5175 consangui-

1724 5197 1827 5246 neis
1848 5196 2073 5259 paternis.
2097 5196 2164 5257 (3)
2199 5192 2580 5255 propinquitates
2603 5190 2746 5240 hasce
2770 5190 2896 5239 solas
2910 5187 2997 5238 dat
3017 5186 3274 5249 legislator,

1720 5272 1878 5325 verbis
1900 5272 1980 5326 ille
1997 5272 2192 5335 quidem
2219 5271 2358 5321 utens
2369 5266 2674 5331 paucioribus
2688 5278 2838 5330 quam
2868 5276 2984 5329 ego;
3003 5276 3174 5313 verum
3191 5262 3240 5311 id
3257 5298 3272 5324 ,
