3825 5842
347 480 352 491 Ι
451 518 525 570 68
1322 497 1755 561 ΑΝΔΟΚΙΔΟΥ
1799 500 1848 560 Ο
1893 497 2077 559 ΠΕΡΙ
2119 499 2271 560 ΤΩΝ
2314 499 2786 562 ΜΥΣΤΗΡΙΩΝ.

3402 499 3621 580 (ιε-ω)

443 635 746 721 καταφανὴς
787 628 854 710 ἦν
871 625 876 632 ’
896 637 963 708 τῆ
1009 635 1169 717 βουλῇ
1221 630 1376 700 αὓτδς
1415 629 1518 700 θεὶς
1563 629 1658 703 τὴν
1709 630 1995 712 ἱκετηρίαν.
2084 640 2185 704 iam
2206 639 2393 692 senatui
2410 654 2605 692 ramum
2626 641 2766 690 illum
2788 629 2861 689 ab'
2882 636 2989 702 ipso
3012 635 3165 688 callia
3186 634 3454 700 depositum
3478 638 3627 712 tuisse:

525 749 616 790 117.
657 725 798 808 Φέρε
832 725 898 798 δὴ
929 700 1116 797 Ιτοίνυν,
1142 712 1186 781 ὦ
1212 721 1391 801 ἄνδρες
1437 718 1596 800 (τάχα
1619 720 1720 800 γὰρ
1763 718 1827 778 ἂν
1873 717 2001 779 αὗτὸ

447 807 714 890 βούλοισθε
737 800 1026 882 πυθέσθαι),
1049 808 1078 863 ὃ
1109 801 1164 860 δὲ
1195 799 1433 867 Καλλίας
1459 797 1511 858 τί
1555 799 1860 879 βουλόμενος
1897 798 1998 857 ἐτί-

445 894 522 948 θει
565 887 662 960 τὴν
698 883 990 965 {xer-apim}
1026 878 1130 962 ἐγὼ
1171 879 1224 938 δὲ
1271 883 1391 955 ὑμῖν
1429 877 1753 958 διηγήσομαι
1792 869 1865 937 ὧν
1908 877 1999 937 ὑπ’

444 970 608 1028 αὗτοῦ
631 964 802 1026 εἵνεκα
831 960 1230 1033 ἐπεὸουλεύθην.
1274 957 1556 1026 Ἐπίλυκος
1577 949 1642 1031 ἦν
1662 962 1691 1018 ὁ
1709 958 2003 1039 Τισάνδρου

361 1064 414 1105 35
445 1046 576 1115 θεῖός
605 1071 726 1126 μοι,
756 1043 972 1125 ἀδελφὸς
1008 1045 1104 1114 τῆς
1131 1037 1327 1119 μητρὸς
1356 1042 1448 1111 τῆς
1488 1041 1645 1116 ἐμῆς·
1677 1037 1902 1097 ἀπέθανε
1946 1036 2000 1095 δὲ

447 1129 500 1187 ἐν
546 1125 765 1207 Σικελία
801 1122 958 1190 άπαις
989 1119 1215 1202 ἀρρένων
1259 1117 1481 1192 παίδων,
1514 1116 1796 1198 θυγατέρας
1818 1116 1872 1176 δὲ
1913 1114 2005 1176 δύο

446 1203 776 1282 καταλιπών,
795 1199 852 1261 αἳ
874 1199 1100 1282 ἐγίνοντο
1121 1197 1193 1267 εἴς
1214 1221 1269 1258 τε
1296 1196 1390 1275 ἐμὲ
1417 1196 1510 1255 καὶ
1537 1197 1793 1278 Λέαγρον.
1883 1196 2001 1275 (ns)

445 1293 534 1357 Τὰ
562 1291 616 1352 δὲ
651 1289 942 1375 πράγματα
966 1287 1032 1348 τὰ
1060 1287 1195 1348 οἶκοι
1221 1284 1458 1367 πονήρως
1485 1275 1595 1365 εἶχε
1612 1302 1628 1318 ·
1654 1283 1750 1357 τὴν
1782 1282 1877 1362 μὲν
1903 1281 2005 1362 γὰρ

447 1379 673 1464 φανερὰν
701 1377 881 1438 οὐσίαν
917 1375 1034 1436 οὐδὲ
1063 1377 1204 1435 δυοῖν
1243 1371 1518 1433 ταλάντοιν
1547 1371 1827 1452 κατέλιπε,
1853 1369 1922 1430 τὰ
1950 1369 2005 1429 δὲ

446 1469 755 1551 ὀφειλόμενα
778 1464 934 1526 πλέον
963 1455 1026 1538 ἧν
1049 1463 1084 1536 ἢ
1107 1461 1260 1522 πέντε
1282 1460 1535 1525 τάλαντα.
1614 1456 1804 1538 Ὅμως
1831 1460 1878 1518 δ’
1901 1455 2005 1539 ἐγὼ

447 1557 674 1625 καλέσας
687 1555 921 1637 Λέαγρον
942 1549 1169 1613 ἐναντίον
1184 1553 1286 1610 τῶν
1301 1549 1464 1632 φίλων
1480 1546 1655 1629 ἔλεγον
1669 1545 2005 1628 ὅτιζταῦτῇεἶη

369 1660 420 1701 ⁴⁰
449 1648 648 1728 ἀνδρῶν
673 1644 969 1723 άγαθῶν,ἐν
983 1648 1090 1708 τοῖς
1113 1638 1358 1708 τοιούτοις
1367 1636 1620 1699 δεικνύναι
1642 1634 1736 1704 τὰς
1754 1635 2006 1708 οἷκειότη·

448 1759 540 1803 τας
562 1731 825 1805 ἀλλήλοις.
908 1727 1020 1808 (119)
1047 1755 1070 1780 α
1101 1725 1278 1805 Ἧμᾶς
1297 1721 1399 1807 γὰρ
1417 1727 1476 1785 οὖ
1505 1723 1700 1784 δίκαιόν
1723 1725 1860 1782 ἐστιν
1889 1721 2008 1782 οὔτε

449 1823 702 1906 χρήματα
747 1819 898 1901 ἔτερα
925 1816 1032 1878 οὔτ’
1079 1813 1323 1896 εὐτυχίαν
1361 1812 1544 1897 ἀνδρὸς
1591 1813 1824 1887 ἑλέσθαι,
1869 1811 2006 1871 ὥστε

449 1911 842 1994 καταφρονῆσαι
877 1908 981 1966 τῶν
1025 1901 1314 1964 Ἐπιλύκου
1353 1901 1665 1983 θυγατέρων.
1767 1900 1875 1962 Καὶ
1907 1897 2007 1981 γὰρ

451 2003 496 2060 εἶ
523 1999 614 2072 ἔζη
643 1996 926 2063 Ἐπίλυκος
951 1992 987 2066 ἢ
1015 1988 1226 2060 τεθνεὼς
1255 1989 1426 2050 πολλὰ
1446 1989 1696 2050 κατέλιπε
1723 1988 2007 2071 χρήματα,

454 2087 692 2165 ἠξιοῦμεν
727 2085 791 2144 ἂν
818 2082 956 2164 γένει
983 2081 1126 2150 ὄντες
1174 2077 1441 2159 ἐγγυτάτω
1484 2076 1623 2158 ἔχειν
1669 2074 1762 2145 τὰς
1796 2075 2006 2144 παῖδας.

450 2175 734 2256 Τοιγάρτοι
779 2175 950 2232 ἐκεῖνα
992 2167 1084 2248 μὲν
1118 2167 1183 2227 δι’
1211 2165 1494 2228 Ἐπίλυκον
1538 2165 1601 2225 ἂν
1637 2156 1702 2239 ἦν
1737 2163 1774 2237 ἢ
1817 2163 1903 2223 διὰ
1943 2161 2011 2222 τὰ

453 2263 734 2348 γρήματα·
753 2265 839 2322 νῦν
859 2258 914 2320 δὲ
938 2257 1023 2317 διὰ
1045 2256 1140 2330 τὴν
1158 2253 1420 2336 ἡμετέραν
1445 2252 1632 2336 ἀρετὴν
1698 2253 1820 2314 τάδε
1839 2251 2005 2312 ἔσται.

373 2374 437 2425 16
454 2364 568 2435 Τῆς
593 2360 688 2440 μὲν
717 2350 803 2420 οὖν
832 2357 894 2418 σὺ
919 2353 1247 2431 ἐπιδικάζου,
1275 2357 1370 2427 τῆς
1397 2349 1454 2412 δὲ
1480 2351 1599 2432 ἐγώ.
1624 2378 1648 2404 n
1694 2349 1812 2430 (120)
1838 2348 2012 2429 Ὦμο·

454 2449 652 2529 λόγησέ
683 2472 798 2528 μοι,
825 2435 870 2506 ὦ
897 2444 1095 2524 ἄνδρες.
1177 2437 1644 2517 Ἐπεδικασάμεθα
1681 2437 1842 2521 ἄμφω
1873 2437 2011 2498 κατὰ

451 2536 547 2611 ’,ι-ὴν
575 2536 706 2620 πρὸς
737 2541 877 2614 ἡμᾶς
915 2530 1212 2612 ὁμολογίαν·
1293 2528 1387 2589 καὶ
1427 2519 1492 2601 ἧς
1517 2526 1610 2606 μὲν
1635 2523 1740 2605 ἐγὼ
1770 2526 2012 2585 ἐπεδικα-

455 2623 654 2704 σάμην,
689 2629 720 2697 ἡ
747 2624 869 2691 παῖς
892 2621 1026 2702 τύχῃ
1053 2615 1366 2700 χρησαμένη
1393 2619 1636 2695 καμοῦσα
1681 2613 1950 2674 ἀπέθανεν·
1976 2617 2012 2686 ἡ

459 2721 505 2780 δ’
532 2721 684 2803 ἑτέρα
716 2718 853 2778 ἔστιν
883 2717 980 2778 ἔτι.
1061 2713 1274 2788 Ταύτην
1304 2712 1542 2781 Καλλίας
1563 2709 1731 2772 ἔπειθε
1755 2709 2013 2792 Λέαγρον,

399 2829 425 2868 5
459 2809 712 2891 χρήματα
741 2805 1170 2886 ὖπισχνούμενος,
1199 2806 1290 2884 ἐᾷν
1313 2801 1469 2862 αὐτὸν
1493 2800 1692 2861 λαθεῖν·
1717 2799 2015 2879 αἰσθόμενος

459 2897 504 2956 δ’
529 2894 632 2977 ἐγὼ
658 2895 804 2963 εὗθὺς
845 2894 1005 2967 ἔθηκα
1052 2891 1408 2973 παράστασιν,
1435 2889 1524 2949 καὶ
1552 2887 1739 2970 ἔλαχον
1781 2890 2015 2970 προτέρῳ

455 2985 554 3066 μὲν
598 2984 854 3066 Λεάγρῳ,
881 2981 962 3044 ὅτι
993 3008 1018 3036 α
1045 2983 1091 3042 εἶ
1128 2978 1223 3060 μὲν
1269 2977 1332 3040 σὺ
1377 2977 1550 3059 βούλει
1595 2976 2014 3052 ἐπιδικάζεσθαι,

455 3074 548 3154 ἔχε
573 3072 708 3154 τύχῃ
737 3075 936 3152 ἀγαθῇ,
962 3069 1087 3131 εἰδὲ
1117 3067 1221 3148 μή,
1250 3067 1352 3148 ἐγὼ
1371 3066 1764 3144 ἐπιδικάσομαι.
1793 3093 1815 3118 1·
1899 3067 2015 3145 (m)

457 3161 618 3231 Γνοὺς
645 3168 810 3222 ταῦτα
842 3159 1076 3228 Καλλίας
1100 3156 1356 3238 λαγχάνει
1378 3159 1453 3236 τῷ
1479 3157 1581 3215 υἱεῖ
1605 3158 1678 3236 τῷ
1707 3157 1891 3214 ἐαυτοῦ
1921 3157 2015 3226 τῆς

463 3249 745 3332 ἐπικλήρου
762 3295 780 3323 ,
805 3252 871 3327 τῇ
896 3247 1086 3323 δεκάτῃ
1104 3243 1382 3322 ἱσταμένου
1397 3288 1414 3321 ,
1429 3240 1514 3302 ἵνα
1536 3240 1610 3321 μὴ
1631 3241 2017 3321 ἐπιδικάσωμαι

459 3337 583 3418 ἐγώ.
666 3337 798 3404 Ταῖς
827 3335 870 3395 δ’
899 3334 1070 3394 εἰκάσι
1089 3378 1107 3412 ,
1147 3329 1448 3412 μυστηρίοις
1484 3330 1703 3403 τούτοις,
1746 3328 1862 3398 δοὺς
1904 3332 2018 3402 Κη-

456 3425 618 3508 ’φισίῳ
643 3423 817 3506 χιλίας
843 3421 1081 3505 δραχμὰς
1108 3417 1389 3478 ἐνδείκνυσί
1416 3439 1483 3496 με
1507 3416 1598 3476 καὶ
1626 3418 1698 3485 εἷς
1723 3415 1809 3476 τὸν
1839 3418 2017 3496 ἀγῶνα

462 3527 645 3583 τοῦτον
670 3519 994 3592 καθίστησιν.
1078 3513 1296 3588 Ἐπειδὴ
1322 3513 1368 3574 δ’
1394 3511 1532 3594 ἐώρα
1558 3535 1624 3592 με
1666 3509 2014 3590 ὑπομένοντα,

465 3611 638 3685 τίθησι
665 3609 758 3682 τὴν
784 3605 1072 3689 ἱκετηρίαν,
1101 3605 1173 3672 ὣς
1203 3601 1297 3681 ἐμὲ
1325 3599 1420 3680 μὲν
1463 3602 1762 3660 ἀποκτενῶν
1807 3598 2018 3680 άκριτον

391 3715 442 3757 10
467 3697 504 3770 ἢ
532 3697 735 3769 ἐξελῶν,
784 3695 936 3763 αὐτὸς
981 3691 1034 3753 δὲ
1065 3691 1258 3752 πείσων
1298 3687 1532 3770 Λέαγρον
1575 3685 1816 3768 χρήμασι
1847 3707 2019 3745 συνοι·

467 3786 644 3861 κήσων
670 3789 738 3866 τῇ
779 3783 1066 3846 Ἐπιλύκου
1094 3776 1328 3861 θυγατρί.
1412 3777 1530 3855 (122)
1579 3774 1798 3846 Ἐπειδὴ
1841 3773 1886 3832 δ’
1913 3771 2018 3832 οὐδ’

465 3874 536 3943 ὣς
576 3873 700 3934 ἄνευ
728 3875 920 3952 ἀγῶνος
951 3870 1089 3953 ἐώρα
1116 3867 1338 3947 ἐσόμενα
1365 3863 1433 3924 τὰ
1458 3863 1747 3946 πράγματα
1761 3908 1779 3940 ,
1805 3860 1925 3920 τότε
1951 3859 2016 3934 δὴ

465 3961 697 4045 προσιὼν
740 3960 1118 4042 Λυσίστρατον,
1162 3954 1472 4036 Ἡγήμονα,
1522 3949 1842 4033 Ἐπιχάρην,
1887 3953 2018 4031 ὁρῶν

505 4052 640 4120 ίλους
666 4049 816 4118 ὄντας
843 4047 958 4128 ἐμοὶ
979 4045 1069 4106 καὶ
1095 4042 1394 4125 χρωμένους
1409 4086 1427 4117 ,
1453 4042 1522 4108 εἰς
1556 4045 1706 4099 τοῦτο
1749 4036 2019 4120 βδελυρίας

464 4075 589 4214 {Me
617 4139 708 4200 καὶ
734 4135 1086 4220 παρανομίας,
1127 4130 1255 4191 ὥστ’
1283 4129 1429 4210 ἔλεγε
1455 4126 1582 4210 πρὸς
1607 4127 1818 4195 τούτους
1856 4129 1927 4193 ὡς
1975 4127 2020 4184 εἷ

465 4227 542 4287 ἔτι
562 4227 653 4288 καὶ
679 4231 769 4287 νῦν
800 4223 1079 4306 βουλοίμην
1105 4223 1398 4292 ἀποστῆναι
1422 4221 1515 4290 τῆς
1542 4215 1831 4277 Ἐπιλύκου
1859 4219 2020 4294 θυγα-

387 4318 456 4390 1⁶¹,
467 4314 615 4397 τρός,
646 4314 848 4391 ἕτοιμος
875 4311 955 4385 εἴη
983 4307 1285 4369 παύσασθαί
1315 4330 1379 4384 με
1420 4309 1598 4371 κακῶς
1625 4306 1807 4377 ποιῶν,
1849 4301 2025 4361 ἀπαλ-

467 4403 624 4473 λάξαι
650 4403 706 4462 δὲ
741 4400 1024 4479 Κηφίσιον,
1053 4397 1202 4470 δίκην
1226 4397 1272 4456 δ’
1286 4397 1350 4454 ἐν
1385 4397 1492 4462 τοῖς
1519 4393 1680 4475 φίλοις
1720 4389 1897 4451 δοῦναί
1935 4409 2025 4467 μοι

469 4495 573 4552 τῶν
595 4489 980 4567 πεποιημένων.
1066 4488 1184 4567 (123)
1226 4475 1392 4546 Εἶπον
1421 4484 1562 4562 αὐτῷ
1603 4479 1694 4540 καὶ
1716 4477 2023 4559 κατηγορεῖν

471 4579 560 4640 καὶ
600 4576 1013 4661 παρασκευάζειν
1057 4575 1271 4641 ἄλλους·
1305 4574 1350 4632 εἰ
1385 4571 1430 4630 δ’
1459 4569 1563 4649 ἐγὼ
1599 4567 1753 4627 αὐτὸν
1796 4562 2028 4646 ἀποφεύ-

472 4668 626 4747 ξομαι
658 4667 751 4727 καὶ
799 4664 1085 4745 γνώσονται
1113 4663 1370 4736 Ἀθηναῖοι
1412 4655 1534 4738 περὶ
1572 4659 1697 4733 ἐμοῦ
1725 4653 1791 4712 τὰ
1821 4652 2025 4725 δίκαια,

473 4755 575 4834 ἐγὼ
602 4756 757 4815 αὐτὸν
785 4753 962 4832 οἴομαι
989 4750 1108 4833 περὶ
1137 4755 1227 4810 τοῦ
1256 4747 1498 4826 σώματος
1516 4749 1610 4805 τοῦ
1643 4745 1826 4803 ἑαυτοῦ
1856 4742 1908 4800 ἐν
1952 4744 2028 4820 τῷ

475 4843 622 4927 μέρει
672 4842 1033 4905 κινδυνεύσειν.
1115 4837 1280 4918 ‘'Art-sp
1322 4835 1478 4895 αὐτὸν
1517 4835 1576 4892 οὔ
1619 4829 1901 4914 ψεύσομαι,
1938 4827 2027 4887 ἐὰν

475 4937 616 5012 ὑμῖν,
640 4922 685 4992 ‹3¹›
714 4931 912 5014 ἄνδρες,
944 4931 1090 5010 δοκῇ.
1174 4925 1274 4992 ‘stc
1301 4925 1346 4983 δ’
1379 4925 1548 4994 ἀληθῆ
1570 4918 1738 5000 λέγω,
1756 4918 1905 4977 κάλει
1936 4938 2025 4995 μοι

395 5041 450 5082 εο
474 5021 591 5090 τοὺς
613 5020 899 5103 μάρτυρας.

1081 5119 1420 5172 ΜΑΡΤΥΡΕΣ.

557 5242 655 5284 124.
699 5218 857 5281 Ἀλλὰ
901 5216 1002 5298 γὰρ
1047 5216 1134 5276 τὸν
1181 5213 1288 5274 υἱὸν
1335 5213 1492 5272 αὗτοῦ
1533 5212 1735 5280 τοῦτον,
1766 5195 1810 5287 ᾧ
1846 5207 2029 5284 λαχεῖν

481 5309 668 5383 ἠξίωσε
689 5313 781 5381 τ’ἥς
800 5305 1088 5369 Ἐπιλύκου
1107 5302 1372 5384 θυγατρός,
1396 5299 1658 5382 σκέψασθε
1680 5299 1791 5363 πῶς
1802 5293 2031 5375 γέγονεν,

2152 733 2256 780 117.
2279 733 2463 782 Verum
2495 741 2707 792 quanam
2730 726 2929 778 tandem
2952 724 3128 776 Callias
3159 723 3222 774 de
3255 737 3401 774 causa
3422 723 3473 774 id
3504 725 3627 776 lecis-

2088 816 2274 864 set?·—
2296 827 2411 864 nam
2434 810 2495 864 de
2519 814 2613 863 hoc
2640 803 2729 864 vos
2748 806 2969 876 quaerer'e
2994 811 3367 860 consentaneum
3390 811 3479 860 est.
3542 815 3629 874 Ego

2088 910 2205 947 vero
2223 896 2382 946 dicam
2414 896 2554 947 vobis
2574 908 2661 945 cur
2678 894 2799 945 mihi
2819 893 3015 944 insidias
3032 891 3283 943 struxerit.
3304 891 3527 955 Epilycus
3540 896 3631 941 erat

2091 979 2456 1032 Tisandri,tilius
2478 979 2748 1030 avunculus
2772 977 2917 1039 milii,
2950 975 3119 1027 matris
3142 987 3262 1026 mete
3289 975 3436 1026 frater
3459 993 3470 1022 :
3494 974 3569 1024 hic
3590 977 3631 1024 in

2092 1061 2251 1112 Sicilia
2278 1060 2513 1122 decessit,
2540 1061 2676 1110 nulla
2702 1060 2868 1111 relicta
2892 1059 3028 1122 prole
3066 1056 3282 1108 mascula
3316 1076 3329 1106 ι
3361 1056 3474 1107 duae
3507 1055 3631 1120 uliae,

2092 1159 2213 1209 quas
2250 1145 2377 1196 solas
2414 1144 2701 1208 reliquerat,
2738 1157 2802 1194 ex
2833 1143 2945 1205 iure
2978 1140 3399 1205 consanguinitatis
3436 1139 3635 1203 mihique

2094 1229 2242 1291 atque
2268 1231 2446 1290 Leagro
2465 1227 2723 1291 cedebant,
2746 1228 2802 1276 ut
2826 1239 2907 1278 eas
2922 1225 3122 1275 domum
3146 1225 3451 1275 duceremus.
3518 1222 3633 1286 (118)

2094 1315 2189 1362 Res
2212 1311 2390 1375 Epilyci
2428 1308 2674 1361 familiaris
2705 1310 2832 1360 male
2858 1309 3066 1360 habebat
3088 1329 3100 1360 ι
3125 1310 3341 1372 apertam
3368 1306 3500 1356 enim
3529 1306 3635 1356 sub-

2095 1392 2323 1442 stantiam
2354 1406 2418 1442 ne
2438 1392 2647 1442 duorum
2682 1391 2875 1455 quidem
2907 1392 3197 1442 talentorum
3226 1389 3509 1452 reliquerat,
3542 1387 3640 1450 plus

2094 1476 2257 1526 autem
2285 1487 2435 1539 quam
2460 1473 2678 1538 quinque
2698 1473 2881 1524 talenta
2900 1472 3122 1523 debebat.
3150 1469 3476 1522 Nihilominus
3490 1471 3639 1520 tamen

2094 1571 2182 1622 ego
2206 1561 2442 1622 Leagrum
2468 1570 2624 1621 quum
2642 1557 2705 1606 ad
2718 1569 2797 1606 me
2816 1554 3160 1606 arcessivissem
3178 1590 3194 1617 ,
3219 1567 3381 1603 eoram
3398 1552 3567 1602 amieis
3581 1553 3643 1602 113

2096 1655 2209 1692 cum
2235 1654 2294 1692 eo
2324 1640 2400 1704 egi
2439 1653 2453 1684 ε
2484 1642 2746 1690 Bonorum
2772 1641 2850 1688 est
2874 1635 3130 1701 (inquam)
3154 1639 3418 1698 virorum,
3448 1637 3507 1684 in
3524 1634 3642 1696 ejus·

2094 1723 2233 1774 modi
2253 1721 2562 1786 temporibus
2578 1720 3030 1783 testatumsacere,
3050 1732 3300 1784 quoenam
3316 1721 3645 1782 coenatos-um

2097 1808 2270 1874 officia
2294 1811 2418 1860 sint.
2483 1808 2617 1873 (119)
2640 1805 2867 1859 Proinde
2886 1818 2978 1856 nos
2996 1804 3137 1856 decet
3158 1805 3363 1868 Epilyci
3379 1801 3539 1868 filias
3554 1817 3647 1854 non

2097 1894 2431 1956 contemnere,
2450 1903 2615 1957 neque
2628 1901 2720 1942 con
2726 1888 2942 1940 ditiones
2958 1887 3207 1938 lautiores
3222 1887 3348 1950 ipsis
3364 1885 3619 1950 proeserre
3630 1901 3647 1934 .-

2099 1974 2345 2038 Epitycus
2376 1977 2517 2025 enim
2542 1975 2591 2023 si
2628 1971 2807 2024 adhuc
2824 1973 2883 2021 in
2914 1971 3049 2021 vivis
3072 1972 3200 2020 esset
3224 1970 3323 2019 aut
3345 1969 3395 2018 si
3432 1980 3651 2032 maenas

2097 2069 2213 2122 opes
2248 2057 2546 2122 reliquisset
2584 2055 2898 2118 defunctus,
2917 2052 3101 2116 procul
3128 2049 3448 2114 dubiofilias
3470 2050 3580 2114 ejas
3598 2053 3649 2100 in
3706 2080 3711 2084 -

2098 2143 2490 2193 matrimonium
2505 2139 2841 2192 ambiremm.
2866 2139 2995 2188 Tum
3006 2138 3177 2188 tamen
3193 2135 3393 2199 Epilyci
3408 2133 3495 2184 vel
3506 2144 3651 2197 opum

2098 2228 2273 2287 qratia
2279 2225 2470 2288 secisse
2488 2223 2599 2276 hoec
2613 2225 2713 2278 visi
2726 2233 2965 2284 essemus,
2976 2231 3117 2272 nunc
3128 2216 3265 2268 idem
3274 2218 3492 2282 propter
3502 2218 3652 2266 animi

2100 2311 2349 2361 virtutem
2360 2305 2871 2370 nostramsaciemus.
2892 2305 2967 2355 Tu
2977 2304 3144 2365 icitur
3150 2300 3377 2352 alteram
3392 2312 3427 2349 a
3434 2301 3653 2364 proetore

2101 2392 2200 2444 tibi
2213 2392 2471 2457 postules,
2495 2391 2720 2441 alteram
2736 2402 2825 2452 eqo
2834 2385 3133 2452 postulabo.
3198 2382 3327 2447 (120)
3344 2383 3417 2432 113
3433 2394 3491 2433 se
3508 2381 3653 2440 fadu-

2101 2489 2213 2526 rum
2228 2474 2451 2540 promisit
2465 2472 2599 2522 mihi.
2625 2475 2701 2523 Ex
2716 2471 2860 2534 pacto
2891 2468 3037 2532 igitur
3066 2465 3211 2518 ambo
3230 2477 3461 2517 curamus
3483 2462 3658 2527 puellas

2110 2558 2249 2610 nobis
2295 2554 2578 2620 adiudicari.
2674 2556 2858 2604 Verum
2892 2563 3042 2614 quam
3094 2560 3183 2611 ego
3223 2543 3531 2610 postulabam
3569 2544 3659 2594 tilia

2102 2642 2235 2693 fatali
2256 2639 2427 2690 morbo
2446 2639 2667 2702 correpta
2694 2634 2913 2698 decessit,
2938 2647 3075 2685 soror
3095 2644 3213 2682 vero
3240 2629 3413 2680 adhuc·
3426 2630 3657 2693 superest.

2105 2724 2241 2772 nanc
2275 2718 2451 2770 callias
2484 2715 2717 2780 promissa
2767 2711 2989 2764 mercede
3030 2713 3204 2774 beassro
3243 2707 3567 2772 perstndebat
3588 2707 3660 2755 ‘ut

2101 2799 2191 2850 sibi
2229 2811 2434 2848 uxorem
2472 2794 2772 2860 permitteret
2807 2807 2820 2841 z
2862 2790 2913 2841 id
2946 2789 3077 2854 quod
3108 2802 3195 2851 ego
3228 2787 3468 2850 sentienS,
3502 2785 3659 2836 statim

2101 2875 2353 2942 pecuniam
2375 2875 2425 2924 in
2452 2873 2632 2936 iudicio
2668 2870 2897 2935 deposui3
2919 2882 3017 2933 quo
3032 2869 3169 2940 ‘facto
3195 2865 3435 2916 actionem
3464 2876 3661 2914 exorsus
3710 2907 3717 2912 .

2104 2971 2211 3008 sum
2224 2992 2239 3018 ,
2258 2956 2463 3020 primam
2484 2952 2680 3016 quidem
2704 2951 2931 3000 adversus
2948 2951 3183 3011 Leagrum
3194 2983 3211 3010 ,
3234 2947 3315 2996 cui
3340 2943 3663 2994 conditionem

2104 3035 2229 3084 hanc
2258 3030 2527 3082 deferebam
2580 3049 2593 3079 =
2627 3033 2701 3080 Tu
2726 3027 2939 3094 quidem
2984 3024 3307 3089 (1311113111)ἐί
3334 3022 3554 3073 domum
3568 3021 3661 3072 du-

2104 3125 2216 3164 cere
2231 3110 2470 3175 puellam
2498 3110 2578 3159 vis
2594 3143 2610 3170 ,
2634 3105 2764 3157 habe
2782 3105 2905 3167 tibi,
2924 3101 3063 3169 quod
3088 3102 3212 3152 bene
3239 3099 3326 3151 tibi
3344 3101 3525 3150 uertat
3537 3112 3559 3155 ,·
3582 3102 3663 3150 sin

2102 3192 2295 3250 nunus,
2312 3191 2421 3239 tum
2436 3199 2524 3250 eqo
2546 3196 2661 3236 eam
2686 3182 2755 3234 ab
2774 3180 3025 3233 archonte
3044 3179 3271 3244 postulo.
3316 3177 3449 3242 (121)
3491 3176 3665 3228 callias

2104 3269 2269 3319 autem
2283 3303 2300 3331 ,
2337 3280 2395 3316 eo
2414 3265 2685 3327 comperto,
2717 3261 2957 3311 actionem
2979 3257 3211 3308 adversus
3235 3268 3315 3307 me
3340 3269 3428 3318 pro
3454 3255 3561 3304 tilio
3582 3259 3666 3304 suo

2105 3344 2384 3410 capessivit,
2417 3343 2495 3393 die
2520 3341 2704 3391 decima
2722 3351 2899 3389 mensis
2914 3349 3011 3400 quo
3029 3349 3115 3398 ego
3146 3329 3305 3384 minus
3322 3345 3517 3396 possem
3535 3332 3667 3382 litem

2106 3423 2345 3490 persequi.
2364 3419 2454 3472 Die
2474 3419 2704 3482 vigesimo
2722 3419 2772 3467 et
2789 3413 3022 3480 proximis
3040 3411 3426 3474 insequentibus,
3452 3410 3665 3460 tenenti-

2104 3503 2197 3554 bus
2210 3500 2465 3565 mysteriis,
2482 3511 2565 3562 per
2579 3495 2855 3560 Cephisium
2867 3493 2999 3543 hunc
3008 3528 3023 3554 ,
3042 3489 3176 3540 mille
3188 3488 3531 3540 drachmarum
3547 3500 3671 3538 mer·

2107 3579 2225 3632 cede
2243 3579 2545 3642 redemptum
2561 3613 2576 3639 ,
2592 3588 2669 3624 me
2684 3572 2879 3634 detulit,
2894 3573 2945 3621 et
2958 3570 3007 3620 in
3020 3569 3169 3618 hocoe
3180 3569 3425 3618 certamen
3439 3565 3668 3628 conjecit.

2109 3661 2176 3711 Ut
2195 3660 2359 3709 autem
2376 3670 2456 3707 me
2472 3654 2669 3706 videbat
2680 3653 2731 3701 in
2747 3650 2868 3700 urbe
2883 3648 3176 3708 manentem,
3192 3643 3460 3708 deponebat
3474 3656 3669 3693 ramum

2106 3738 2247 3788 illum
2281 3735 2673 3801 supplicatorium
2692 3768 2709 3796 ,
2746 3743 2845 3794 quo
2868 3741 2949 3779 me
2974 3727 3062 3778 aut
3093 3725 3275 3776 indicta
3306 3737 3454 3775 eausa
3473 3724 3672 3774 tolleret

2107 3816 2196 3865 aut
2217 3815 2373 3878 patria
2389 3803 2648 3877 expelleret
2660 3849 2677 3874 ,
2690 3809 2793 3872 ipse
2807 3808 2998 3868 autem,
3020 3807 3198 3867 Leagro
3214 3801 3425 3852 nummis
3450 3801 3669 3864 placato,

2107 3893 2256 3944 11113111
2278 3891 2463 3956 Epilyei
2480 3889 2613 3941 domi
2628 3899 2831 3939 uxorem
2853 3883 3069 3936 haberet.
3136 3880 3266 3945 (122)
3283 3879 3467 3930 Videns
3482 3881 3671 3940 autem,

2107 3987 2170 4024 ne
2199 3973 2270 4024 sic
2295 3971 2491 4036 quidem
2506 3970 2596 4021 sibi
2624 3981 2727 4018 rem
2748 3967 2849 4017 sine
2870 3961 3131 4014 certamine
3152 3972 3509 4022 successuram,
3526 3957 3671 4022 Lysi-

2110 4055 2315 4104 stratum
2329 4051 2449 4102 adiit
2467 4053 2887 4112 Hegemonemque
2898 4045 2949 4094 et
2966 4041 3251 4106 Epicharem
3264 4077 3279 4103 ,
3295 4051 3421 4104 quos
3440 4037 3673 4089 cernebat

2110 4131 2228 4181 mihi
2237 4131 2417 4180 amicos
2434 4131 2484 4180 et
2498 4127 2753 4178 familiares
2766 4136 2885 4184 esse,
2896 4132 3049 4184 eoque
3060 4117 3371 4181 impudentiae
3384 4119 3435 4167 et
3443 4116 3673 4179 improbi-

2110 4211 2223 4261 tatis
2240 4207 2485 4273 processit,
2499 4203 2623 4256 utad
2639 4203 2726 4252 hos
2737 4199 3002 4252 declararet
3014 4197 3174 4248 adhuc
3189 4197 3229 4247 si
3243 4195 3388 4245 velim
3404 4195 3469 4245 ab
3486 4192 3673 4258 Epilyei

2111 4289 2209 4339 11113
2226 4287 2479 4349 desistere,
2498 4297 2549 4334 se
2573 4293 2767 4345 quoque
2795 4278 2942 4328 tinem
2972 4276 3070 4326 mei
3093 4273 3307 4325 vexandi
3332 4273 3493 4323 facere
3516 4273 3674 4333 velle,

2112 4368 2430 4433 Cephisioque
2449 4363 2693 4415 silentium
2709 4372 2811 4411 esse
2830 4357 3167 4422 impositurum
3181 4389 3197 4416 ,
3216 4356 3267 4404 et
3286 4353 3540 4403 luitionem
3552 4351 3677 4414 inju-

2113 4448 2293 4498 riarum
2320 4441 2517 4495 arbitrio
2546 4440 2811 4490 amicorum
2842 4448 2944 4486 esse
2973 4433 3331 4498 permissurum.
3404 4429 3533 4494 (123)
3570 4433 3673 4494 Ego

2112 4538 2228 4576 vero
2244 4524 2291 4574 ei
2316 4519 2589 4574 renuntiavi
2599 4556 2616 4581 ,
2634 4529 2715 4567 me
2732 4515 2979 4566 auctorem
2997 4511 3085 4575 ipsi
3104 4523 3207 4560 esse
3218 4505 3309 4568 ,'ut
3324 4509 3376 4558 et
3401 4508 3670 4558 accusatio-

2114 4617 2228 4655 nem
2262 4599 2649 4666 persequeretur,
2682 4596 2734 4645 et
2768 4593 2889 4643 alios
2913 4590 3032 4642 mihi
3063 4587 3346 4638 immitteret
3382 4600 3397 4635 ε
3426 4598 3603 4635 verum
3632 4583 3675 4635 si

2114 4697 2251 4748 aequa
2265 4682 2484 4746 judicum
2502 4675 2737 4730 sententia
2758 4671 3004 4724 absolutus
3022 4669 3214 4725 fuerim.
3235 4668 3339 4717 l'ore
3356 4665 3572 4736 profecto
3582 4703 3601 4729 ,
3616 4667 3679 4715 ut

2114 4764 2214 4827 ipse
2230 4760 2436 4812 vicissim
2455 4757 2516 4808 de
2545 4769 2633 4807 suo
2660 4751 2817 4817 capite
2829 4762 2913 4814 per
2930 4762 3011 4798 me
3023 4748 3087 4799 sit
3102 4745 3480 4810 periclitaturus.
3506 4747 3678 4806 Neque

2088 4844 2177 4895 ,de
2206 4844 2281 4894 bis
2311 4841 2457 4893 salsus
2486 4838 2530 4889 ei
2553 4837 2689 4886 vates
2707 4833 2843 4883 mero
2856 4865 2873 4892 ,
2904 4829 2945 4882 si
2970 4827 3126 4889 vobis,
3144 4841 3176 4876 o
3192 4825 3377 4888 iudica
3392 4860 3408 4885 ,
3448 4823 3677 4887 placebit.

2115 4927 2243 4976 Vera
2266 4923 2428 4972 autem
2449 4918 2556 4968 hoee
2582 4929 2613 4966 a
2634 4926 2715 4965 me
2742 4910 2865 4972 dici,
2886 4910 2944 4959 ut
2964 4907 3102 4958 vobis
3129 4895 3341 4966 constet,
3360 4902 3459 4953 cita
3480 4903 3537 4954 tu
3556 4902 3681 4952 mihi

2114 5003 2277 5055 testes.

2768 5096 3008 5161 rusus-

2184 5209 2287 5257 124.
2315 5201 2410 5255 Sed
2436 5202 2487 5252 et
2506 5200 2588 5250 hic
2610 5197 2752 5260 lilius,
2771 5206 2917 5260 quem
2936 5189 3113 5243 Callias
3128 5185 3433 5248 subornavit,
3451 5186 3510 5235 ut
3530 5195 3681 5248 super

2119 5295 2303 5360 Epilyei
2327 5292 2429 5345 11113
2456 5301 2650 5342 mecum
2666 5282 2975 5338 contenderet
2990 5317 3006 5347 ,
3028 5277 3215 5342 videte,
3232 5275 3352 5341 viri,
3368 5273 3506 5340 cujas
3516 5274 3607 5337 sit,
3628 5274 3682 5324 et

3802 3033 3807 3121 g*
3800 2996 3806 3012 ν
3782 2442 3805 2967 -————·d
3812 2121 3814 2132 ⁴
3813 2039 3814 2042 „
3812 1923 3814 1930 λ
3788 1594 3814 1843 *ΠΤ
3788 1341 3800 1587 -d
3784 678 3801 1289 m*—

3812 5535 3814 5558 1
