3825 5842
546 498 650 548 180

535 622 628 690 θα,
648 616 737 674 καί
758 609 1115 689 κινδυνεύομεν
1140 608 1261 690 περὶ
1282 598 1355 667 ὧν
1377 610 1424 667 οἱ
1448 606 1692 687 πρόγονοι
1727 608 1853 680 ἡμῖν
1876 599 2084 662 κατέλι·

534 728 632 765 πον
660 700 977 779 κτησάμενοι
996 702 1056 759 ἐκ
1073 703 1165 758 τοῦ
1190 696 1406 756 δικαίου.
1434 692 1653 771 Καίτοι,
1674 682 1719 753 ὦ
1743 692 1922 773 ἄνδρες
1939 693 2088 751 δικα-

536 792 683 865 σταί,
714 795 742 849 δ
770 790 889 868 ἐμὸς
910 786 1087 868 πατὴρ
1130 788 1183 844 ἐν
1212 784 1403 843 ἅπαντι
1437 786 1513 864 τῷ
1557 782 1654 863 βίῳ
1694 780 1859 841 πλείω
1882 784 1953 848 εἰς
1995 780 2088 851 τὴν

535 881 687 941 πόλιν
707 877 971 937 ἀνάλωσεν
992 873 1027 947 ἢ
1050 876 1119 941 εἰς
1147 872 1301 933 αὑτὸν
1328 869 1547 938 καὶτοὺς
1572 868 1815 943 οἰκείους,
1836 868 2089 928 διπλάσια

537 966 644 1039 δὲῆ
667 973 754 1026 νῦν
778 964 915 1025 ἔστιν
946 967 1091 1040 ἡμῖν,
1116 963 1186 1029 ὡς
1214 958 1316 1039 ἐγὼ
1334 956 1647 1041 λογιζομένῳ
1672 960 1813 1038 αὐτῷ
1840 956 2093 1025 πολλάκις

538 1053 918 1138 παρεγενόμην.
985 1049 1076 1132 (10)
1104 1049 1201 1122 Μὴ
1228 1040 1317 1109 οὗν
1343 1046 1858 1129 προκαταγινώσκετε
1889 1045 2091 1107 ἀδικίαν

537 1150 625 1205 τοῦ
647 1146 717 1211 εἰς
736 1141 889 1201 αὑτὸν
906 1138 1000 1219 μὲν
1022 1136 1184 1220 μικρὰ
1211 1138 1558 1209 δαπανῶντος,
1580 1138 1701 1214 ὑμῖν
1719 1134 1775 1194 δὲ
1792 1134 1965 1194 πολλὰ
1978 1132 2093 1194 καθ’

461 1252 514 1292 ⁴0
536 1231 753 1292 ἕκαστον
775 1228 862 1288 τὸν
897 1225 1148 1299 ἐνιαυτόν,
1175 1226 1290 1285 ἀλλ’
1316 1222 1427 1283 ὅσοι
1455 1223 1547 1284 καὶ
1580 1221 1649 1282 τὰ
1669 1226 1889 1303 πατρῷα
1916 1221 2009 1281 καὶ
2032 1216 2094 1279 ἀν

537 1319 589 1378 τί
616 1322 769 1378 ποθεν
804 1314 1064 1393 λάὸωσιν,
1091 1316 1161 1381 εἰς
1186 1311 1282 1380 τὰς
1307 1310 1580 1392 αἰσχίστας
1608 1308 1795 1381 ἡδονὰς
1821 1307 2096 1387 εἰθισμένοι

539 1398 667 1466 εἰσὶν
697 1403 1013 1465 ἀναλίσκειν.
1099 1403 1188 1479 (ιι)
1214 1398 1463 1461 Χαλεπὸν
1484 1396 1581 1476 μὲν
1603 1388 1715 1475 οὗν,
1738 1387 1783 1457 ὦ
1811 1396 1990 1478 ἄνδρες
2014 1398 2096 1456 δι-

539 1491 732 1556 κασταί
747 1538 764 1570 ,
792 1491 1162 1569 ἀπολογεῖσθαι
1187 1486 1314 1567 πρὸς
1343 1486 1494 1555 δόξαν
1520 1484 1586 1557 ἣν
1614 1482 1737 1544 ἔνιοι
1772 1482 1953 1564 ἔχουσι
1977 1483 2097 1564 περὶ

539 1578 632 1646 τῆς
655 1570 968 1653 Νικοφήμου
992 1566 1187 1645 οὗσίας,
1206 1566 1296 1625 καὶ
1315 1565 1503 1624 σπάνιν
1528 1562 1774 1645 ἀργυρίου
1793 1564 1828 1635 ἢ
1848 1570 1939 1622 νῦν
1959 1566 2095 1622 ἐστιν

543 1664 596 1719 ἐν
630 1663 696 1738 τῇ
736 1658 911 1730 πόλει,
940 1654 1030 1714 καὶ
1070 1658 1158 1713 τοῦ
1186 1654 1382 1733 ἀγῶνος
1407 1651 1534 1733 πρὸς
1560 1651 1619 1710 τὸ
1656 1649 1901 1728 δημόσιον
1939 1648 2096 1717 ὄντος·

446 1747 685 1826 1538μως
714 1744 769 1805 δὲ
791 1744 881 1805 καὶ
908 1742 1104 1821 τούτων
1138 1738 1477 1823 ὑπαρχόντων
1506 1738 1689 1821 ῥᾳδίως
1729 1737 1986 1817 γνώσεσθε
2021 1736 2099 1797 ὅτι

544 1838 639 1896 οὐκ
660 1837 829 1907 ἀληθῆ
849 1834 958 1891 ἐστι
976 1831 1043 1890 τὰ
1059 1828 1478 1911 κατηγορημένα.
1496 1828 1695 1906 Δέομαι
1718 1828 1765 1885 δ’
1786 1830 1932 1905 ὑμῶν
1950 1824 2097 1905 πάσῃ

542 1921 701 2003 τέχνῃ
746 1920 837 1981 καὶ
872 1921 1087 1998 μηχανῇ
1118 1918 1233 1994 μετ’
1266 1913 1459 1981 εὐνοίας
1491 1912 1918 1994 ἀκροασαμένους
1948 1916 2099 1989 ἡμῶν

544 2010 630 2069 διὰ
651 2009 852 2082 τέλους,
874 2007 906 2065 ὅ
924 2030 976 2065 τι
1003 2004 1064 2064 ἂν
1093 2006 1215 2081 ὑμῖν
1244 2000 1451 2082 ἄριστον
1478 2000 1569 2060 καὶ
1595 1999 1929 2079 εὐορκότατον
1952 1998 2102 2079 νομί-

544 2102 665 2170 ζητε
685 2087 842 2169 εἶναι,
864 2098 1014 2154 τοῦτο
1036 2090 1386 2173 ψηφίσασθαι.

626 2204 695 2246 12.
738 2186 960 2264 Πρῶτον
991 2180 1086 2259 μὲν
1115 2168 1227 2256 οὗν,
1256 2168 1301 2260 ᾧ
1335 2177 1513 2259 τρόπῳ
1542 2176 1793 2250 κηδεσταὶ
1817 2180 1946 2255 ἡμῖν
1985 2175 2100 2255 ἐγέ-

492 2299 518 2336 s
544 2295 719 2347 νοντο,
746 2268 935 2339 διδάξω
957 2274 1114 2346 ὑμᾶς.
1178 2267 1497 2345 Στρατηγῶν
1520 2263 1622 2346 γὰρ
1644 2263 1827 2326 Κόνων
1850 2263 1971 2345 περὶ
1993 2267 2100 2324 Πε-

545 2358 881 2433 λοπόννησον,
901 2354 1349 2437 τριηραρχήσαντι
1365 2356 1441 2435 τῷ
1458 2356 1571 2435 ἐμῷ
1592 2350 1753 2431 πατρὶ
1774 2352 1941 2411 πάλαι
1961 2350 2105 2434 φίλος

546 2445 900 2527 γεγενημένος,
916 2443 1101 2517 ἐδεήθη
1117 2444 1294 2503 δοῦναι
1311 2440 1406 2512 τὴν
1421 2438 1649 2522 ἀδελφὴν
1667 2441 1894 2499 αἰτοῦντι
1911 2442 1988 2521 τῷ
2005 2440 2106 2498 υἳεῖ

548 2540 621 2617 τῷ
647 2532 983 2617 Νικοφήμου.
1070 2532 1161 2610 (13)
1190 2530 1259 2591 ‘O
1284 2530 1337 2588 δὲ
1360 2530 1493 2611 δρῶν
1514 2526 1697 2595 αὐτοὺς
1718 2530 1809 2586 ὑπ’
1830 2526 2027 2586 ἐκείνου
2045 2550 2103 2586 τε

548 2620 981 2701 πεπιστευμένους
996 2617 1269 2700 γεγονότας
1290 2641 1349 2677 τε
1368 2620 1608 2684 ἐπιεικεῖς
1629 2621 1695 2697 τῇ
1710 2640 1768 2675 τε
1793 2614 1943 2675 πόλει
1963 2614 2014 2673 ἔν
2041 2639 2099 2694 γε

548 2718 626 2796 τῷ
652 2711 768 2772 τότε
788 2710 964 2793 χρόνῳ
988 2708 1299 2789 ἀρέσκοντας
1314 2750 1332 2783 ,
1362 2705 1575 2777 ἐπείσθη
1609 2706 1817 2777 δοῦναι,
1842 2705 1937 2762 οὔκ
1959 2702 2105 2771 εἰδὼς

548 2800 645 2873 τὴν
673 2797 921 2878 ἐσομένην
947 2793 1212 2868 διαὸολήν,
1237 2792 1357 2852 ἀλλ’
1382 2791 1470 2851 ὅτε
1492 2789 1582 2851 καὶ
1604 2794 1748 2870 ὑμῶν
1776 2795 2013 2849 ὁστισοῦν
2043 2790 2105 2850 ἂν

550 2887 760 2957 ἐκείνοις
781 2885 970 2960 ἠξίωσε
992 2880 1247 2957 κηδεστὴς
1262 2880 1528 2961 γενέσθαι,
1552 2878 1665 2940 ἐπεὶ
1693 2878 1771 2939 ὅτι
1797 2901 1858 2958 γε
1878 2881 1937 2939 οὗ
1967 2903 2104 2961 χρη-

472 2998 523 3038 ιο
552 2975 731 3056 μάτων
758 2972 909 3035 ἕνεκα
924 3018 940 3048 ,
958 2970 1129 3056 ῥᾴδιον
1146 2973 1339 3051 γνῶναι
1353 2972 1413 3029 ἐκ
1432 2975 1521 3029 τοῦ
1548 2968 1661 3050 βίου
1683 2969 1873 3037 παντὸς
1889 2969 2102 3029 καὶτῶν

550 3064 715 3146 ἔργων
741 3066 844 3124 τῶν
870 3067 964 3123 τοῦ
988 3058 1199 3144 πατρός.
1284 3056 1374 3138 (u)
1406 3056 1636 3124 Ἐκεῖνος
1660 3055 1761 3138 γὰρ
1783 3056 1858 3115 ὅτ’
1880 3049 1943 3129 ἦν
1967 3060 2018 3115 ἐν
2041 3060 2106 3137 τῇ

549 3148 753 3234 ἡλικίᾳ,
769 3148 935 3231 παρὸν
952 3146 1086 3227 μετὰ
1099 3148 1305 3207 πολλῶν
1317 3144 1607 3227 χρημάτων
1622 3148 1792 3223 γῆμαι
1816 3144 1999 3219 ἄλλην,
2013 3144 2107 3217 τὴν

552 3237 684 3317 ἐμὴν
706 3238 906 3320 μητέρα
936 3236 1119 3297 ἐλαὸεν
1147 3233 1294 3294 οὐδὲν
1322 3228 1718 3315 ἐπιφερομένην,
1746 3231 1827 3290 ὅτι
1859 3231 1913 3291 δὲ
1945 3233 2109 3293 Ξενο-

551 3330 747 3405 φῶντος
760 3316 822 3398 ἦν
837 3323 1065 3404 θυγάτηρ
1077 3328 1167 3381 τοῦ
1185 3320 1469 3402 Εὐριπίδου
1492 3320 1641 3393 υἱέος,
1666 3317 1719 3387 ὃς
1741 3320 1799 3378 οὗ
1820 3318 1974 3396 μόνον
2005 3321 2110 3401 ἰδίᾳ

553 3412 779 3495 χρηστὸς
799 3410 963 3471 ἐδόκει
984 3401 1143 3485 εἶναι,
1164 3408 1299 3469 ἀλλὰ
1317 3408 1409 3467 καὶ
1432 3415 1741 3490 στρατηγεῖν
1764 3408 1919 3466 αὗτὸν
1945 3407 2106 3481 ἠξιώ-

556 3524 701 3575 σατε,
716 3504 784 3567 ὣς
799 3497 902 3578 ἐγὼ
922 3498 1112 3558 ἀκούω.
1139 3499 1229 3577 (115)
1244 3494 1355 3563 Τὰς
1371 3496 1540 3556 τοίνυν
1556 3495 1682 3574 ἐμὰς
1697 3496 1926 3579 ἀδελφὰς
1942 3494 2110 3556 θελόν·

474 3614 522 3653 15
557 3613 661 3649 των
688 3591 840 3648 τινῶν
882 3586 1063 3646 λαὸεῗν
1092 3584 1371 3667 ἀπροίκους
1397 3583 1536 3643 πάνυ
1572 3582 1833 3643 πλουσίων
1861 3585 1920 3643 οὗ
1951 3583 2110 3643 δέδω-

554 3700 664 3749 κεν,
686 3675 765 3735 ὅτι
791 3674 999 3735 ἐδόκουν
1020 3670 1198 3734 κάκιον
1220 3670 1516 3753 γεγονέναι,
1543 3669 1680 3729 ἀλλὰ
1702 3670 1796 3742 τὴν
1818 3668 1911 3750 μὲν
1937 3672 2112 3731 Φιλο-

556 3759 713 3845 μήλῳ
755 3766 831 3844 τῷ
872 3766 1147 3839 Παιανιεῖ,
1181 3759 1237 3820 ὃν
1279 3762 1327 3819 οῖ
1356 3757 1540 3820 πολλοὶ
1583 3756 1819 3839 βελτίονα
1866 3763 2114 3837 ἡγοῦνται

556 3843 688 3912 εἶναι
712 3850 747 3924 ἢ
775 3849 1171 3930 πλουσιώτερον,
1193 3846 1288 3921 τὴν
1313 3844 1369 3907 δὲ
1392 3845 1575 3920 πένητι
1592 3846 1918 3928 γεγενημένῳ
1942 3849 2000 3907 οὗ
2029 3846 2114 3935 δοιὰ

556 3940 767 4015 κακίαν,
798 3938 1055 4020 ἀδελφιδῷ
1090 3934 1145 3995 δὲ
1172 3935 1399 4016 Φαίδρῳ
1424 3933 1533 3993 ὄντι
1571 3934 1972 4017 Μυρρινουσίῳ,
2002 3937 2114 3995 ἐπι-

558 4026 675 4096 δοὺς
716 4025 1097 4106 τετταράκοντα
1144 4030 1304 4101 μνᾶς,
1346 4020 1437 4080 καὶ
1476 4020 1833 4103 Ἀριστοφάνει
1876 4022 1939 4082 τὸ
1978 4020 2111 4084 ἴσον.

559 4118 650 4195 (ιε)
677 4113 819 4195 Πρὸς
843 4113 895 4173 δὲ
917 4111 1115 4178 τούτοις
1139 4110 1255 4187 ἐμοὶ
1284 4108 1484 4181 πολλὴν
1502 4108 1611 4179 ἐξὸν
1636 4108 1774 4169 πάνυ
1797 4110 1990 4189 προῖκα
2018 4111 2115 4168 λα·

558 4204 669 4263 δεῖν
701 4201 902 4262 ἐλάττω
939 4197 1365 4275 συνεὸούλευσεν,
1396 4193 1521 4256 ὥστ’
1548 4188 1605 4255 εὗ
1637 4196 1828 4257 εἰδέναι
1852 4196 1934 4257 ὅτι
1959 4198 2118 4270 κηδε-

474 4313 528 4353 20
557 4292 702 4358 σταῖς
728 4288 1026 4370 χρησοίμην
1050 4285 1282 4364 κοσμίοις
1308 4285 1399 4344 καὶ
1424 4282 1671 4366 σώφροσι.
1756 4284 1865 4346 Καὶ
1892 4290 1982 4344 νῦν
2011 4284 2118 4365 ἔχω

557 4386 781 4459 γυναῖκα
818 4375 915 4447 τὴν
957 4372 1295 4455 Κριτοδήμου
1330 4373 1589 4455 θυγατέρα
1626 4378 1714 4434 τοῦ
1744 4374 2116 4449 Ἀλωπεκῆθεν,

559 4466 614 4534 ὃς
636 4465 736 4524 ὑπὸ
762 4461 1189 4540 Λακεδαιμονίων
1218 4460 1495 4535 ἀπέθανεν,
1523 4459 1608 4521 ὅτε
1636 4457 1670 4534 ἦ
1700 4463 1972 4543 ναυμαχία
1998 4462 2116 4541 ἐγέ-

560 4576 674 4615 νετο
695 4556 747 4613 ἐν
768 4549 1166 4632 Ἑλλησπόντῳ.
1229 4552 1317 4629 (17)
1349 4549 1537 4610 Καίτοι
1551 4593 1568 4623 ,
1583 4536 1628 4608 ὦ
1650 4548 1827 4630 ἄνδρες
1850 4550 2117 4624 δικασταί,

560 4643 699 4709 ὅστις
724 4640 874 4709 αὐτός
894 4664 951 4699 τε
972 4640 1093 4699 ἄνευ
1116 4638 1407 4720 χρημάτων
1429 4636 1594 4717 ἔγημε
1612 4644 1729 4697 ταῖν
1746 4661 1805 4697 τε
1822 4638 2120 4720 θυγατέροιν

562 4728 692 4789 πολὺ
712 4728 955 4809 ἀργύριον
975 4725 1203 4786 ἐπέδωκε
1226 4729 1301 4807 τῷ
1324 4750 1381 4785 τε
1405 4728 1498 4805 υἱῷ
1518 4724 1697 4805 ὀλίγην
1721 4734 1912 4807 προῖκα
1935 4725 2116 4805 iisse,

562 4822 669 4886 πῶς
688 4820 779 4877 οὐκ
800 4816 936 4885 εἰκὸς
956 4815 1076 4898 περὶ
1100 4814 1285 4876 τούτου
1308 4812 1567 4873 πιστεύειν
1594 4816 1665 4883 ὣς
1693 4814 1791 4893 οὐχ
1810 4813 1963 4873 ἕνεκα
1981 4837 2118 4896 χρη-

470 4932 523 4974 25
559 4906 740 4986 μάτων
763 4903 960 4973 τούτοις
980 4903 1235 4978 κηδεστὴς
1258 4902 1488 4982 ἐγένετο,

642 5016 712 5057 18.
752 4993 909 5055 Ἀλλὰ
938 4992 1043 5071 μὴν
1070 4991 1105 5053 ὅ
1126 5014 1187 5071 γε
1214 4990 1582 5073 Ἀριστοφάνης
1609 4990 1713 5063 ἤδη
1744 4988 1880 5070 ἔχων
1905 4990 2001 5063 τὴν
2029 5014 2120 5070 γυ-

512 5095 521 5104 '
560 5092 713 5144 ναῖκα
744 5080 824 5143 ὅτι
848 5084 1059 5149 πολλοῖς
1088 5079 1151 5139 ἂν
1177 5081 1375 5159 μᾶλλον
1399 5081 1590 5159 ἐχρῆτο
1613 5077 1649 5151 ἢ
1678 5082 1751 5160 τῷ
1788 5081 1899 5161 ἐμῷ
1922 5079 2118 5161 πατρί,

512 5182 517 5187 ’
558 5170 737 5261 ῥᾴδιον
765 5174 976 5249 γνῶναι.
1018 5166 1098 5229 ‘H
1120 5191 1181 5228 τε
1200 5166 1303 5248 γὰρ
1330 5166 1508 5239 ἡλικία
1536 5164 1667 5227 πολὺ
1703 5167 1971 5249 διάφορος,
2001 5166 2037 5241 ἥ
2063 5191 2124 5229 τε

566 5258 716 5343 φύσις
737 5256 814 5319 ἔτι
835 5257 1009 5318 πλέον·
1034 5254 1212 5336 ἐκείνῳ
1236 5252 1331 5335 μὲν
1350 5253 1453 5338 γὰρ
1474 5246 1539 5330 ἦν
1561 5254 1628 5315 τὰ
1652 5258 1835 5315 ἑαυτοῦ
1854 5254 2122 5337 πράττειν,

1162 479 1442 541 Artior
1484 479 1534 536 0
1578 474 1785 535 ΥΠΕΡ
1824 470 1980 531 ΤΩΝ
2027 468 2618 531 ΑΡΙΣΤΟΦΑΝΟΥΣ
2659 466 3110 529 ΧΡΗΜΑΤΩΝ.

3455 468 3702 548 (σιν-ω)

2181 601 2401 652 venimus
2415 600 2478 651 de
2487 600 2544 651 iis
2559 612 2670 664 quae
2687 598 2892 662 majores
2904 598 3052 649 nostri
3067 597 3175 661 iure
3189 596 3326 661 parta
3339 594 3474 647 nobis
3481 596 3708 661 reliquere.

2178 680 2402 731 Attamen
2415 715 2431 743 ,
2464 678 2678 742 iudices,
2713 680 2852 742 pater
2891 690 3030 727 meus
3071 676 3203 726 omni
3241 676 3362 725 vitae
3384 688 3484 725 suae
3517 678 3712 740 tempore

2179 764 2320 828 plura
2335 765 2388 814 in
2399 764 2742 827 rempublicam
2760 761 3066 826 impendebat
3083 774 3228 825 qnam
3245 761 3298 810 in
3315 774 3368 811 se
3386 762 3435 811 et
3447 762 3714 827 propinquos

2179 863 2317 911 suos,
2339 849 2551 913 erogavit
2571 850 2622 899 in
2639 848 2984 912 rempublicam
3001 846 3149 911 duplo
3169 848 3442 910 plusquam
3459 848 3591 898 nobis
3603 864 3714 899 nunc

2181 936 2230 987 in
2241 938 2445 989 fortunis
2452 939 2551 1001 est3
2566 936 2976 1001 quemadmodum
2989 936 3077 1000 ipsi
3091 935 3394 999 computanti
3401 936 3572 999 saepius
3582 936 3713 988 adtui.

2185 1022 2282 1085 (to)
2315 1023 2471 1073 Nolite
2509 1023 2652 1087 igitur
2677 1036 2789 1073 eum
2819 1020 3100 1085 praeiudicio
3122 1023 3284 1071 vestro
3306 1020 3535 1071 damnare
3559 1021 3716 1085 iniqui-

2184 1108 2296 1159 tatis
2308 1145 2324 1171 ,
2349 1109 2434 1173 qui
2451 1110 2737 1174 paucissima
2752 1110 2803 1159 in
2825 1123 2878 1161 se
2889 1145 2904 1171 ‚
2925 1109 2976 1159 in
2993 1110 3207 1160 vestrum
3223 1120 3370 1158 usum
3388 1107 3590 1170 plurima
3605 1108 3715 1157 insu·

2185 1194 2348 1244 mebat
2375 1214 2390 1245 2
2428 1208 2510 1246 eos
2549 1196 2709 1259 potius
2739 1195 2966 1245 damnate
3002 1193 3087 1257 qui
3115 1207 3214 1244 non
3251 1193 3414 1243 solum
3444 1192 3719 1245 haereditates

2185 1281 2430 1344 paternas,
2451 1280 2538 1331 sed
2555 1282 2606 1331 et
2625 1293 2945 1345 quaecumque
2961 1280 3230 1343 acceperint
3245 1278 3470 1329 alicunde
3481 1314 3496 1340 ,
3518 1278 3568 1327 in
3589 1280 3720 1329 t'oedis

2185 1366 2330 1417 simas
2354 1366 2572 1417 libidines
2583 1366 2858 1429 impendere
2878 1367 3248 1417 consueverunt.
3317 1364 3418 1428 (11)
3446 1363 3640 1415 Difficile
3657 1369 3721 1415 est

2187 1465 2301 1502 sane
2311 1486 2326 1513 ,
2341 1453 2526 1516 judices
2537 1491 2552 1517 ,
2573 1466 2766 1505 causam
2779 1467 2918 1518 agere
2929 1455 3098 1503 contra
3109 1454 3386 1516 opinionem
3405 1453 3722 1503 nonnullorum

2187 1535 2249 1587 de
2279 1538 2558 1601 Nicophemi
2584 1538 2786 1589 fortunis
2796 1576 2812 1601 ,
2837 1540 2886 1589 et
2911 1539 3080 1588 contra
3113 1538 3430 1601 pecuniarum
3457 1536 3653 1600 inopiam
3681 1538 3722 1587 in

2187 1626 2287 1677 qua
2308 1629 2440 1665 nunc
2460 1616 2678 1667 versatur
2707 1616 2975 1679 respublica
2987 1653 3002 1679 ,
3027 1615 3262 1683 inprimis·
3277 1628 3440 1679 quum
3473 1614 3578 1664 boec
3605 1617 3723 1665 nobis

2189 1696 2430 1744 contentio
2443 1694 2506 1745 sit
2517 1695 2744 1745 adversus
2761 1696 2984 1745 aerarium
2999 1696 3265 1759 publicum.
3286 1696 3652 1757 Verumtamen,
3671 1701 3722 1744 ta·

2187 1774 2328 1823 metsi
2347 1786 2404 1823 ea
2421 1786 2498 1825 res
2513 1775 2578 1825 ita
2597 1788 2648 1825 se
2663 1774 2856 1837 habeat,
2871 1775 3010 1825 facile
3025 1775 3300 1838 intelligetis
3313 1774 3436 1826 salsa
3453 1788 3552 1825 esse
3565 1790 3618 1825 ca
3633 1790 3724 1839 qum

2189 1852 2327 1902 nobis
2351 1851 2658 1913 objiciuntur.
2741 1856 2840 1904 Vos
2861 1854 3022 1903 autem
3039 1853 3254 1904 obtestor
3269 1854 3408 1903 omni
3425 1853 3583 1903 studio
3599 1858 3646 1903 et
3663 1855 3723 1903 in-

2189 1928 2389 1992 dustria,
2405 1929 2478 1992 ut,
2492 1931 2708 1980 oratione
2717 1932 2880 1981 nostra
2892 1931 3125 1981 benevole
3137 1931 3198 1981 ad
3210 1931 3359 1981 tinem
3373 1944 3528 1995 usque
3536 1934 3722 1996 accepta,

2189 2006 2240 2057 id
2261 2006 2391 2071 quod
2419 2005 2555 2057 vobis
2575 2006 2812 2071 optimum
2841 2009 2890 2058 et
2906 2007 3182 2071 juramento
3215 2010 3386 2059 vestro
3413 2010 3724 2059 acmmnmda·

2190 2086 2427 2139 tissimum
2444 2086 2700 2150 videbitur,
2719 2087 3000 2139 decernatis.

2257 2180 2333 2227 12.
2367 2176 2584 2225 Primum
2619 2175 2764 2239 igitur
2799 2189 2898 2239 quo
2931 2178 3076 2239 pacto
3117 2176 3187 2227 illi
3216 2176 3362 2228 nobis
3395 2176 3622 2228 affinitate
3647 2179 3726 2229 sint

2195 2257 2465 2322 coniuncti,
2487 2272 2578 2309 vos
2599 2258 2800 2310 docebo.
2865 2262 2994 2311 Dum
3018 2259 3144 2311 cirea
3164 2260 3554 2324 Peloponnesum
3567 2260 3725 2311 exerci-

2193 2342 2266 2393 tui
2284 2343 2523 2408 imperans
2536 2345 2705 2396 Conon
2719 2344 2873 2395 adfuit
2883 2382 2898 2409 ,
2919 2358 3029 2395 meo
3047 2346 3174 2410 patri
3190 2346 3378 2396 triremi
3394 2346 3616 2410 praet'ecto
3631 2348 3725 2395 olim

2193 2428 2407 2491 amicus,
2434 2430 2594 2492 ipsum
2615 2431 2772 2480 oravit
2811 2432 2868 2481 ut
2905 2442 3119 2480 sororem
3149 2443 3312 2480 meam
3339 2430 3616 2493 Nicopbemi
3647 2430 3727 2479 tilio

2194 2510 2376 2573 petenti
2397 2511 2622 2562 elocaret.
2705 2511 2802 2576 (13)
2838 2512 2925 2563 llle
2945 2511 3029 2562 ubi
3051 2512 3288 2563 intellexit
3309 2512 3406 2563 bos
3421 2512 3632 2563 homines
3645 2525 3726 2562 esse

2193 2594 2246 2644 in
2279 2594 2441 2657 aliqua
2460 2593 2556 2645 tide
2584 2594 2714 2658 apud
2747 2597 2989 2646 cononem
3001 2632 3018 2658 ,
3051 2594 3328 2658 reipublice
3355 2596 3521 2645 autem
3537 2594 3728 2651 studere,

2195 2679 2246 2728 et
2266 2680 2383 2729 tunc
2397 2680 2627 2743 temporis
2639 2679 2790 2743 gratia
2806 2680 2968 2743 aliqua
2985 2678 3153 2730 tlorere
3163 2715 3179 2742 ,
3199 2679 3395 2730 exorari
3410 2692 3464 2730 se
3479 2692 3638 2742 passus
3653 2680 3727 2741 est,

2195 2762 2388 2823 ignauis
2407 2760 2660 2810 calumniis
2681 2760 2730 2810 in
2753 2760 2859 2811 illos
2875 2759 3078 2823 posthac
3100 2762 3357 2823 ventum,
3381 2762 3529 2824 atque
3547 2774 3602 2811 eo
3622 2763 3728 2809 tem-

2196 2857 2314 2910 pore
2337 2845 2430 2895 boc
2459 2844 2572 2895 fecit
2599 2858 2696 2908 quo
2725 2844 2927 2908 quilibet
2950 2846 3164 2895 vestrum
3197 2858 3312 2895 cum
3347 2846 3446 2896 illis
3474 2846 3730 2896 affinitatem

2197 2930 2480 2980 contrahere
2514 2930 2752 2993 cupiisset.
2829 2932 3044 2993 Namque
3061 2930 3166 2980 boec
3187 2930 3308 2980 lucri
3329 2931 3486 2994 gratia
3509 2945 3602 2981 non
3625 2933 3730 2980 tacta

2197 3012 2373 3075 ruisse,
2393 3011 2532 3062 facile
2561 3012 2798 3063 constabit
2821 3026 2884 3063 ex
2903 3012 3053 3062 totius
3077 3013 3192 3062 vitas
3213 3013 3406 3064 ratione
3421 3016 3650 3078 gestisque
3667 3029 3730 3065 re-

2199 3094 2292 3145 bus
2311 3094 2407 3143 mei
2428 3095 2652 3157 parentis.
2718 3096 2817 3159 (14)
2843 3096 2931 3146 llle
2949 3097 3080 3147 enim
3097 3110 3250 3160 quum
3267 3100 3398 3149 esset
3419 3100 3561 3150 oetate
3574 3099 3732 3162 integra

2199 3182 2249 3231 et
2279 3192 2481 3230 uxorem
2513 3184 2671 3244 posset
2703 3180 2878 3233 ducere
2915 3181 3038 3233 bene
3074 3182 3289 3233 dotatam
3302 3221 3319 3247 ,
3359 3198 3520 3235 meam
3552 3189 3731 3235 mauem

2199 3268 2340 3319 duxit
2355 3268 2471 3319 nihil
2489 3270 2765 3319 afferentem
2777 3306 2792 3332 ,
2811 3269 2926 3333 quia
2945 3283 3120 3333 nempe
3137 3270 3236 3320 tilia
3265 3274 3375 3322 erat
3397 3272 3594 3335 Xenopb
3601 3273 3730 3334 ontis,

2199 3352 2440 3416 Euripidis
2451 3352 2539 3403 filii
2548 3390 2564 3417 ,
2579 3353 2664 3417 qui
2677 3366 2775 3403 non
2787 3355 2945 3404 solum
2958 3354 3009 3403 in
3024 3356 3223 3418 privatis
3235 3356 3350 3407 vitae
3365 3358 3624 3407 rationibus
3639 3370 3729 3420 pro-

2202 3438 2293 3488 bus
2313 3440 2388 3488 est
2409 3438 2626 3500 babitus,
2643 3438 2728 3489 sed
2745 3452 2890 3503 quem
2913 3438 3060 3490 etiam
3079 3442 3374 3494 exercitibus
3385 3456 3585 3507 praeesse
3597 3442 3732 3493 volui·

2201 3523 2286 3575 stis
2297 3559 2314 3587 ,
2334 3526 2392 3573 ut
2407 3536 2494 3587 ego
2511 3523 2674 3573 audio.
2737 3524 2836 3589 (15)
2858 3528 2988 3576 Meas
3007 3528 3172 3576 autem
3185 3540 3376 3579 sorores
3391 3529 3626 3580 ditissimis
3637 3529 3730 3591 qui·

2203 3607 2407 3659 busdam
2420 3608 2597 3659 ducere
2613 3608 2914 3672 cupientibus
2924 3646 2940 3673 ,
2961 3610 3042 3660 ille
3052 3624 3152 3661 non
3163 3610 3321 3675 dedit,
3336 3612 3470 3677 qnod
3485 3613 3636 3665 indole
3649 3626 3732 3661 non

2203 3694 2316 3744 satis
2337 3693 2538 3745 honesta
2563 3694 2754 3758 praediti
2779 3708 2882 3746 esse
2905 3695 3186 3747 viderentur
3206 3710 3412 3749 :verum
3435 3712 3576 3749 unam
3589 3700 3730 3749 Philo·

2205 3778 2331 3828 melo
2347 3778 2608 3829 Paeaniensi
2617 3814 2636 3841 ,
2657 3792 2804 3842 quem
2825 3779 3040 3843 plerique
3060 3783 3241 3831 norunt
3253 3782 3528 3833 melioribus
3539 3795 3632 3833 esse
3643 3796 3731 3831 mo-

2203 3861 2337 3911 ribus
2351 3872 2498 3923 quam
2511 3859 2716 3910 fortunis
2723 3876 2740 3923 ;
2758 3860 2960 3911 alteram
2971 3862 3068 3933 civi
3085 3862 3376 3926 pauperculo
3389 3863 3578 3927 quidem
3596 3865 3706 3914 cacto
3715 3902 3730 3928 ,

2203 3956 2288 4007 sed
2296 3955 2418 4005 citra
2425 3954 2632 4005 bominis
2643 3954 2832 4017 vitium,
2845 3955 3066 4020 Pbaedro,
3077 3969 3276 4007 esororc
3283 3958 3462 4022 nepoti,
3471 3971 3578 4007 cum
3585 3957 3730 4007 cadem

2203 4040 2318 4091 dote
2337 4054 2485 4105 quam
2514 4042 2682 4104 postea
2703 4042 2848 4092 etiam
2870 4042 3207 4106 Aristophanes
3235 4043 3298 4094 ab
3321 4056 3384 4094 co
3407 4044 3610 4107 accepit,
3629 4058 3728 4107 qua·

2203 4127 2422 4191 draginta
2438 4126 2622 4179 scilicet
2636 4126 2792 4178 minis.
2814 4128 2915 4191 (16)
2929 4128 3058 4187 Quin
3071 4131 3121 4179 et
3135 4143 3292 4193 quum
3309 4130 3430 4179 mibi
3447 4130 3729 4181 lautissimam

2204 4212 2370 4264 dotem
2398 4213 2616 4276 accipere
2635 4212 2826 4276 liceret,
2857 4212 3094 4264 minorem
3117 4214 3444 4277 accipiendam
3461 4228 3558 4267 esse
3575 4216 3726 4279 suasit,

2205 4300 2468 4351 dummodo
2489 4301 2663 4351 scirem
2689 4313 2768 4350 me
2785 4299 3010 4350 affinibus
3031 4300 3194 4364 probis
3209 4304 3261 4351 et
3283 4302 3496 4353 honestis
3519 4316 3612 4353 case
3627 4316 3724 4353 usu-

2204 4400 2334 4437 rum.
2351 4389 2518 4450 ltaque
2530 4399 2662 4437 nunc
2678 4398 2879 4435 uxorem
2893 4386 3049 4436 babeo
3063 4386 3324 4438 Critodemi
3343 4388 3490 4445 filiam
3503 4390 3729 4453 Alopecen·

2205 4475 2288 4538 sis,
2307 4476 2390 4538 qui
2407 4489 2437 4525 a
2449 4472 2822 4524 Lacedaemoniis
2837 4474 3023 4523 occisus
3035 4475 3126 4537 est,
3141 4488 3289 4538 quum
3303 4490 3463 4541 pugna
3479 4478 3557 4528 illa
3572 4479 3728 4528 navalis

2205 4566 2258 4615 in
2281 4565 2586 4628 Hellesponto
2604 4563 3002 4615 committeretur.
3069 4566 3168 4630 (17)
3191 4566 3356 4631 Atqui,
3369 4566 3573 4630 iudices,
3595 4567 3727 4629 quiet

2205 4652 2306 4713 ipse
2323 4664 2522 4700 uxorem
2549 4649 2690 4699 duxit
2709 4650 2974 4701 indotatam
2987 4688 3002 4714 ,
3021 4653 3072 4701 et
3089 4652 3280 4703 filiabus
3295 4652 3510 4717 utrisque
3523 4652 3724 4716 grandem

2207 4738 2372 4789 dotem
2391 4738 2540 4802 dedit,
2559 4740 2610 4789 et
2627 4738 2726 4789 tilio
2737 4739 2898 4790 minus
2909 4739 3122 4790 dotatam
3145 4753 3348 4791 uxorem
3373 4740 3523 4805 cepit,
3547 4743 3726 4803 quinon

2207 4824 2270 4876 de
2295 4826 2378 4875 illo
2403 4825 2664 4876 admodum
2691 4824 2896 4879 credatis
2908 4863 2924 4890 ,
2949 4825 3084 4890 quod
3105 4826 3238 4877 illam
3253 4826 3530 4879 affinitatem
3557 4839 3646 4875 non
3661 4836 3728 4888 pe-

2207 4909 2460 4961 cuniarum
2479 4925 2626 4963 causa
2647 4912 2794 4963 suerit
2809 4912 3111 4975 aucupatus?

2275 5001 2348 5047 18.
2383 4998 2612 5048 Ceterum
2638 4998 3030 5064 Aristophanem,
3051 4998 3252 5050 domum
3274 5015 3426 5052 uxore
3453 5001 3614 5063 ducta,
3643 4998 3731 5049 aliis

2209 5085 2566 5141 familiariorem
2601 5086 2744 5137 misse
2787 5100 2934 5150 quam
2971 5087 3096 5151 patri
3120 5101 3256 5145 meo,
3283 5090 3418 5140 facile
3446 5092 3515 5140 est
3542 5086 3726 5151 cognitu.

2208 5178 2330 5227 Nam
2357 5176 2408 5227 et
2423 5177 2566 5227 aetate
2583 5176 2792 5226 multum
2809 5175 3134 5241 discrepabat,
3149 5179 3198 5228 et
3214 5178 3402 5241 iugenio
3437 5178 3582 5229 multo
3605 5176 3728 5227 etiam

2209 5266 2376 5329 magis.
2436 5265 2568 5315 Patri
2583 5278 2661 5317 res
2683 5278 2794 5317 suas
2825 5278 2964 5329 agere
2998 5266 3114 5317 satis
3130 5268 3234 5317 erat
3259 5286 3276 5319 ι
3301 5268 3621 5332 Aristophanes
3645 5276 3726 5313 non
