3825 5842
434 1164 496 1211 61

449 1966 474 2005 δ

455 2580 507 2619 10

457 3546 503 3583 15

448 4420 501 4459 20

542 337 655 390 280
1292 323 1546 384 ΙΣΔΙΟΥ
1588 326 1637 382 0
1679 323 1861 385 ΠΕΡΙ
1899 324 2052 384 ΤΟΥ
2095 325 2711 396 ΦΙΛΟΚΤΗΜΟΝΟΣ
2751 332 3076 394 ΚΛΗΡΟΥ.
3400 334 3660 420 (na—m,

462 473 514 513 ω
534 448 611 509 ἔτι
639 438 701 520 ἦν
726 445 896 504 τοῖσδε
924 442 1350 525 ἀμφισὸητῆσαι·
1387 450 1476 503 νῦν
1499 442 1553 503 δὲ
1583 444 2092 525 ἀποχειροτονησᾶν-
2183 459 2387 519 caretur,
2413 460 2642 521 praeclusa
2654 461 2757 523 Jam
2787 452 2914 512 esset
2943 464 3072 514 hisce
3093 464 3434 525 (Phanostrata
3455 470 3668 519 etchaere·

534 559 636 595 των
664 538 767 593 τῶν
793 535 1050 593 δικαστῶν
1078 535 1145 599 ὥς
1174 530 1317 591 οὐδὲν
1348 534 1521 599 αὐτοῖς
1554 538 1833 613 προσῆκεν,
1854 531 1970 592 οὐδὲ
2001 536 2094 611 ἀμ-

536 623 858 705 φισὸητῆσαι
884 618 1283 697 τετολμήκασιν,
1304 617 1441 679 ἀλλὰ
1471 619 1598 699 πρὸς
1622 624 1719 679 ὓπε
1755 620 1915 691 ὅολὴν
1944 623 2091 680 ἀναι·

537 712 779 792 σχυντίας
807 706 1382 789 προσμεμαρτυρήκασι
1427 706 1636 774 τούτους
1682 644 1813 765 εἶναι
1843 708 2094 788 κληρονό-

538 822 697 878 μους,
725 796 808 864 οὓς
833 798 974 873 ὑμεῖς
1002 793 1527 875 ἀπεχειροτονήσατε.

614 908 685 947 ⁴6.
729 881 851 944 Ἔτι
877 882 931 941 δὲ
972 882 1061 941 καὶ
1099 886 1187 941 τοῦ
1219 882 1475 963 μάρτυρος
1502 883 1662 941 αὐτοῦ
1701 882 1962 963 σκέψασθε
1997 882 2090 954 τὴν

537 977 737 1048 τόλμαν
766 972 857 1029 καὶ
886 969 1171 1043 ἀναίδειαν,
1200 968 1338 1036 ὅστις
1374 968 1555 1049 εἴληχε
1586 969 1679 1047 μὲν
1723 972 1865 1049 αὐτῷ
1893 972 1986 1040 τῆς
2015 974 2096 1027 θυ·

532 1061 717 1142 γατρὸς
737 1064 827 1133 τῆς
848 1058 1183 1135 Εὐκτήμονος
1214 1062 1283 1125 ὡς
1302 1055 1455 1129 οὔσης
1479 1057 1764 1137 ἐπικλήρου
1785 1104 1803 1135 ,
1823 1057 1913 1115 καὶ
1938 1059 2090 1116 αὐτοῦ

531 1154 619 1210 τοῦ
636 1148 829 1228 κλήρου
844 1153 932 1205 τοῦ
956 1145 1290 1221 Εὐκτήμονος
1312 1146 1551 1222 πέμπτου
1570 1146 1753 1227 μέρους
1776 1149 1843 1212 ὡς
1859 1145 2091 1204 ἐπιδίκου

534 1237 701 1307 ὄντος,
727 1234 1099 1313 μεμαρτύρηκε
1124 1234 1168 1290 δ’
1194 1233 1530 1309 Εὐκτήμονος
1546 1234 1654 1291 υἱὸν
1682 1225 1813 1291 εἶναι
1844 1232 2078 1312 γνήσιον.

536 1325 726 1385 Καίτοι
748 1328 858 1389 πῶς
890 1314 1034 1388 οὗτος
1052 1324 1110 1380 οὐ
1159 1326 1333 1401 σαφῶς
1371 1320 1629 1399 ἐξελέγχει
1649 1321 1801 1388 αὐτὸς
1843 1320 1998 1380 αὐτὸν
2025 1320 2092 1380 τὰ

530 1414 696 1493 ψευδῆ
750 1408 1223 1489 μεμαρτυρηκότα,
1266 1410 1325 1467 οὐ
1372 1407 1478 1521 γὰρ1
1506 1407 1671 1479 δήπου
1701 1407 1914 1487 γνησίου
1951 1409 2091 1476 ὄντος

534 1498 663 1565 υἱέος
694 1497 992 1575 Εὐκτήμονι
1038 1495 1315 1577 ἐπίκληρος
1343 1496 1405 1555 ἂν
1444 1520 1507 1567 ην
1539 1501 1571 1568 ἡ
1621 1497 1851 1578 θυγάτηρ
1894 1500 2089 1576 αὐτοῦ,

535 1586 648 1647 οὐδὲ
680 1590 709 1645 ὁ
752 1587 941 1666 κλῆρος
968 1583 1209 1652 ἐπίδικος.
1240 1583 1342 1651 εΩς
1379 1584 1546 1644 τοίνυν
1568 1582 1727 1666 ἔλαχε
1764 1585 1958 1654 ταύτας
2001 1584 2092 1653 τὰς

532 1674 731 1749 λήξεις,
760 1671 1118 1751 ἀναγνώσεται
1145 1676 1265 1751 ὑμῖν
1284 1670 1379 1741 τὰς
1409 1672 1714 1757 μαρτυρίας.

1134 1818 1500 1868 ΜΑΡΤΪΡῙΑῘ.

606 1964 679 2006 47.
725 1948 775 2005 Τ
775 1943 1033 2004 οὐναντίον
1055 1944 1223 2005 τοίνυν
1254 1944 1585 2023 συμὸέὸηκεν
1608 1945 1643 2017 ἢ
1672 1948 1742 2013 ὥς
1765 1948 1792 2003 δ
1815 1945 1970 2022 νόμος
1996 1944 2087 2026 γέ-

526 2056 792 2115 γραπται·
826 2035 936 2091 ἐκεῖ
956 2031 1049 2108 μὲν
1074 2032 1174 2113 γάρ
1188 2035 1297 2092 ἐστι
1311 2033 1441 2114 νόθῳ
1467 2033 1601 2111 μηδὲ
1630 2035 1753 2114 νόθῃ
1778 2024 1915 2093 εἶναι
1941 2036 2089 2115 ἀγχι-

533 2118 707 2179 στείαν
736 2119 865 2194 μήθ’
885 2122 1036 2200 ἱερῶν
1068 2120 1193 2196 μήθ’
1214 2120 1369 2179 ὁσίων
1392 2126 1483 2180 ἀπ’
1505 2121 1791 2182 Εὐκλείδου
1822 2122 2086 2201 ἄρχοντος,

529 2204 839 2285 Ἀνδροκλῆς
868 2208 920 2266 δὲ
950 2208 1039 2267 καὶ
1070 2206 1367 2289 Ἀντίδωρος
1397 2207 1591 2267 οἴονται
1621 2210 1747 2287 δεῖν,
1779 2209 2088 2291 ἀφελόμενοι

530 2293 623 2361 τὰς
646 2294 983 2372 Εὐκτήμονος
1003 2295 1284 2375 θυγατέρας
1304 2294 1395 2362 τὰς
1415 2296 1628 2375 γνησίας
1644 2296 1735 2354 καὶ
1756 2294 1870 2362 τοὺς
1888 2300 1949 2355 ἐκ
1971 2294 2087 2354 τού-

530 2405 631 2440 των
661 2382 965 2461 γεγονότας,
992 2382 1079 2441 τόν
1105 2406 1163 2440 τε
1198 2382 1535 2459 Εὐκτήμονος
1563 2376 1701 2443 οἷκον
1730 2382 1822 2442 καὶ
1848 2382 1936 2441 τὸν
1975 2385 2086 2443 Φι-

526 2470 845 2547 λοκτήμονος
876 2469 1037 2549 ἔχειν.
1122 2468 1208 2549 (ιο)
1255 2470 1363 2531 Καὶ
1390 2475 1426 2543 ἡ
1471 2471 1812 2553 διαφθείρασα
1841 2470 1936 2543 τὴν
1979 2473 2084 2531 Εὐ-

529 2558 784 2635 κτήμονος
811 2557 1021 2635 γνώμην
1052 2556 1143 2615 καὶ
1183 2559 1391 2616 πολλῶν
1422 2556 1677 2637 ἐγκρατὴς
1712 2558 1966 2637 γενομένη
2001 2556 2086 2616 οὔ·

530 2671 630 2713 τως
654 2645 849 2725 &epita
868 2645 1067 2726 σφόδρα
1094 2642 1409 2704 πιστεύουσα
1431 2644 1628 2713 τούτοις
1648 2690 1665 2723 ,
1686 2644 1819 2704 ὥστε
1842 2635 1920 2704 οὐ“
1933 2644 2085 2724 μόνον

528 2738 630 2792 τῶν
679 2732 1013 2810 Εὐκτήμονος
1064 2732 1271 2792 οἰκείων
1318 2742 1659 2815 καταφρονεῖ,
1692 2732 1828 2793 ἀλλὰ
1877 2733 1967 2791 καὶ
1993 2738 2087 2805 τῆς

530 2821 731 2888 πόλεως
774 2820 1004 2893 ἁπάσης.
1087 2819 1425 2888 Ἀκούσαντες
1470 2820 1523 2879 δὲ
1567 2820 1621 2880 ἓν
1669 2821 1822 2898 μόνον
1874 2828 2087 2897 σημεῖον

534 2908 720 2991 ῥᾳδίως
748 2908 1006 2987 γνώσεσθε
1050 2908 1145 2980 τὴν
1172 2908 1365 2983 ἐκείνης
1406 2909 1758 2991 παρανομίαν.
1846 2908 1958 2970 Καί
1999 2932 2086 2986 μοι

529 2994 659 3055 λα6ὲ
682 3002 861 3057 τοῦτον
888 2997 975 3055 τὸν
998 2996 1178 3074 νόμον.

1186 3137 1423 3183 ΝΟΜΟΣ.

608 3284 676 3321 49.
704 3260 875 3321 Ταυτὶ
894 3258 961 3318 τὰ
988 3258 1295 3338 γράμματα,
1312 3250 1355 3317 ὦ
1372 3259 1567 3338 ἄνδρες,
1596 3263 1743 3336 ὓμεῖς
1762 3259 1897 3318 οὕτω
1919 3257 2086 3337 σεμνὰ

535 3348 628 3406 καὶ
684 3347 870 3419 εὐσεὸῆ
914 3346 1349 3422 ἐνομοθετήσατε,
1391 3347 1512 3423 περὶ
1550 3349 1745 3406 πολλοῦ
1792 3348 2086 3425 ποιούμενοι

530 3434 621 3493 καὶ
650 3434 776 3513 πρὸς
797 3434 989 3500 ταύτας
1014 3435 1103 3492 καὶ
1127 3434 1254 3513 πρὸς
1288 3432 1406 3501 τοὺς
1439 3434 1625 3501 ἄλλους
1662 3434 1803 3501 θεοὺς
1824 3436 2052 3494 εὐσεὸεἴν
2071 3460 2084 3473 ·

534 3528 565 3593 ἡ
600 3520 653 3580 δὲ
684 3519 875 3579 τούτων
908 3521 1103 3602 μήτηρ,
1136 3520 1297 3589 οὕτως
1330 3522 1721 3600 ὁμολογουμένη
1754 3514 1883 3583 οὐσα
1927 3524 2083 3597 δούλη

529 3609 619 3669 καὶ
645 3608 854 3668 ἅπαντα
897 3610 983 3668 τὸν
1023 3606 1209 3689 χρόνον
1243 3610 1473 3690 αἰσχρῶς
1506 3616 1719 3689 βιοῧσα,
1755 3613 1841 3689 (ιο)
1874 3610 1938 3683 ἣν
1969 3610 2084 3671 οὔτε

530 3701 805 3779 παρελθεῖν
832 3696 957 3757 εἴσω
981 3703 1071 3758 τοῦ
1102 3701 1241 3778 ἱεροῦ
1272 3696 1375 3756 ἔδει
1412 3696 1520 3757 οὔτ’
1548 3699 1670 3756 ἰδεῖν
1692 3702 1794 3757 τῶν
1819 3698 1964 3759 7ἔνδον
1998 3702 2083 3759 οὐ-

530 3785 632 3859 δέν,
661 3782 815 3858 οὔσης
834 3789 926 3856 τῆς
941 3783 1115 3852 θυσίας
1143 3786 1356 3853 ταύταις
1382 3788 1495 3853 ταῖς
1514 3790 1652 3853 θεαῖς
1675 3785 1930 3864 ἐτόλμησε
1947 3812 2078 3867 συμ-

528 3872 734 3953 πέμψαι
763 3873 857 3945 τὴν
884 3870 1101 3950 πομπὴν
1132 3873 1221 3931 καὶ
1247 3876 1490 3932 εἰσελθεῖν
1514 3876 1583 3942 εἷς
1604 3874 1664 3932 τὸ
1692 3874 1825 3955 ἱερὸν
1846 3875 1935 3934 καὶ
1959 3878 2083 3936 ἰδεῖν

530 3959 565 4018 ἃ
588 3964 681 4021 οὐκ
702 3961 813 4030 ἐξὸν
852 3964 1003 4041 αὐτῇ.
1086 3960 1184 4028 ‘stc
1213 3960 1266 4019 δὲ
1294 3964 1462 4034 ἀληθῆ
1484 3956 1625 4041 λέγω
1643 4008 1657 4035 ,
1690 3966 1749 4021 ἐκ
1784 3966 1888 4021 τῶν
1916 3967 2081 4047 ψηφι-

528 4049 741 4127 σμάτων
770 4048 1027 4129 γνώσεσθε
1057 4048 1091 4108 ἃ
1132 4049 1424 4131 ἐψηφίσατο
1461 4056 1494 4123 ἡ
1546 4049 1705 4131 βουλὴ
1734 4048 1854 4133 περὶ
1902 4054 2080 4126 αὐτῆς.

530 4138 675 4198 Aa&
706 4138 761 4198 τὸ
786 4140 1053 4220 ψήφισμα.

1125 4275 1441 4323 ΨΗΦΙΣΜΑ.

606 4412 677 4452 ει.
722 4390 1090 4467 Ἐνθυμεῖσθαι
1118 4390 1287 4448 τοίνυν
1310 4390 1447 4469 χρή,
1475 4381 1518 4449 ‹3⁴›
1539 4391 1739 4470 ἄνδρες,
1768 4392 1984 4474 πότερον
2006 4396 2086 4455 δεῖ

528 4479 614 4539 τὸν
645 4482 703 4537 ἐκ
725 4476 914 4550 ταύτης
937 4482 1040 4537 τῶν
1070 4477 1474 4555 Φιλοκτήμονος
1493 4470 1625 4537 εἶναι
1646 4480 1966 4560 κληρονόμον
1993 4484 2080 4543 καὶ

529 4566 616 4625 ἐπὶ
638 4565 706 4626 τὰ
726 4565 977 4642 μνήματα
1009 4566 1140 4623 ἰέναι
1166 4566 1415 4646 χεόμενον
1449 4564 1539 4623 καὶ
1563 4568 1897 4644 ἐναγιοῦντα,
1929 4569 1964 4641 ἢ
1993 4571 2080 4629 τὸν

529 4658 586 4713 ἐκ
616 4659 707 4726 τῆς
742 4656 968 4733 ἀδελφῆς
998 4659 1197 4727 τοῦτον,
1237 4652 1293 4711 ὃν
1323 4653 1430 4712 υἱὸν
1470 4652 1621 4721 αὐτὸς
1648 4654 1961 4727 ἐποιήσατο·
1991 4658 2080 4717 καὶ

527 4740 740 4820 πότερον
765 4741 841 4799 δεῖ
862 4739 956 4811 τὴν
977 4740 1202 4821 ἀδελφὴν
1234 4738 1645 4817 Φιλοκτήμονος,
1664 4740 1699 4813 ἢ
1728 4741 1936 4825 Χαιρέᾳ
1959 4759 2078 4803 συν-

527 4824 700 4910 ῴκησε
717 4874 733 4905 ,
770 4833 858 4887 νῦν
904 4827 958 4888 δὲ
984 4826 1220 4910 χηρεύει,
1258 4828 1344 4887 ἐπὶ
1369 4826 1566 4895 τούτοις
1589 4827 1873 4905 γενέσθαιῆ
1900 4832 2079 4890 ἐκδοῦ-

528 4938 613 4974 ναι
642 4916 744 4998 &up
776 4916 1047 4997 βούλονται
1092 4915 1127 4988 ἢ
1176 4920 1269 4976 ἐᾶν
1306 4916 1745 4999 καταγηράσκειν,
1789 4917 1825 4991 ἢ
1859 4918 2078 4996 γνησίαν

529 4994 685 5063 οὐσαν
716 5005 799 5085 ὑφ’
827 5008 971 5081 ὐμῶν
1009 5006 1428 5064 ἐπιδικασθεῖσαν
1452 5009 1703 5064 συνοικεῖν
1732 5004 1836 5087 δ’τῳ
1868 5005 1930 5065 ἂν
1955 5009 2074 5085 ὑμῖν

528 5092 674 5173 δοκῇ.
724 5088 813 5174 (aa)
844 5092 909 5155 ‘H
926 5090 1026 5175 γὰρ
1046 5092 1209 5175 ψῆφός
1236 5092 1479 5170 ε’στιπερὶ
1506 5092 1701 5154 τούτων
1727 5095 1856 5155 νυνί.
1916 5097 2076 5159 Τουτὶ

2183 519 2368 593 strato)
2391 521 2700 571 hereditatem
2723 525 2914 585 petendi
2946 528 3023 575 via
3043 544 3058 575 ι
3083 540 3217 576 nunc
3238 528 3422 590 antem,
3447 543 3670 601 quanquam

2177 580 2363 640 judices
2379 582 2684 657 declararunt
2709 584 2996 659 non-debere
3024 600 3105 638 eos
3129 588 3442 639 substantiam
3461 592 3574 663 illam
3595 595 3668 641 elo-

2180 647 3672 775 &giassgffi‘ssai‘fssl‘z‘ss'txzfffiffiffizff&iactatae

2181 767 2647 888 ρὲἒξᾶὴζιὲἒωιῖυετοε
2675 771 2984 821 Euctemonis
3005 771 3206 823 heredes
3241 786 3366 835 ωε,
3400 788 3510 837 quos
3535 776 3672 837 judices

2243 897 2320 943 46.
2354 894 2447 944 Sed
2470 897 2519 944 et
2540 896 2702 945 adhuc
2717 898 2854 948 toetis
2889 898 3036 962 ipsius
3057 897 3380 963 [Androclis]
3411 903 3595 963 spectate
3619 918 3675 951 an-

2181 961 2365 1013 daciam
2393 966 2540 1028 atque
2557 966 2900 1029 impudentiam
2913 1008 2929 1031 ,
2961 970 3048 1033 qui
3069 982 3158 1031 pro
3181 983 3234 1019 se
3249 970 3437 1033 quidem
3453 973 3499 1021 in
3512 973 3602 1034 iure
3616 989 3674 1037 pe-

2180 1034 2259 1083 tiit
2293 1034 2442 1084 tiliam
2479 1038 2811 1100 Euctemonis,
2849 1041 2906 1090 ut
2935 1053 2964 1087 a
2977 1038 3228 1101 iudicibus
3259 1040 3350 1089 sibi
3373 1041 3674 1103 adjudicandam

2180 1112 2357 1174 quippe
2375 1112 2610 1163 bonorum
2639 1116 2788 1177 patris
2804 1116 3054 1180 heredem,
3073 1130 3189 1167 cum
3221 1130 3374 1181 eaque
3395 1120 3588 1181 quintam
3601 1122 3674 1169 b>-

2180 1198 2356 1235 norum
2385 1187 2572 1247 partem
2593 1187 2734 1250 petiit
2751 1190 2806 1239 ut
2827 1193 3166 1243 controversiae
3187 1194 3429 1256 patentem
3442 1231 3456 1256 ‚
3475 1198 3518 1245 et
3543 1196 3607 1245 hic
3623 1200 3674 1244 ta·

2181 1273 2294 1309 men
2318 1260 2442 1311 idem
2463 1263 2666 1313 testatus
2683 1266 2754 1313 est
2779 1266 3061 1316 Euctemoni
3083 1269 3320 1330 genuinos
3335 1284 3562 1333 superesse
3575 1271 3674 1318 filios.

2183 1331 2326 1393 Atqui
2347 1332 2590 1393 quomodo
2615 1336 2812 1396 negetur
2841 1336 2972 1386 hunc
2993 1337 3180 1387 dictum
3201 1339 3266 1389 ab
3282 1340 3385 1402 ipso
3411 1341 3674 1391 testimoni-1

2181 1404 2337 1467 ipsum
2359 1405 2604 1457 evidenter
2623 1409 2854 1457 mendacii
2872 1416 3159 1474 coarguere?
3223 1428 3338 1464 nam
3362 1416 3400 1465 si
3419 1416 3532 1466 iilius
3545 1421 3674 1467 Eucte-

2181 1480 2312 1529 moni
2337 1482 2569 1543 genuinus
2596 1484 2710 1546 fuit,
2735 1483 2973 1535 hereditas
2995 1500 3096 1536 non
3117 1488 3182 1539 ad
3202 1488 3352 1538 filiam
3373 1492 3598 1554 pertinuit,
3613 1507 3674 1541 nec

2179 1552 2516 1603 controversia:
2529 1553 2618 1603 suit
2635 1554 2861 1604 obnoxia.
2897 1556 3185 1609 Androcletn
3209 1562 3374 1610 autern
3391 1571 3450 1610 ex
3471 1562 3598 1613 titulis
3611 1561 3674 1611 illis

2181 1620 2492 1673 hereditatem
2531 1625 2724 1685 petiisse
2771 1628 2830 1675 ut
2853 1627 2990 1678 vobis
3017 1631 3206 1681 constet
3223 1666 3240 1693 ,
3273 1632 3428 1682 scriba
3457 1632 3577 1682 vobis
3601 1634 3673 1684 lm

2177 1693 2400 1745 recitabit
2419 1694 2709 1747 testimonia.

2757 1827 2929 1869 TESTI
2937 1826 3152 1871 noim.

2241 1945 2318 1991 47.
2354 1942 2524 1994 Evenit
2543 1942 2700 2006 itaque
2717 1946 2884 1994 contra
2910 1946 3124 2009 atquein
3153 1946 3260 2011 lege
3289 1950 3510 2013 scriptum
3530 1952 3672 2011 esum

2179 2018 2392 2069 edicente
2403 2056 2418 2081 ,
2437 2032 2594 2083 neque
2609 2020 2773 2083 spurio
2784 2034 2944 2084 neque
2965 2024 3140 2085 spuriae
3159 2028 3593 2089 consanguinitatem
3605 2042 3673 2077 σεῦε

2177 2111 2332 2161 neque
2349 2100 2495 2149 sacris
2507 2099 2557 2148 in
2581 2100 2723 2151 rebus
2739 2114 2895 2164 neque
2915 2100 2966 2150 in
2984 2101 3211 2153 civilibus
3229 2104 3342 2154 inde
3357 2105 3420 2155 ab
3436 2106 3603 2155 Euclide
3620 2120 3668 2155 ar·

2177 2182 2372 2234 chonte:
2384 2183 2644 2235 Androcles
2653 2186 2815 2235 autem
2824 2186 3238 2249 atqueAntidorus
3247 2203 3441 2252 :equum
3449 2190 3668 2240 existimat

2176 2282 2294 2331 quas
2317 2268 2365 2317 in
2383 2269 2596 2318 confoeso
2613 2272 2686 2319 est
2697 2270 2924 2331 genuinas
2939 2274 3255 2323 Euctemonis
3268 2273 3390 2324 filias
3407 2289 3500 2325 ease
3511 2312 3527 2337 ‚
3543 2288 3605 2323 eas
3621 2288 3672 2323 ea·

2177 2366 2381 2416 rumque
2395 2353 2606 2403 sobolem
2619 2370 2648 2406 a
2661 2368 2712 2405 se
2725 2353 2819 2404 bon
2825 2355 2862 2404 is
2882 2357 3146 2406 Euctemon
3154 2358 3196 2407 is
3205 2360 3354 2421 atque
3371 2359 3672 2409 Philoctemonis

2175 2438 2362 2501 spoliari
2375 2454 2390 2499 ;
2405 2438 2502 2501 (48)
2517 2441 2568 2489 et
2578 2453 2688 2503 quae
2711 2440 2884 2490 mulier
2897 2440 3072 2503 iniecto
3086 2444 3400 2494 Euctemonis
3411 2445 3544 2493 menti
3558 2446 3672 2491 furore

2175 2518 2428 2565 consecuta
2459 2516 2553 2567 hoc
2571 2518 2669 2578 est,
2691 2520 2745 2567 ut
2775 2530 2946 2580 magna
2965 2519 3103 2581 parte
3125 2520 3412 2571 facultatum
3435 2523 3527 2584 ejus
3542 2524 3668 2585 potire·

2175 2592 2274 2655 tur,
2299 2606 2353 2643 ea
2371 2608 2424 2644 se
2445 2596 2544 2648 tam
2561 2594 2682 2658 gerit
2713 2595 2986 2657 insolenter,
3011 2596 3086 2646 liis
3107 2610 3291 2661 nempe
3307 2599 3554 2663 [Androcle
3568 2604 3671 2660 atque.

2179 2678 2438 2743 Antidoro]
2477 2678 2626 2728 fidens
2638 2715 2653 2740 ,
2686 2678 2742 2727 ut
2775 2692 2872 2728 non
2908 2681 3223 2732 Euctemonis
3244 2682 3390 2732 modo
3415 2685 3670 2737 necessarios.

2177 2760 2260 2811 sed
2295 2761 2568 2810 universam
2602 2760 2724 2811 adeo
2759 2762 3002 2811 civitatem
3039 2763 3319 2826 vilipendat.
3381 2766 3521 2827 cujus
3539 2766 3592 2813 rei
3619 2765 3670 2811 vel

2178 2858 2328 2894 unum
2345 2846 2502 2895 solum
2519 2846 2848 2895 testimonium
2872 2846 2954 2896 ubi
2973 2847 3224 2899 audieritis
3237 2887 3254 2912 ‚
3279 2851 3403 2900 facili
3421 2850 3586 2910 negotio
3601 2860 3669 2895 mu-

2175 2930 2304 2980 lieris
2325 2930 2452 2980 illius
2481 2930 2730 2979 audaciam
2753 2929 2879 2991 leges
2911 2934 3252 2994 aspernantem
3286 2936 3338 2985 et
3357 2934 3585 2983 violantem
3611 2942 3669 2978 co·

2175 3010 2428 3072 gnoscetis.
2493 3015 2618 3072 Cape
2635 3011 2689 3060 tu
2703 3009 2819 3060 mihi
2839 3010 2962 3059 hanc
2977 3011 3148 3073 legem.

2887 3136 3022 3181 LEX.

2237 3270 2316 3315 49.
2351 3266 2530 3315 Literas
2555 3266 2696 3315 hasce
2719 3265 2936 3316 voluistis
2958 3280 3070 3327 vos,
3087 3267 3306 3331 jndices,
3330 3272 3426 3318 tam
3451 3282 3540 3317 esse
3565 3278 3668 3315 xene-

2174 3343 2345 3393 rabiles
2367 3344 2538 3406 pieque
2554 3343 2899 3405 observandas,
2919 3346 3096 3393 summi
3115 3346 3299 3409 quippe
3319 3348 3524 3397 facientes
3535 3348 3579 3393 ut
3592 3356 3670 3403 erga

2175 3421 2384 3483 reliquos
2404 3420 2536 3481 deoae3,
2555 3422 2620 3469 ita
2639 3434 2749 3482 erga
2765 3420 2852 3470 lias
2869 3435 3064 3484 quoque
3081 3422 3197 3472 deas
3214 3425 3452 3485 (cererem
3461 3426 3506 3471 et
3521 3426 3667 3471 Proser-

2173 3500 2353 3564 pinam)
2368 3500 2685 3550 reverentiam
2709 3500 2918 3551 exerceri
2936 3520 2945 3547 :
2961 3502 3061 3563 (50)
3078 3504 3236 3551 mater
3253 3504 3572 3553 autemhorum
3589 3514 3667 3561 pue-

2174 3596 2368 3645 rorum,
2387 3596 2538 3647 quum
2563 3583 2624 3633 sit
2659 3583 2876 3633 omnium
2894 3583 3141 3633 hominum
3171 3586 3468 3635 confessione
3490 3596 3602 3633 serva
3621 3584 3667 3627 xi·

2173 3670 2334 3730 taeque
2349 3680 2500 3730 genus
2521 3680 2606 3729 per
2625 3679 2816 3717 omnem
2841 3666 3046 3717 aetatem'
3063 3670 3232 3718 secuta
3254 3670 3354 3719 tarn
3383 3670 3562 3727 infame,
3580 3666 3664 3714 utei

2172 3749 2300 3799 haud
2323 3750 2465 3800 liceat
2484 3750 2610 3799 intra
2625 3749 2860 3811 ternplum
2879 3748 2899 3812 [
2917 3748 3247 3815 Eleusiniam]
3267 3751 3438 3800 intrare
3454 3762 3585 3811 neque
3605 3761 3664 3795 eo-

2173 3846 2281 3882 rum
2307 3844 2418 3895 quae
2447 3831 2497 3880 in
2531 3843 2589 3881 eo
2619 3832 2848 3893 geruntur
2877 3829 3138 3893 quicquam
3157 3832 3369 3901 ⁸videre,
3405 3844 3540 3895 quum
3571 3828 3666 3877 hisce

2171 3912 2350 3963 deabus
2369 3924 2558 3961 sacrum
2579 3910 2660 3973 fit,
2679 3924 2793 3961 ausa
2809 3912 2970 3960 tamen
2987 3909 3126 3961 estin
3147 3912 3438 3974 processione
3467 3923 3549 3958 una
3567 3910 3663 3957 ince-

2171 3998 2284 4047 dere
2299 3996 2350 4047 et
2367 3996 2417 4046 in
2433 3995 2670 4059 templum
2689 3994 2865 4057 ingredi
2880 3996 2929 4043 et
2943 4007 2999 4043 ea
3011 3995 3228 4055 spectare
3245 4008 3355 4058 quae
3367 3994 3427 4043 ab
3441 4006 3493 4042 ea
3507 3986 3664 4053 speclari

2170 4078 2304 4127 nefas
2337 4077 2425 4126 est.
2489 4078 2612 4133 Quae
2647 4088 2676 4123 a
2718 4088 2798 4123 me
2833 4086 2948 4123 vera
2975 4073 3070 4123 dici
3083 4110 3100 4137 ,
3131 4074 3420 4137 cognoscetis
3449 4086 3476 4121 e
3507 4067 3663 4119 decreti

2169 4170 2198 4207 a
2220 4156 2389 4207 senatu
2408 4167 2552 4218 super
2569 4154 2661 4204 hac
2685 4153 2886 4204 muliere
2907 4152 3031 4203 latis.
3094 4156 3226 4216 Cape
3243 4157 3298 4203 tu
3317 4151 3538 4203 decretum
3559 4148 3645 4195 hoc.

2771 4282 3119 4325 micanum.

2234 4411 2284 4455 5¹
2298 4443 2310 4455 .
2345 4404 2628 4454 Existimat-e
2641 4402 2740 4465 jam
2755 4416 2886 4453 nunc
2905 4416 2992 4451 vos
3009 4400 3173 4463 decet,
3195 4401 3400 4462 judicet,
3415 4401 3555 4449 utrum
3571 4392 3654 4443 Phi·

2169 4485 2450 4535 loctemonis
2469 4485 2706 4534 bonorum
2726 4482 2953 4532 heredem
2970 4483 3190 4545 oporteat
3223 4495 3324 4532 esse
3346 4480 3474 4531 Alces
3484 4477 3605 4526 lilium
3618 4474 3652 4518 et

2169 4564 2297 4613 hunc
2311 4564 2370 4612 ad
2383 4563 2601 4626 sepulcra
2615 4561 2838 4611 accedere
2847 4561 3039 4611 inferias
3047 4562 3342 4621 offerentem,
3357 4572 3414 4609 an
3425 4554 3654 4608 Chaerestra-

2167 4645 2272 4693 tum
2293 4640 2660 4692 Pliiloctemonis
2677 4652 2840 4689 sorore
2860 4640 3028 4688 natum
3043 4676 3058 4701 ,
3082 4652 3226 4702 quem
3259 4640 3358 4702 ipse
3383 4632 3654 4715 Philocteunn
3714 4674 3715 4681 ,

2168 4721 2440 4783 adoptavit3
2457 4732 2598 4783 porro
2607 4720 2772 4768 utrum
2780 4717 2946 4769 deceat
2956 4719 3102 4779 magis
3110 4730 3317 4767 sororem
3333 4714 3654 4767 Pammenis,

2166 4802 2284 4851 olim
2311 4800 2522 4849 chaerea}
2539 4811 2740 4848 uxorem
2755 4835 2770 4861 ‚
2787 4810 2920 4848 nunc
2943 4802 3105 4851 autem
3123 4797 3314 4847 viduam
3327 4834 3342 4858 ,
3363 4795 3410 4845 in
3429 4792 3576 4842 horum
3589 4796 3652 4846 po-

2165 4877 2342 4930 testate
2353 4888 2456 4925 esse
2467 4912 2482 4936 ,
2503 4876 2558 4924 ut
2577 4887 2724 4937 penes
2737 4886 2820 4924 eos
2837 4874 2898 4923 sit
2914 4876 3018 4925 sive
3041 4873 3308 4935 cuicunque
3321 4868 3456 4921 velint
3474 4876 3560 4915 eam
3575 4858 3653 4908 elo-
3714 4920 3715 4931 χ

2167 4964 2278 5001 care
2297 4950 2398 5001 sive
2429 4951 2530 5013 pati
2545 4964 2656 5001 eam
2674 4952 2728 4999 in
2755 4948 2990 5001 viduitate
3005 4960 3274 5009 senescere,
3303 4958 3362 4996 an
3378 4940 3553 4994 eandem
3579 4938 3654 4983 Eu·
3714 4948 3715 4953 ’

2165 5026 2398 5077 clemonis
2414 5026 2668 5089 genuinam
2683 5024 2828 5077 tiliam
2851 5025 2918 5075 illi
2943 5024 3047 5075 viro
3060 5024 3238 5075 nubere
3257 5021 3337 5086 qui
3350 5032 3448 5070 eam
3459 5014 3501 5063 vi
3517 5008 3652 5059 vestre

2165 5104 2414 5156 sententia}
2446 5101 2764 5167 adjudicatam
2786 5104 3065 5167 impetrarit.
3131 5101 3228 5165 (52)
3251 5100 3332 5151 iiia
3343 5096 3458 5149 enim
3475 5090 3526 5141 de
3540 5084 3652 5137 rebus
