3825 5842
523 464 546 517 1
561 465 591 515 7
601 464 632 515 2

518 581 662 662 Ὁρῶ
681 581 736 641 δὲ
755 581 845 641 καὶ
864 584 996 659 ὑμᾶς
1014 580 1179 660 ταύτῃ
1203 570 1272 659 τῇ
1290 581 1472 663 γνώμῃ
1491 580 1812 661 χρωμένους,
1831 582 1922 644 καὶ
1943 587 2073 644 πολ-

513 668 634 735 λοὺς
672 666 766 745 μὲν
787 672 890 729 τῶν
915 670 1032 728 τότε
1058 668 1422 728 ἱππευσάντων
1453 668 1790 749 βουλεύοντας
1806 715 1823 747 ,
1849 668 2073 738 πολλοὺς

436 772 489 811 ao
516 756 563 815 δ’
584 759 754 816 αὐτῶν
777 754 1095 837 στρατηγοὺς
1117 755 1207 814 καὶ
1225 754 1519 837 ἱππάρχους
1539 757 2069 837 κεχειροτονημένους·

514 843 649 903 ὥστε
679 841 838 921 μηδὲν
875 845 940 901 δι’
966 843 1097 902 ἄλλο
1129 864 1194 919 με
1224 846 1428 919 ἡγεῖσθε
1464 840 1657 917 ταύτην
1683 845 1939 904 ποιεῖσθαι
1976 843 2070 917 τὴν

515 926 874 1008 ἀπολογίαν,ἢ
903 928 983 987 ὅτι
1019 934 1313 1010 περιφανῶς
1345 930 1642 1009 ἐτόλμησάν
1673 954 1775 1009 μου
1807 931 2070 1013 καταψεύ-

515 1022 724 1080 σασθαι.
810 1016 1056 1093 Ἄνάόηθι
1079 1018 1135 1077 δέ
1163 1017 1367 1096 μοικαὶ
1394 1018 1744 1101 μαρτύρησον.

1121 1190 1456 1239 ΜΑΡΤΥΡῙΑ.

591 1336 637 1375 ο.
683 1314 818 1396 Περὶ
848 1313 941 1392 μὲν
963 1315 1130 1375 τοίνυν
1157 1314 1353 1387 ταύτης
1381 1319 1475 1386 τῆς
1501 1315 1672 1379 αἰτίας
1703 1316 1799 1375 οὐκ
1833 1306 1929 1375 οἶδ’
1956 1314 1988 1373 ὅ
2019 1340 2069 1374 τι

514 1402 590 1461 δεῖ
615 1402 782 1461 πλείω
807 1402 992 1482 λέγειν·
1020 1404 1163 1463 δοκεῖ
1191 1404 1247 1463 δέ
1281 1427 1404 1481 μοι,
1425 1393 1470 1463 ὦ
1513 1404 1710 1484 βουλή,
1748 1406 1802 1463 ἐν
1841 1402 1938 1481 μὲν
1966 1408 2070 1471 τοῖς

513 1491 686 1559 ἄλλοις
720 1493 889 1571 ἀγῶσι
921 1493 1042 1574 περὶ
1073 1495 1244 1553 αὐτῶν
1287 1493 1458 1570 μόνων
1489 1497 1592 1551 τῶν
1629 1492 2071 1574 κατηγορημένων

433 1594 486 1633 25
511 1580 793 1660 προσήκειν
819 1584 1215 1661 ἀπολογεῖσθαι,
1235 1584 1288 1641 ἐν
1311 1581 1364 1641 δὲ
1393 1582 1505 1650 ταῖς
1527 1580 1856 1659 δοκιμασίαις
1873 1582 2069 1641 δίκαιον

511 1660 642 1727 εἶναι
661 1668 853 1737 παντὸς
875 1675 964 1730 τοῦ
990 1670 1101 1751 βίου
1119 1668 1270 1747 λόγον
1293 1668 1509 1731 διδόναι.
1589 1669 1790 1747 Δέομαι
1813 1660 1900 1729 οὖν
1923 1674 2071 1749 ὑμῶν

513 1759 628 1833 μετ’
676 1757 875 1826 εὖνοίας
921 1757 1280 1838 ἀκροάσασθαί
1321 1780 1444 1834 μου.
1532 1756 1833 1836 Ποιήσομαι
1874 1756 1931 1817 δὲ
1972 1757 2065 1830 τὴν

513 1842 798 1923 ἀπολογίαν
825 1848 894 1911 ὡς
921 1846 982 1903 ἂν
1009 1844 1243 1923 δύνωμαι
1269 1843 1354 1903 διὰ
1386 1844 1750 1925 βραχυτάτων.

593 1951 663 1992 ιο.
708 1931 852 2012 Ἐγὼ
874 1932 975 2014 γὰρ
997 1938 1202 2013 πρῶτον
1227 1933 1320 2009 μὲν
1345 1934 1520 2000 οὐσίας
1543 1955 1630 2011 μοι
1657 1935 1716 1992 οὗ
1743 1935 1942 2007 πολλῆς
1966 1956 2069 1992 κα-

511 2019 868 2102 ταλειφθείσης
890 2018 976 2080 διὰ
997 2020 1090 2089 τὰς
1117 2020 1385 2103 συμφορὰς
1407 2020 1496 2079 καὶ
1520 2023 1613 2088 τὰς
1639 2027 1732 2081 τοῦ
1753 2022 1952 2103 πατρὸς
1978 2021 2069 2081 καὶ

512 2106 607 2175 τὰς
639 2114 732 2181 τῆς
765 2109 996 2187 πόλεως,
1036 2106 1127 2168 δύο
1165 2110 1258 2185 μὲν
1303 2108 1526 2190 ἀδελφὰς
1567 2108 1790 2177 ἐξέδωκα
1811 2154 1828 2185 ,
1865 2107 2071 2177 ἐπιδοὺς

508 2196 788 2276 τριάκοντα
819 2206 953 2275 μνᾶς
991 2196 1248 2279 ἑκατέρα,
1276 2197 1405 2278 πρὸς
1439 2197 1528 2256 τὸν
1569 2199 1788 2279 ἀδελφὸν
1823 2199 1869 2257 δ’
1909 2196 2071 2265 οὕτως

431 2300 485 2342 so
510 2283 799 2364 ἐνειμάμην
827 2282 955 2345 ὥστ’
975 2287 1166 2346 ἐκεῖνον
1185 2284 1344 2345 πλέον
1370 2288 1642 2365 ὁμολογεῖν
1661 2284 1798 2366 ἔχειν
1819 2287 1948 2363 ἐμοῦ
1966 2288 2069 2345 τῶν

508 2372 789 2454 πατρῴων,
810 2372 898 2432 καὶ
925 2370 1052 2453 πρὸς
1070 2371 1187 2438 τοὺς
1210 2372 1398 2439 ἄλλους
1416 2370 1653 2439 ἅπαντας
1675 2374 1811 2431 οὕτω
1832 2371 2066 2451 βεὸίωκα

508 2458 644 2519 ὥστε
680 2459 1028 2538 μηδεπώποτέ
1064 2484 1153 2538 μοι
1197 2458 1330 2537 μηδὲ
1366 2460 1495 2541 πρὸς
1515 2458 1606 2518 ἕνα
1636 2458 1798 2537 μηδὲν
1827 2460 2067 2538 ἔγκλημα

508 2547 764 2628 γενέσθαι.
849 2550 938 2627 (ιι)
969 2548 1074 2609 Καὶ
1094 2546 1161 2607 τὰ
1180 2546 1275 2623 μὲν
1300 2546 1406 2605 ἴδια
1429 2546 1566 2607 οὕτω
1589 2545 1844 2629 διῴκησα·
1869 2548 1989 2627 περὶ
2013 2548 2067 2608 δὲ

508 2639 612 2694 τῶν
634 2640 816 2696 κοινῶν
855 2660 944 2713 μοι
969 2634 1211 2715 μέγιστον
1237 2640 1470 2713 ἡγοῦμαι
1503 2635 1786 2715 τεκμήριον
1825 2628 1957 2695 εἶναι
1976 2642 2069 2710 τῆς

509 2724 640 2800 ἐμῆς
667 2722 972 2795 ἐπιεικείας,
1002 2721 1081 2780 ὅτι
1107 2724 1211 2780 τῶν
1232 2720 1496 2801 νεωτέρων
1525 2720 1637 2781 ὅσοι
1663 2723 1785 2804 περὶ
1813 2723 2004 2792 κύὸους
2031 2725 2065 2797 ἢ

508 2809 694 2879 πότους
720 2810 754 2883 ἢ
783 2810 902 2892 περὶ
928 2810 1022 2878 τὰς
1048 2808 1292 2875 τοιαύτας
1315 2809 1598 2878 ἀκολασίας
1627 2809 1944 2891 τυγχάνωσι
1974 2812 2069 2881 τὰς

429 2918 484 2958 aa
513 2897 778 2981 διατριὸδις
813 2898 1139 2976 ποιούμενοι,
1172 2896 1372 2965 πάντας
1407 2896 1592 2967 αὐτοὺς
1619 2898 1807 2981 ὄψεσθέ
1833 2922 1927 2979 μοι
1953 2902 2065 2961 δια·

509 2986 691 3069 φόρους
722 2986 872 3056 ὄντας
888 3032 904 3065 ,
943 2986 1033 3046 καὶ
1072 2987 1294 3045 πλεῖστα
1328 2985 1538 3055 τούτους
1575 2989 1697 3069 περὶ
1738 2990 1866 3065 ἐμοῦ
1909 2991 2065 3067 λογο-

507 3081 779 3144 ποιοῦντας
807 3074 896 3135 καὶ
920 3072 1280 3155 ψευδομένους.
1365 3074 1554 3135 Καίτοι
1583 3077 1736 3149 δῆλον
1761 3076 1840 3137 ὅτι
1850 3124 1866 3153 ,
1895 3080 1941 3137 εἶ
1964 3082 2065 3137 τῶν

508 3166 678 3224 αὐτῶν
717 3166 1091 3241 ἐπεθυμοῦμεν,
1138 3164 1232 3222 οὔκ
1274 3161 1336 3221 ἂν
1376 3163 1620 3236 τοιαύτην
1664 3163 1877 3244 γνώμην
1925 3158 2063 3246 εἶχον

506 3252 628 3334 περὶ
656 3254 806 3329 ἐμοῦ.
870 3250 960 3332 (ια)
985 3250 1110 3312 Ἔτι
1131 3251 1193 3323 δ’,
1218 3240 1263 3309 ὦ
1294 3248 1486 3331 βουλή,
1515 3250 1680 3319 οὐδεὶς
1709 3250 1773 3310 ἂν
1799 3252 2065 3321 ἀποδεῖξαι

507 3339 628 3421 περὶ
671 3342 797 3416 ἐμοῦ
840 3340 1046 3398 δύναιτο
1090 3338 1204 3398 οὔτε
1247 3338 1394 3410 δίκην
1443 3338 1668 3418 αἰσχρὰν
1704 3337 1820 3399 οὔτε
1859 3339 2063 3424 γραφὴν

508 3427 624 3487 οὔτε
673 3425 1000 3506 εἰσαγγελίαν
1039 3426 1409 3504 γεγενημένην·
1453 3426 1623 3487 καίτοι
1669 3426 1868 3509 ἐτέρους
1909 3432 2065 3511 δρᾶτε

508 3515 760 3582 πολλάκις
796 3518 867 3582 εἰς
895 3512 1152 3582 τοιούτους
1201 3516 1404 3593 ἀγῶνας
1438 3514 1838 3588 καθεστηκότας.
1928 3516 2065 3598 Πρὸς

429 3617 484 3659 ⁴0
509 3601 678 3663 τοίνυν
699 3603 792 3671 τὰς
815 3602 1090 3685 στρατείας
1115 3602 1206 3662 καὶ
1229 3600 1346 3670 τοὺς
1374 3601 1636 3671 κινδύνους
1662 3602 1780 3671 τοὺς
1801 3604 1929 3685 πρὸς
1949 3602 2065 3671 τοὺς

507 3690 786 3769 πολεμίους
829 3690 1090 3773 σκέψασθε
1133 3682 1236 3750 οἷον
1275 3689 1500 3769 ἐμαυτὸν
1528 3688 1746 3773 παρέχω
1779 3696 1846 3771 τῇ
1889 3692 2061 3751 πόλει.

511 3782 600 3859 ((3)
635 3782 854 3861 Πρῶτον
883 3780 978 3857 μὲν
999 3778 1139 3861 γάρ,
1175 3778 1259 3838 ὅτε
1287 3778 1383 3851 τὴν
1413 3778 1720 3858 συμμαχίαν
1747 3778 2063 3853 ἐποιήσασθε

506 3868 634 3949 πρὸς
655 3868 774 3936 τοὺς
795 3866 1050 3937 Βοιωτοὺς
1071 3868 1162 3926 καὶ
1189 3870 1260 3935 εἰς
1287 3866 1553 3948 Ἁλίαρτον
1579 3866 1680 3926 ἔδει
1707 3871 1932 3949 βοηθεῖν,
1962 3871 2065 3928 ὑπὸ

506 3954 856 4038 Ὀρθοὸούλου
901 3954 1300 4033 κατειλεγμένος
1334 3952 1596 4033 ἱππεύειν,
1640 3955 1821 4028 ἐπειδὴ
1867 3960 2065 4025 πάντας

506 4044 679 4125 ἑώρων
705 4044 811 4112 τοῖς
839 4041 932 4121 μὲν
959 4042 1264 4103 ἱππεύουσιν
1299 4041 1588 4124 ἀσφάλειαν
1617 4032 1748 4101 εἶναι
1776 4044 1880 4102 δεῖν
1912 4042 2061 4122 νομί·

506 4136 711 4206 ζοντας,
740 4140 843 4200 τοῖς
867 4132 912 4191 δ’
956 4130 1192 4199 ὁπλίταις
1227 4129 1459 4191 κίνδυνον
1491 4129 1835 4210 ἡγουμένους,
1873 4128 2062 4213 ἑτέρων

407 4216 816 4279 ¹⁴⁷0’m64mw
841 4218 928 4279 ἐπὶ
949 4217 1064 4286 τοὺς
1081 4218 1271 4287 ἵππους
1297 4218 1662 4294 ἀδοκιμάστων
1695 4220 1841 4301 παρὰ
1868 4218 1955 4278 τὸν
1980 4219 2064 4278 νό·

509 4330 629 4385 μον,
650 4306 754 4384 ἐγὼ
775 4304 1073 4387 προσελθὼν
1099 4305 1226 4387 ἔφην
1253 4310 1328 4388 τῷ
1351 4306 1683 4388 Ὀρθοὸούλῳ
1710 4306 1979 4389 ἐξαλεῖψαί
1998 4331 2065 4385 με

505 4398 566 4453 ἐκ
591 4399 680 4453 τοῦ
699 4394 991 4471 καταλόγου
1005 4438 1022 4468 ,
1040 4394 1323 4472 ἡγούμενος
1347 4395 1564 4475 αἰσχρὸν
1585 4385 1714 4454 εἶναι
1732 4401 1821 4453 τοῦ
1841 4394 2066 4467 πλήθους

507 4482 780 4559 μέλλοντος
807 4480 1114 4540 κινδυνεύειν
1143 4480 1321 4540 ἄδειαν
1350 4484 1563 4564 ἐμαυτῷ
1599 4482 2063 4559 παρασκευάσαντι

507 4566 896 4651 στρατεύεσθαι.
982 4568 1090 4629 Καί
1117 4591 1206 4647 μοι
1235 4568 1486 4643 ἆνάὸηθι,
1511 4568 1848 4650 Ὀρθόὸουλε.

1109 4714 1452 4765 ΜΑΡΤΪΡῘΔ.

589 4850 659 4892 ιι.
703 4828 1068 4907 Συλλεγέντων
1094 4828 1262 4889 τοίνυν
1291 4832 1392 4888 τῶν
1431 4830 1670 4906 δημοτῶν
1698 4828 1801 4910 πρὸ
1842 4832 1936 4901 τῆς
1964 4828 2065 4899 ἐξό-

425 4936 454 4976 5
507 4922 622 4993 δου,
658 4918 804 4986 εἰδὼς
833 4920 1002 4978 αὐτῶν
1041 4916 1200 4986 ἐνίους
1230 4916 1446 4986 πολίτας
1477 4917 1574 4996 μὲν
1615 4916 1872 4998 χρηστοὺς
1911 4917 2064 4986 ὄντας

505 5008 596 5071 καὶ
629 5007 949 5087 προθύμους,
979 5006 1193 5088 ἐφοδίων
1223 5004 1279 5065 δὲ
1307 5008 1652 5085 ἀποροῦντας,
1676 4996 1819 5067 εἶπον
1849 5004 1929 5066 ὅτι
1956 5006 2059 5087 χρὴ

501 5098 623 5166 τοὺς
655 5096 868 5177 ἔχοντας
893 5093 1145 5176 παρέχειν
1183 5094 1250 5155 τὰ
1280 5094 1548 5167 ἐπιτήδεια
1581 5098 1684 5162 τοῖς
1715 5093 1921 5176 ἀπόρως
1949 5096 2063 5154 δια-

506 5186 776 5265 κειμένοις.
861 5186 970 5247 Καὶ
995 5186 1053 5244 οὗ
1081 5183 1236 5263 μόνον
1257 5190 1410 5244 τοῦτο
1433 5183 1802 5244 συνεὸούλευον
1829 5192 1935 5251 τοῖς
1964 5183 2060 5243 άλ-

509 5278 645 5351 λοις,
679 5274 818 5337 ἀλλὰ
852 5273 943 5337 καὶ
979 5272 1134 5342 αὐτὸς
1170 5272 1343 5337 ἔδωκα
1367 5274 1506 5343 δυοῖν
1535 5274 1740 5353 ἀνδροῖν
1781 5273 2060 5355 τριάκοντα

1543 454 1825 516 Artior
1863 458 1914 515 Ο
1957 454 2160 516 ΥΠΕΡ
2202 455 2673 519 ΜΑΝΤΙΘΕΟΥ.

3404 462 3725 539 ‹we—⁵³0)

2158 591 2211 642 in
2227 594 2463 644 sententia
2474 606 2562 644 vos
2573 607 2769 657 quoque
2785 608 2887 645 esse
2906 594 3117 659 intelligo
3129 634 3145 658 ,
3164 609 3317 659 quum
3331 595 3525 646 videam
3546 598 3735 649 multos

2158 694 2218 731 ex
2237 680 2295 733 iis
2310 682 2393 745 qui
2413 684 2529 731 tunc
2544 682 2773 746 temporis
2788 683 2975 746 equites
2996 682 3163 745 erant,
3196 681 3339 732 bodie
3358 682 3409 732 in
3440 686 3737 733 senatorum

2159 782 2261 821 esse
2298 783 2529 833 numero,
2570 772 2746 822 multos
2770 770 2988 835 peditum
3030 772 3080 820 et
3110 771 3329 834 equitum
3368 770 3519 821 duces
3550 772 3735 823 creari.

2160 862 2457 922 Quapropter
2482 872 2569 909 vos
2588 859 2809 911 arbitrari
2844 859 2994 909 velim
3020 872 3099 909 me
3124 859 3309 909 nullam
3334 861 3481 910 aliam
3516 860 3585 911 ob
3603 874 3739 910 cau-

2158 961 2263 999 sam
2300 948 2373 998 uti
2408 948 2501 1003 boc
2521 962 2693 1011 genere
2716 948 3032 1011 defensionis,
3068 962 3215 1012 quam
3238 950 3296 999 ut
3318 949 3573 1001 ostendam
3612 951 3743 1002 istos

2158 1037 2317 1099 pala‘m
2352 1035 2583 1086 adversus
2600 1049 2679 1087 me
2695 1036 2905 1087 mentiri.
2924 1036 3141 1086 Ascende
3160 1036 3281 1087 mibi
3308 1038 3363 1087 tu
3380 1038 3433 1088 et
3452 1038 3663 1087 testare.

2714 1193 3162 1237 'rnsrmomum

2219 1325 2267 1371 9.
2307 1322 2378 1370 De
2398 1321 2489 1371 hac
2514 1321 2659 1384 igitur
2696 1321 3033 1373 criminatione
3066 1336 3165 1372 non
3186 1322 3327 1373 video
3360 1324 3499 1386 quod
3518 1327 3745 1389 amplius

2158 1406 2277 1457 mibi
2313 1406 2571 1459 dicendum
2610 1410 2691 1461 sit.
2759 1410 2878 1460 Mihi
2918 1413 3083 1461 autem
3108 1411 3316 1475 videtur,
3348 1416 3603 1465 senatores
3618 1452 3637 1476 ,
3690 1416 3744 1466 in

2159 1496 2328 1547 ceteris
2349 1497 2547 1560 quidem
2570 1498 2725 1549 causis
2746 1498 2807 1548 ad
2826 1512 2885 1549 ea
2906 1512 3018 1562 quoe
3032 1500 3347 1551 criminantur
3362 1500 3643 1552 adversarii
3662 1517 3743 1555 so-

2160 1585 2408 1635 lummodo
2425 1598 2527 1636 esse
2550 1586 2976 1651 raemndendum3
2995 1590 3047 1637 at
3065 1590 3114 1637 in
3138 1589 3601 1653 approbationibus,
3628 1592 3747 1642 uni-

2157 1685 2309 1723 versa»,
2337 1674 2449 1723 vitoe
2468 1675 2700 1725 rationem
2726 1676 3059 1739 exponendam
3080 1690 3199 1727 esse.
3219 1680 3318 1728 vos
3336 1678 3485 1741 igitur
3509 1679 3747 1731 obtestor

2158 1762 2215 1811 ut
2244 1740 2323 1811 me
2345 1761 2577 1813 benevole
2610 1762 2842 1827 audiatis,
2879 1764 2999 1814 dum
3022 1778 3178 1815 meam
3212 1766 3543 1818 defensionem
3578 1782 3747 1831 quam

2157 1848 2435 1900 brevissime
2452 1850 2720 1914 expediam.

2224 1942 2295 1988 ιο.
2332 1941 2430 2000 Ego
2447 1938 2575 1989 enim
2594 1938 2834 2003 primum,
2866 1942 3088 2004 quamvis
3104 1942 3291 2006 exiguae
3320 1943 3596 1995 admodum
3620 1961 3747 2011 opes

2156 2033 2315 2082 assent
2332 2032 2511 2083 relictae
2526 2047 2678 2097 quum
2695 2038 2891 2100 propter
2910 2036 3223 2099 domesticas,
3240 2039 3347 2087 tum
3360 2038 3513 2089 etiam
3530 2046 3747 2105 propter

2158 2126 2429 2190 reipublicae
2454 2129 2751 2181 calamitates
2764 2166 2781 2193 ,
2814 2129 2937 2181 duas
2966 2134 3131 2181 tamen
3149 2144 3337 2183 sorores
3364 2134 3587 2199 elocavi,
3608 2138 3745 2187 utri·

2156 2234 2252 2284 que
2272 2223 2465 2285 triginta
2486 2224 2626 2275 minis
2645 2226 2693 2276 in
2711 2225 2875 2277 dotem
2893 2226 3019 2277 datis
3041 2245 3057 2277 ε
3076 2240 3179 2278 rem
3202 2242 3317 2279 vero
3340 2242 3452 2279 cum
3484 2232 3649 2283 tratre
3674 2235 3749 2285 ita

2155 2317 2361 2379 partitus
2376 2330 2504 2381 sum,
2519 2319 2577 2368 ut
2592 2318 2673 2369 ille
2689 2332 2751 2369 ex
2768 2320 2908 2371 bonis
2922 2321 3131 2383 paternis
3148 2321 3289 2385 plura
3304 2322 3563 2374 abstulisse
3580 2339 3643 2377 se
3664 2329 3740 2377 t'a-

2154 2419 2313 2468 teatur
2336 2438 2349 2468 ε
2370 2432 2481 2481 erga
2496 2420 2681 2471 ceteros
2698 2435 2866 2473 omnes
2882 2422 2949 2473 ita
2968 2437 3048 2474 me
3064 2426 3202 2487 gessi,
3226 2428 3283 2476 ut
3302 2439 3559 2491 nunquam
3582 2431 3643 2479 in
3662 2432 3743 2493 jn·

2154 2520 2281 2571 dicio
2302 2535 2413 2571 cum
2433 2524 2535 2572 ulio
2562 2523 2757 2575 bomine
2790 2525 3139 2577 contenderim.
3204 2528 3303 2591 (ιι)
3328 2530 3485 2593 Atque
3512 2532 3567 2581 in
3586 2534 3749 2585 rebus

2153 2614 2350 2678 quidem
2374 2616 2649 2668 domesticis
2676 2618 2827 2669 talem
2856 2632 2933 2670 ine
2955 2612 3179 2683 exhibui;
3198 2621 3249 2671 in
3269 2622 3464 2687 reliquss
3488 2628 3673 2677 aute-m
3696 2629 3745 2678 id

2154 2726 2275 2763 meae
2288 2713 2629 2765 moderationis
2646 2715 2913 2765 maximum
2928 2718 3263 2779 argum-tum
3276 2730 3380 2769 eme
3390 2718 3581 2783 judico,
3600 2726 3748 2787 quod

2153 2808 2447 2871 quicumque
2474 2809 2677 2872 juvenes
2711 2812 2801 2860 aut
2838 2810 2984 2873 alen,
3016 2812 3106 2861 aut
3148 2813 3603 2879 comissationibus»,
3654 2824 3747 2871 aut

2152 2902 2428 2955 libidinibus
2456 2904 2689 2967 eiusmodi
2715 2898 2867 2956 dediti
2894 2907 3035 2969 sunt,
3056 2906 3145 2957 bos
3162 2920 3331 2960 omnes
3358 2909 3481 2960 milii
3504 2910 3745 2967 insensa

2153 3010 2255 3047 esse
2291 2997 2531 3061 sentietiS,
2556 2997 2861 3061 plurimaque
2883 2998 2945 3049 de
2978 3013 3061 3049 me
3092 3000 3285 3051 emutire
3306 3002 3357 3051 et
3382 3004 3602 3057 mentiri.
3680 3011 3748 3061 At

2152 3096 2457 3145 manifestum
2478 3098 2551 3147 est
2578 3096 2706 3159 quod
2720 3136 2735 3161 ,
2762 3098 2801 3148 si
2827 3111 2915 3161 ego
2932 3101 2981 3149 et
2998 3099 3067 3149 illi
3084 3099 3251 3149 iisdem
3268 3101 3629 3165 cupiditatibus
3663 3112 3747 3161 te-

2150 3208 2393 3256 neremur,
2418 3196 2556 3258 longe
2576 3195 2715 3245 aliter
2730 3195 2782 3245 in
2802 3208 2883 3246 me
2898 3198 3056 3247 assent
3074 3196 3289 3249 animati.
3356 3200 3457 3262 (12)
3480 3202 3558 3251 Ad
3576 3204 3705 3257 haec
3721 3248 3736 3270 ‚

2150 3296 2418 3356 senatores,
2444 3307 2586 3343 nemo
2618 3296 2993 3347 commonstrare
3022 3298 3170 3361 possit
3194 3298 3313 3348 mibi
3352 3313 3577 3364 unquam
3616 3312 3745 3358 seg-j.

2152 3392 2283 3454 ptam
2302 3389 2444 3440 fuisse
2460 3390 2595 3439 litem
2626 3392 2845 3453 turpem,
2878 3392 2981 3443 sive
3000 3392 3269 3457 privatam,
3312 3395 3415 3447 sive
3443 3399 3745 3471 publicam

2162 3489 2434 3553 cuiusmodi
2464 3489 2697 3541 tamenin
2716 3492 2905 3555 negotia
2934 3492 3188 3558 plerosque
3209 3496 3331 3547 alios
3348 3496 3523 3549 videtis
3548 3505 3747 3565 soepius

2150 3590 2387 3643 incidisse.
2451 3591 2595 3652 Quod
2606 3604 2723 3643 vero
2738 3592 2799 3642 ad
2814 3592 3033 3643 militiam
3049 3595 3221 3645 attinet
3234 3598 3284 3647 et
3298 3598 3517 3661 pericula
3530 3600 3635 3651 bell
3640 3604 3745 3667 ica,

2150 3694 2363 3758 spectate
2392 3694 2658 3756 cuiusmodi
2684 3696 2839 3747 civem
2868 3709 2949 3747 me
2978 3698 3301 3761 prestiterim.
3368 3699 3467 3765 (13)
3500 3704 3743 3757 Primum

2150 3796 2306 3857 enim,
2327 3796 2437 3857 ubi,
2456 3796 2573 3847 inita
2590 3810 2706 3847 cum
2728 3798 2909 3848 Boeotis
2924 3798 3181 3862 societate,
3206 3801 3417 3853 iialiarto
3446 3806 3554 3854 erat
3578 3810 3741 3859 auxi·

2152 3894 2364 3947 liandum
2378 3932 2393 3957 ‚
2412 3896 2475 3946 ab
2500 3895 2771 3971 Qrthobulo
2788 3898 3025 3961 ascriptus
3044 3912 3216 3962 eques,
3233 3900 3485 3964 postquam
3506 3905 3743 3959 animad-

2152 3998 2277 4046 verti
2298 4009 2466 4047 omnes
2481 3996 2757 4047 existimare
2786 3996 2973 4059 equites
2998 3998 3135 4045 extra
3170 3996 3439 4058 periculum
3468 4012 3580 4049 osse
3606 4016 3741 4053 con-

2152 4096 2419 4148 stituendos
2430 4135 2445 4161 ‚
2466 4097 2613 4162 idque
2640 4109 2783 4147 omne
2802 4096 3033 4160 peditatui
3048 4096 3339 4159 impendere,
3352 4096 3418 4146 ibi
3432 4134 3447 4159 ‚
3461 4112 3631 4161 quum
3650 4104 3741 4154 aiii

2152 4204 2327 4265 praeter
2348 4203 2501 4265 legem
2526 4202 2629 4252 sinc
2652 4198 2993 4264 approbatione
3014 4200 3065 4250 in
3082 4200 3353 4263 equitatum
3374 4202 3738 4270 transiliet-int,

2153 4314 2240 4365 ego
2260 4300 2495 4351 accedens
2525 4298 2854 4351 Orthobulum
2884 4297 2949 4348 ab
2969 4298 3073 4361 ipso
3095 4297 3209 4361 petii
3236 4300 3291 4348 ut
3309 4312 3389 4349 me
3406 4313 3469 4349 ex
3496 4303 3737 4365 equiturn

2162 4400 2351 4453 delectu
2380 4402 2587 4463 deleret3
2606 4404 2747 4465 turpe
2772 4398 2892 4449 milii
2910 4398 3015 4450 sore
3030 4400 3166 4449 ratus
3194 4411 3300 4461 me,
3328 4398 3447 4449 dum
3472 4401 3617 4464 plebs
3646 4418 3737 4467 pe-

2152 4500 2459 4561 riclitaretur,
2503 4500 2710 4552 militare
2742 4500 2883 4551 extra
2916 4499 3201 4563 periculum.
3238 4502 3299 4550 Et
3330 4501 3543 4552 ascende
3574 4505 3735 4565 mibi,

2154 4594 2435 4647 Orthobulc.

2704 4714 3155 4760 'rtsnuommn

2216 4833 2291 4881 14.
2324 4828 2789 4904 congr-egatisigitur
2812 4826 3028 4878 demotis
3050 4830 3168 4878 meis
3188 4829 3301 4878 ante
3332 4826 3737 4897 expeditionem,

2154 4941 2239 4991 ubi
2255 4940 2473 4991 intellexi
2494 4939 2753 4990 nonnullos
2768 4952 2870 4990 esse
2893 4938 3045 4989 bonos
3066 4938 3259 5002 quidem
3292 4938 3425 4989 cives
3444 4940 3497 4989 et
3530 4940 3597 4989 ad
3622 4941 3735 4992 licl-

2150 5052 2253 5101 lum
2272 5051 2481 5113 alacres,
2511 5050 2596 5101 sed
2618 5048 2827 5113 indigere
2850 5048 3129 5099 commeatu
3143 5084 3157 5107 ‚
3186 5044 3285 5095 dixi
3308 5047 3537 5108 oportere
3554 5050 3611 5097 ut
3648 5050 3741 5113 qui

2151 5178 2202 5215 re
2224 5166 2380 5215 essent
2403 5163 2613 5225 lautiori,
2634 5161 2813 5225 aliquid
2831 5161 3053 5224 inopibus
3068 5158 3443 5223 suppeditarent.
3466 5160 3651 5222 Neque
3670 5162 3737 5214 ad

2148 5281 2197 5331 ld
2218 5282 2407 5331 ceteros
2430 5278 2737 5331 solummodo
2762 5276 3008 5341 hortabar,
3035 5287 3205 5327 verum
3238 5272 3413 5345 etipse
3441 5271 3574 5325 binis
3600 5277 3733 5328 mili·
