3825 5842
103 557 243 640 (³-⁰)

47 709 88 746 ao
111 681 470 765 ἀπολογουμένῳ
489 680 526 755 ἣ
553 675 672 750 τοῖς
691 675 998 764 κατηγόροις
1011 727 1028 756 ,
1077 681 1275 750 εἰδότας
1319 683 1400 744 ὅτι
1440 685 1539 746 κᾶν
1567 685 1620 755 ἐξ

108 779 203 835 ἴσου
238 775 478 853 ἀκροᾶσθε
495 815 514 849 ,
558 769 757 848 ἀνάγκη
803 767 892 828 τὸν
932 771 1348 850 ἀπολογούμενον
1405 773 1620 834 ἔλαττον

108 865 238 943 ἔγειν.
311 863 378 921 Οἵ
401 857 492 938 μὲν
526 857 624 939 γὰρ
649 860 708 917 ἐκ
726 859 928 918 πολλοῦ
944 858 1133 938 χρόνου
1161 859 1622 932 ἐπιδουλεύσαντες

105 932 180 1009 καὶ
200 947 439 1015 συνθέντες
456 992 474 1025 ‚
501 945 645 1006 αὐτοὶ
665 945 788 1006 ἄνευ
815 946 1066 1006 κινδύνων
1083 944 1223 1015 ὄντες
1239 992 1258 1027 ,
1278 946 1373 1020 τὴν
1396 973 1622 1026 κατηγο-

107 1041 202 1118 ρίαν
222 1035 512 1108 ἐποιήσαντο
531 1059 544 1072 ·
629 1035 734 1112 ἐγὼ
762 1034 816 1096 δὲ
839 1033 977 1114 μετὰ
1002 1033 1140 1102 δέους
1161 1035 1256 1094 καὶ
1275 1036 1509 1098 κινδύνου
1533 1040 1622 1099 καὶ

106 1125 316 1197 eumz<
343 1129 430 1196 τῆς
457 1122 703 1202 μεγίστης
725 1121 820 1194 τὴν
855 1121 1138 1202 ἀπολογίαν
1166 1130 1437 1203 ποιοῦμαι.
1523 1130 1619 1189 Εἰ-

108 1215 179 1282 κὸς
197 1207 272 1274 οὖν
293 1217 418 1290 ὑμᾶς
436 1214 574 1271 ἐστιν
599 1211 798 1271 εὔνοιαν
835 1211 1002 1271 πλείω
1031 1211 1401 1293 παρασχέσθαι
1438 1214 1555 1292 ἐμοὶ
1582 1214 1619 1287 ἢ

105 1307 192 1370 τοῖς
209 1300 506 1381 κατηγόροις.
591 1299 656 1382 (7)
683 1299 810 1362 Ἔτι
839 1299 894 1359 δὲ
921 1299 1014 1360 καὶ
1033 1299 1150 1359 τόδε
1170 1301 1485 1378 ἐνθυμητέον
1502 1349 1522 1381 ,
1540 1301 1620 1362 ὅτι

61 1399 88 1448 2
108 1389 263 1450 πολλοὶ
302 1389 396 1461 ἤδη
425 1387 597 1447 πολλὰ
640 1387 732 1447 καὶ
777 1386 920 1448 δεινὰ
963 1389 1420 1470 κατηγορήσαντες
1446 1413 1622 1458 παρα-

104 1483 259 1559 χρῆμα
293 1475 667 1556 ἐξηλέγχθησαν
688 1475 995 1556 ψευδόμενοι
1020 1475 1158 1536 οὕτω
1185 1481 1449 1558 φανερῶς,
1483 1478 1621 1539 ὥστε

104 1549 216 1646 ὑμᾶς
237 1563 356 1626 πολὺ
379 1563 438 1624 ἂν
456 1565 600 1637 ἥδιον
628 1563 778 1638 δίκην
796 1565 982 1624 λαὸεῒν
1007 1567 1155 1644 παρὰ
1181 1569 1285 1624 τῶν
1313 1566 1620 1647 κατηγόρων

103 1653 280 1736 imp&
314 1656 409 1713 τῶν
449 1651 947 1734 κατηγορουμένων·
1029 1656 1078 1712 οἱ
1117 1651 1173 1713 δὲ
1221 1644 1326 1731 aii,
1351 1655 1622 1737 μαρτυρή-

103 1765 254 1807 σαντες
295 1741 356 1800 τὰ
415 1742 578 1822 ψευῆ
633 1741 822 1808 ἀδίκως
877 1739 1174 1822 ἀνθρώπους
1239 1743 1618 1822 ἀπολέσαντες,

101 1833 304 1891 ἑάλωσαν
323 1829 440 1910 παρ’
467 1832 591 1906 ὑμῖν
609 1829 1098 1911 ψευδομαρτυριῶν,
1121 1829 1260 1902 ἡνίκ’
1279 1829 1424 1891 οὐδὲν
1453 1823 1515 1904 ἦν
1541 1831 1619 1891 ἔτι

49 1940 72 1979 ι
97 1918 227 1979 πλέον
244 1919 339 1986 τοῖς
352 1917 681 1980 πεπονθόσιν.
763 1908 1049 1979 Ὁπότόἶν
1072 1919 1176 1992 ἤδη
1208 1917 1381 1978 πολλὰ
1405 1925 1619 1980 τοιαῦτα

99 2007 359 2086 γεγένηται,
383 2003 516 2072 εἰκὸς
535 2007 675 2083 ὑμᾶς
703 2007 816 2065 ἐστι
853 2004 1016 2082 μήπω
1037 2004 1154 2075 τοὺς
1176 2009 1280 2065 τῶν
1313 2007 1619 2088 κατηγόρων

99 2097 248 2174 λόγους
275 2092 474 2160 πιστοὺς
503 2098 761 2174 ἡγεῖσθαι.
843 2096 912 2156 El
951 2092 1044 2173 μὲν
1071 2094 1174 2176 γὰρ
1213 2093 1362 2153 δεινὰ·
1393 2096 1618 2174 κατηγό-

103 2181 282 2264 ρηταιῆ
320 2181 418 2260 μὴ,
439 2174 606 2241 οἷόντε
640 2185 832 2262 γνῶναι
860 2187 920 2242 ἐκ
950 2186 1053 2241 τῶν
1088 2187 1181 2241 τοῦ
1209 2182 1504 2265 κατηγόρου
1532 2183 1619 2242 λό-

99 2291 208 2352 γων·
281 2273 321 2330 εἷ
356 2269 410 2330 δὲ
434 2272 610 2343 ἀληθῆ
647 2269 816 2330 ταῦτά
857 2273 994 2330 ἔστιν
1025 2267 1062 2341 ἢ
1089 2272 1283 2352 ψευδῆ,
1324 2271 1424 2352 οὔχ
1458 2261 1620 2331 οἷόντε

99 2365 214 2438 ὑμᾶς
234 2357 460 2442 πρότερον
479 2357 676 2420 εἰδέναι
692 2359 814 2442 πρὶν
843 2357 906 2419 ἂν
925 2357 1016 2418 καὶ
1042 2361 1170 2436 ἐμοῦ
1191 2356 1452 2433 ἀκούσητε
1475 2362 1616 2421 ἀπο-

315 2471 389 2510 ου.

99 2447 402 2597 &suffore
421 2537 514 2615 μὲν
549 2527 644 2596 οὗν
664 2534 828 2616 ἔγωγε
845 2579 862 2610 ,
885 2523 932 2595 ὦ
953 2533 1134 2616 ἄνδρες
1152 2580 1169 2609 ,
1207 2535 1364 2596 πόθεν
1389 2522 1499 2618 χρὴ·
1525 2535 1620 2618 ἅρ-

43 2641 82 2680 ιο
97 2623 252 2692 ξασθαι
265 2629 350 2697 τῆς
381 2623 695 2704 ἀπολογίας,
721 2623 936 2706 πότερον
976 2625 1038 2683 ἔκ
1057 2627 1164 2683 τῶν
1204 2624 1515 2684 τελευταίων
1539 2622 1624 2684 λό-

99 2737 184 2792 γων
203 2759 218 2794 ‚
242 2716 306 2781 ὡς
320 2713 638 2794 παρανόμοις
653 2735 720 2792 με
741 2711 994 2781 ἐνέδειξαν
1012 2756 1029 2787 ,
1048 2710 1084 2785 ἢ
1102 2712 1332 2793 περὶτοῦ
1354 2712 1622 2796 ψηφίσμα·

99 2827 167 2869 τος
187 2806 264 2861 τοῦ
285 2801 626 2881 Ἰσοτιμίδου,
659 2803 730 2871 ὣς
751 2801 941 2883 ἄκυρόν
965 2803 1134 2878 ἔστιν,
1169 2799 1206 2872 ἢ
1245 2800 1490 2884 περὶτῶν
1533 2800 1622 2860 νό-

103 2915 194 2969 μων
212 2889 410 2950 καὶτῶν
428 2888 602 2970 ὅρκων
625 2893 730 2950 τῶν
755 2890 1116 2970 γεγενημένων
1135 2935 1154 2968 ,
1180 2887 1284 2948 εἴτε
1310 2889 1400 2950 καὶ
1435 2887 1490 2960 ἐξ
1529 2892 1626 2976 ἀρ·

99 2983 180 3058 χῆς
197 2981 319 3057 ὑμᾶς
343 2976 525 3046 διδάξω
547 2975 621 3036 τὰ
646 2976 987 3057 γεγενημένα.
1072 2976 1150 3039 Ὃ
1170 2976 1229 3037 δέ
1258 3001 1324 3056 με
1351 2987 1490 3038 ποιεῖ
1518 2978 1620 3058 μά-

99 3068 210 3126 λιστ’
228 3068 424 3148 ἀπορεῖν
441 3110 458 3140 ,
477 3063 584 3144 ἐγὼ
613 3069 736 3144 ὑμῖν
767 3068 870 3146 ἐρῶ
883 3110 902 3145 ,
938 3064 1020 3125 ὅτι
1063 3069 1122 3125 οὔ
1162 3065 1354 3135 πάντες
1383 3066 1509 3136 ἴσως
1536 3069 1623 3127 ἐπὶ

99 3162 208 3213 πᾶσι
227 3162 322 3222 τοῖς
345 3151 812 3235 κατηγορουμένοις
830 3152 1021 3232 ὁμοίως
1041 3151 1300 3235 ὀργίζεσθε
1321 3199 1337 3228 ,
1363 3153 1480 3214 ἀλλ’
1507 3153 1622 3212 ἔκα-

99 3243 196 3309 στός
217 3267 263 3302 τι
284 3245 422 3320 ὑμῶν
445 3241 558 3322 ἔχει
593 3241 724 3324 πρὸς
745 3241 774 3300 ὃ
807 3240 1044 3322 βούλοιτο
1066 3240 1130 3300 ἄν
1165 3264 1233 3319 με
1251 3245 1457 3322 πρῶτον
1484 3242 1621 3300 ἀπο-

45 3349 84 3388 ιι
101 3331 346 3410 λογεῖσθαι·
425 3328 541 3409 ἅμα
593 3328 649 3389 δὲ
705 3329 827 3411 περὶ
872 3328 1083 3389 πάντων
1138 3331 1301 3388 εἰπεῖν
1351 3327 1620 3392 ἀδύνατον.

105 3419 356 3498 Κρότιστον
373 3409 462 3478 οὗν
485 3441 582 3498 μοι
610 3409 744 3478 εἶναι
775 3418 916 3478 δοκεῖ
932 3417 985 3487 ἐξ
1013 3420 1184 3499 ἀρχῆς
1204 3421 1340 3495 ὑμᾶς
1365 3417 1626 3476 διδάσκειν

102 3507 246 3566 πάντα
267 3507 330 3566 τὰ
367 3507 626 3586 γενόμενα
653 3506 746 3566 καὶ
778 3507 1094 3588 παραλιπεῖν
1120 3505 1302 3585 μηδέν.
1385 3503 1476 3565 Ἂν
1522 3504 1624 3587 γὰρ

103 3595 235 3672 ὀρθῶς
259 3594 446 3673 μοίθητε
463 3594 535 3656 τὰ
567 3593 866 3678 πραχθέντα
882 3640 900 3671 ,
927 3594 1047 3677 ῥᾳδ’
1163 3593 1410 3675 γνώσεσθ’
1457 3593 1492 3652 ἅ
1523 3617 1623 3672 μου

102 3682 442 3764 κατεψεύσαντο
479 3687 530 3744 οἳ
569 3683 876 3765 κατήγοροι.
963 3683 1034 3762 (ν)
1133 3681 1167 3742 δι
1197 3681 1294 3762 μὲν
1317 3671 1406 3741 οὗν
1447 3681 1622 3741 δίκαια

103 3769 332 3846 γινώσκειν
375 3775 508 3850 ὑμᾶς
545 3773 783 3850 ἡγοῦμαι
822 3769 916 3831 καὶ
945 3769 1130 3840 αὖτοὺς
1170 3768 1593 3853 παρεσκευάσθαι
1608 3815 1625 3846 ,

105 3847 254 3940 οἵσπερ
276 3857 372 3937 ἐγὼ
391 3857 683 3928 πιστεύσας
708 3859 958 3940 ὑπέμεινα
973 3905 990 3935 ,
1013 3863 1146 3943 δρῶν
1163 3863 1298 3939 spa<
1317 3858 1412 3920 καὶ
1438 3861 1492 3918 ἐν
1519 3859 1626 3927 τοῖς

107 3947 222 4014 ἰδίοις
249 3947 332 4008 καὶ
353 3952 405 4009 ἐν
428 3948 536 4016 τοῖς
560 3947 831 4027 δημοσίοις
851 3948 975 4031 περὶ
1000 3947 1246 4009 πλείστου
1273 3953 1425 4008 τοῦτο
1451 3969 1626 4008 ποιου-

49 4053 88 4092 ιο
107 4033 279 4110 μένους,
313 4035 630 4119 ψηφίζεσθαι
663 4038 800 4097 κατὰ
833 4035 949 4104 τοὺς
973 4036 1178 4118 ὅρκους·
1219 4035 1348 4117 ὅπερ
1377 4035 1468 4096 καὶ
1507 4059 1628 4095 συν-

110 4121 196 4200 έχει
227 4124 370 4202 μόνον
412 4124 511 4199 τὴν
550 4123 738 4201 πόλιν,
781 4125 1010 4185 ἀκόντων
1059 4128 1162 4183 τῶν
1208 4125 1266 4184 οὔ
1297 4123 1627 4205 βουλομένων

105 4215 242 4270 ταῦτα
273 4211 428 4282 οὕτως
462 4212 644 4294 ἔχειν·
725 4211 849 4272 τάδε
877 4211 932 4271 δὲ
961 4215 1108 4291 ὑμῶν
1135 4209 1320 4289 δέομαι
1338 4256 1357 4290 ,
1389 4212 1504 4289 μετ’
1545 4213 1630 4271 εὗ-

107 4298 220 4367 νοίας
238 4325 330 4378 μου
353 4299 448 4373 τὴν
472 4299 728 4382 ἀκρόασιν
751 4304 842 4374 τῆς
862 4300 1144 4380 ἀπολογίας
1159 4297 1484 4371 ποιήσασθαι
1499 4343 1514 4372 ,
1539 4297 1630 4358 καὶ

111 4387 206 4462 μήτ’
244 4389 350 4468 ἐμοὶ
373 4388 663 4457 ἀντιδίκους
679 4394 1004 4464 καταστῆναι
1025 4389 1161 4467 μήτε
1183 4388 1420 4448 ὗπονοεῖν
1447 4385 1513 4447 τὰ
1539 4388 1629 4446 λε-

113 4475 274 4552 γόμενα
295 4477 423 4556 μήτε
446 4477 666 4559 ῥήματα
705 4476 936 4559 θηρεύειν
953 4521 970 4552 ,
1002 4475 1425 4559 ἀκροασαμένους
1447 4473 1502 4534 δὲ
1539 4472 1626 4533 διὰ

111 4561 254 4631 τέλους
265 4569 351 4637 τῆς
368 4563 677 4644 ἀπολογίας,
695 4564 813 4624 τότε
837 4565 940 4638 ἤδη
959 4564 1269 4647 ψηφίζεσθαι
1289 4562 1426 4624 τοῦθ’
1447 4561 1481 4622 ὅ
1493 4585 1544 4622 τι
1569 4561 1633 4621 ἂν

113 4655 212 4726 ὑμῖν
236 4655 403 4722 αὐτοῖς
429 4653 644 4735 ἄριστον
678 4653 769 4712 καὶ
811 4651 1144 4734 εὖορκότατον
1191 4649 1438 4729 νομίζητε
1483 4639 1632 4710 εἶναι.

55 4757 96 4796 8
113 4739 192 4817 (ιο)
209 4738 402 4822 ’.Ὠσπερ
425 4740 594 4801 δὲκαὶ
615 4745 863 4821 προεῖπον
895 4740 1049 4818 ὑμῖν,
1075 4728 1120 4798 ὦ
1144 4737 1326 4819 ἄνδρες
1343 4784 1362 4817 ,
1388 4736 1440 4806 ἐξ
1464 4739 1630 4818 ἀρχῆς

111 4827 210 4904 περὶ
237 4827 434 4889 πάντων
477 4829 766 4908 ποιήσομαι
793 4828 888 4903 τὴν
927 4827 1213 4906 ἀπολογίαν
1229 4872 1246 4901 ,
1282 4829 1492 4908 πρῶτον
1537 4823 1632 4904 μὲν

111 4915 205 4994 περὶ
223 4919 370 4990 αὗτῆς
389 4923 484 4992 τῆς
515 4919 684 4986 αἰτίας
709 4918 822 4978 ὅθεν
861 4941 961 5000 περ
987 4921 1024 4989 ἡ
1047 4914 1252 4985 ἔνδειξις
1277 4914 1478 4995 ἐγένετο
1493 4959 1510 4988 ,
1531 4911 1634 4973 διό-

111 5023 194 5083 περ
215 5004 277 5073 εἷς
295 5004 378 5066 τὸν
401 5008 581 5086 ἀγῶνα
607 5005 754 5066 τόνδε
776 5004 1034 5078 κατέσιην
1059 5049 1078 5082 ,
1122 5003 1242 5085 περὶ
1277 5006 1383 5062 τῶν
1423 5025 1631 5080 μυστη-

114 5088 212 5167 Ρῖων
239 5097 304 5161 ὥς
321 5093 430 5154 οὔτ’
457 5094 575 5172 ἐμοὶ
596 5093 856 5168 ἠσέὸηται
887 5091 1031 5152 οὐδὲν
1051 5089 1168 5151 οὐδὲ
1196 5089 1494 5169 μεμήνυται
1515 5089 1625 5148 οὔδ’

116 5178 439 5260 ὣμολόγηται,
457 5183 568 5244 οὔτ’
581 5175 700 5244 οἶδα
723 5182 841 5250 τοὺς
863 5180 1198 5261 μηνύσαντας
1230 5183 1353 5259 ὑμῖν
1380 5176 1504 5257 περὶ
1531 5179 1631 5236 αὖ·

113 5270 196 5326 τῶν
216 5268 314 5330 οὔτ’
330 5273 378 5330 εἷ
405 5273 569 5354 ψευδῆ
588 5270 694 5333 οὔτ’
724 5275 770 5331 εἷ
791 5273 960 5344 ἀληθῆ
981 5269 1244 5350 ἐμήνυσαν
1260 5290 1275 5307 ·
1318 5266 1466 5328 ταῦθ’
1489 5268 1628 5348 ὑμᾶς

117 5354 292 5428 διδάξω.
1217 5348 1234 5370 ·

301 5473 550 5513 numm

997 552 1413 616 ANDOCIDIS
1455 555 1743 620 ORATIO
1783 560 1884 621 DE
1928 561 2360 625 MYSTERIIS.
3195 589 3269 641 ds

1715 687 1862 752 tiam';
1896 703 2047 753 quum
2081 692 2269 758 sciatis,
2308 691 2495 746 etiamsi
2526 697 2633 760 pari
2662 696 2903 763 diligentia
2924 702 3092 756 ambas
3120 707 3281 769 partes

1720 766 1952 830 audiatis,
1990 769 2325 822 defendentem
2350 774 2513 824 tamen
2536 775 2643 826 loco
2666 789 2853 841 semper
2886 793 2988 832 ease
3018 783 3277 848 iniquiore.

1711 849 1862 900 Alteri
1885 852 2015 902 enim
2048 854 2405 906 accusationem
2436 857 2615 925 edunt,
2652 860 2837 912 dudum
2868 866 2983 915 ante
3016 879 3080 916 ex
3099 867 3281 919 insidiis

1710 934 2092 995 praemeditatam
2108 939 2159 988 et
2176 939 2489 1002 compositam
2502 978 2518 1005 ,
2543 945 2789 995 versantes
2809 945 2899 1008 ipsi
2920 949 3059 998 extra
3076 951 3275 1012 pericu-

1710 1016 1815 1067 lum
1847 1039 1860 1070 :
1899 1033 1987 1083 ego
2020 1034 2135 1072 vero
2174 1026 2309 1076 metu
2344 1027 2395 1076 et
2419 1026 2635 1089 periculo
2661 1031 2807 1093 atque
2840 1031 3039 1084 infamia
3076 1035 3280 1086 obrutus

1711 1105 1950 1171 maxima,
1977 1108 2037 1158 ad
2066 1111 2160 1160 mei
2182 1113 2515 1175 purgationem
2554 1117 2749 1168 accedo.
2814 1121 3056 1178 Quocirca
3081 1135 3169 1172 vos
3200 1122 3282 1174 de-

1711 1189 1815 1250 cet,
1841 1201 1953 1252 erga
1982 1203 2063 1241 me
2084 1193 2257 1244 animis
2281 1196 2459 1262 magis,
2483 1211 2634 1261 quam
2666 1213 2778 1264 erga
2812 1205 3144 1268 accusatores,
3163 1218 3279 1268 pro-

1710 1269 1935 1331 pendere.
2002 1273 2069 1336 (7)
2112 1278 2347 1328 Proeterea
2380 1279 2475 1330 hoc
2498 1295 2696 1346 quoque
2732 1297 2818 1335 vos
2848 1287 3071 1348 reputare
3102 1289 3248 1338 velim
3263 1324 3279 1349 ‚

1709 1367 1838 1418 saepe
1863 1357 2047 1407 factum
2068 1371 2171 1408 esse
2198 1362 2253 1410 ut
2270 1364 2599 1427 accusatores,
2624 1365 2711 1428 qui
2744 1380 2853 1417 reos
2874 1369 3155 1420 criminibus
3176 1371 3279 1434 plu·

1709 1437 1938 1500 rimisque
1950 1441 1999 1489 et
2015 1441 2324 1493 atrocissimis
2344 1448 2646 1507 onerassent,
2668 1449 2831 1498 statim
2846 1452 2945 1500 tam
2962 1453 3128 1514 aperte
3144 1467 3279 1502 men·

1708 1520 1959 1572 daciorum
1978 1526 2397 1592 convincerentur,
2420 1532 2478 1578 ut
2497 1543 2587 1580 vos
2610 1532 2769 1582 multo
2789 1533 3017 1584 libentius
3029 1538 3278 1585 accusato-

1710 1619 1785 1656 res
1805 1606 2238 1662 condemnaveritis
2254 1649 2269 1675 ,
2297 1626 2448 1676 quam
2470 1617 2754 1679 accusatos3
2772 1631 2871 1667 non
2903 1631 3014 1667 raro
3035 1619 3153 1670 item
3186 1633 3277 1669 usu

1709 1693 1872 1743 venire
1883 1731 1898 1757 ,
1913 1697 1970 1744 ut
1986 1695 2089 1747 falsi
2108 1699 2253 1748 testes
2263 1736 2279 1762 ,
2297 1712 2451 1762 quum
2475 1700 2685 1752 insontes
2698 1715 2783 1766 per
2795 1704 2927 1753 nefas
2942 1704 3277 1768 perdidissent,

1709 1778 1814 1828 falsi
1849 1781 2111 1832 testimonii
2134 1797 2299 1834 coram
2317 1786 2453 1837 vobis
2474 1786 2593 1837 dicti
2624 1791 2968 1854 coarguantur,
2992 1793 3043 1842 at
3060 1793 3169 1841 tum
3190 1791 3277 1841 de-

1708 1873 1844 1911 mum
1858 1898 1873 1924 ,
1889 1875 2043 1926 quum
2061 1864 2109 1914 id
2124 1865 2227 1926 jam
2244 1865 2312 1917 nil
2329 1866 2553 1930 prodesse
2569 1871 2719 1933 possit
2737 1871 2793 1920 iis
2806 1908 2821 1934 ,
2840 1873 2925 1935 qui
2943 1872 3127 1922 malum
3145 1887 3277 1924 acce·

1708 1943 1902 2007 pissent.
1968 1949 2166 1998 Errores
2186 1947 2331 2012 igitur
2353 1950 2633 2014 hujusmodi
2654 1967 2811 2017 quum
2826 1955 2967 2006 multi
2984 1956 3089 2019 iam
3104 1971 3279 2008 evene·

1707 2023 1834 2089 rint,
1862 2030 2237 2080 consentaneum
2272 2031 2349 2082 est
2378 2046 2468 2084 vos
2502 2035 2842 2087 accusatorum
2868 2039 3280 2091 criminationibus

1709 2125 1806 2161 non
1823 2113 2044 2175 protinus
2070 2115 2215 2165 iidem
2238 2116 2482 2170 adln‘bere.
2548 2120 2675 2171 Nihil
2697 2121 2831 2172 enim
2850 2123 2982 2174 aliud
3002 2138 3067 2175 ex
3081 2139 3277 2177 accusa·

1707 2195 1828 2246 toris
1843 2195 2062 2247 oratione
2097 2199 2211 2250 licet
2240 2199 2463 2264 colligere
2478 2238 2494 2265 ,
2523 2215 2672 2266 quam
2694 2204 2813 2268 hoc,
2837 2207 3083 2258 atrociane
3102 2209 3199 2260 sint
3216 2223 3279 2260 an

1707 2281 1901 2348 minus,
1934 2297 2141 2347 quorum
2175 2298 2287 2336 reus
2306 2285 2640 2352 insimulatur;
2668 2303 2846 2342 verane
2876 2295 3042 2346 autem
3061 2295 3146 2345 illa
3176 2295 3276 2347 sint

1707 2382 1888 2434 necne,
1926 2369 1979 2420 id
1998 2382 2116 2421 vero
2149 2373 2373 2436 negatum
2396 2373 2535 2424 vobis
2564 2375 2639 2426 est
2664 2375 2796 2440 prius
2822 2371 3111 2443 intelligere,
3130 2393 3277 2444 quam

1709 2468 1772 2505 ex
1787 2469 1868 2507 me
1887 2455 2194 2521 audiveritis,
2214 2471 2325 2523 quae
2349 2472 2438 2522 pro
2458 2473 2541 2511 me
2557 2460 2739 2514 dixero.

1773 2552 1819 2595 8.
1843 2547 1953 2596 Jam
1989 2545 2202 2597 delibero
2236 2559 2429 2598 mecum
2444 2585 2461 2611 ,
2488 2549 2617 2600 unde
2646 2551 2797 2603 ordiri
2826 2551 3150 2607 defensionem
3190 2556 3276 2608 de-

1711 2627 1878 2690 beam;
1897 2629 2065 2678 utrum
2076 2641 2107 2678 a
2120 2629 2377 2680 novissime
2392 2631 2533 2682 factis
2544 2669 2559 2695 ,
2580 2632 2673 2683 hoc
2694 2636 2795 2698 est,
2809 2637 2975 2687 utrum
2993 2652 3083 2690 vos
3101 2638 3279 2691 docere

1710 2708 1910 2761 debeam
1931 2711 2259 2762 accusatorem
2275 2711 2444 2762 contra
2460 2713 2720 2766 formulam
2738 2714 2861 2778 juris
2881 2718 3123 2770 actionem
3142 2719 3281 2770 ἐνδεῖ·

1710 2789 1820 2848 ξεως
1834 2791 2061 2844 adversus
2076 2807 2157 2846 me
2169 2794 2454 2860 instituisse;
2470 2810 2533 2848 an
2552 2797 2811 2849 Isotimidoe
2826 2798 3075 2851 decretum
3091 2801 3277 2853 dudum

1709 2875 1993 2940 abrogatum
2014 2891 2143 2942 esse;
2172 2891 2262 2942 an,
2294 2893 2407 2943 quae
2433 2882 2561 2945 leges
2577 2882 2629 2933 et
2658 2895 2771 2945 quae
2792 2885 2936 2946 pacta
2963 2883 3279 2948 iureiurando

1709 2956 1894 3007 sancita
1919 2959 2214 3012 accusationi
2236 2960 2356 3011 huic
2394 2961 2621 3025 obstent3
2653 2976 2717 3012 an
2748 2962 2957 3026 denique
2988 2977 3019 3014 a
3039 2965 3279 3031 principio

1711 3039 1822 3090 inde
1843 3043 2063 3104 repetens
2082 3045 2239 3096 totam
2262 3058 2364 3096 rem
2386 3048 2444 3096 ut
2469 3047 2601 3110 gesta
2620 3047 2711 3098 fuit
2726 3047 2895 3098 ordine
2910 3061 3162 3113 exsequar.
3188 3053 3279 3102 Di·

1710 3133 1818 3172 cam
1841 3123 2005 3188 vobis,
2028 3125 2153 3176 hanc
2171 3126 2522 3179 dubitationem
2542 3127 2661 3192 quid
2695 3129 2938 3192 praecipue
2962 3130 3083 3180 mihi
3098 3129 3276 3193 iniece-

1711 3205 1773 3257 rit
1802 3218 1936 3257 :non
1954 3207 2029 3257 est
2050 3207 2189 3259 vobis
2204 3208 2430 3260 omnibus
2451 3210 2652 3274 oequalis
2673 3210 2737 3260 ad
2768 3211 2937 3262 omnia
2961 3211 3279 3264 accusationis

1711 3289 1870 3354 capita
1885 3287 2131 3342 ‘severitas
2144 3327 2162 3356 ,
2180 3291 2266 3342 sed
2283 3292 2366 3343 alii
2392 3295 2609 3344 vestrum
2634 3293 2767 3344 aliud
2784 3294 3095 3346 crimenante
3116 3295 3279 3347 omnia

1711 3387 1742 3424 a
1761 3387 1840 3426 me
1873 3373 1997 3424 dilui
2019 3375 2249 3439 cupiunt;
2268 3375 2408 3440 atqui
2443 3377 2671 3429 omnibus
2704 3374 2852 3430 simul
2878 3380 3069 3449 occurri
3088 3381 3277 3445 nequit.

1712 3457 2016 3522 Quapropter
2033 3453 2443 3511 consultissimum
2465 3458 2593 3510 duco
2608 3497 2625 3524 ,
2644 3474 2724 3511 me
2740 3475 2771 3512 a
2800 3459 3035 3526 principio
3060 3462 3175 3513 inde
3194 3476 3280 3513 or-

1711 3554 1851 3607 sum,
1874 3556 1987 3606 quae
2020 3545 2151 3607 gesta
2174 3545 2315 3607 sunt,
2338 3543 2501 3594 omnia
2526 3556 2750 3594 enarrare
2780 3545 2931 3606 atque
2962 3557 3051 3594 vos
3076 3543 3278 3608 docere,

1711 3623 1831 3675 nibil
1844 3625 2165 3680 omittentem.
2194 3629 2343 3678 Recte
2368 3627 2500 3679 enim
2514 3627 2555 3677 si
2570 3639 2675 3676 rem
2696 3625 2856 3676 edocti
2876 3627 3032 3681 totam
3048 3627 3251 3678 teneatis
3262 3665 3277 3691 ,

1713 3707 1853 3758 facile
1873 3709 2161 3772 dignoscetis
2178 3709 2424 3761 mendacia
2434 3746 2451 3773 ,
2473 3709 2651 3772 quibus
2662 3721 2743 3759 me
2756 3710 3065 3759 accusatores
3080 3722 3279 3772 oppres-

1712 3798 1820 3836 sum
1854 3786 2031 3839 ierunt.
2099 3788 2169 3854 (9)
2201 3793 2271 3840 Ac
2298 3801 2453 3852 quum
2472 3787 2601 3850 iusta
2635 3800 2725 3837 vos
2749 3787 3063 3850 pronuntiare
3088 3789 3281 3850 paratos

1713 3883 1816 3921 esse
1832 3883 2053 3922 censeam
2065 3908 2081 3935 ,
2103 3884 2201 3935 qua
2219 3885 2273 3922 re
2293 3871 2502 3922 confisus
2520 3883 2609 3934 ego
2630 3869 2683 3920 in
2715 3869 2837 3920 urbe
2866 3871 3051 3933 mansi,
3080 3883 3282 3921 cernens

1714 3964 1802 4002 vos
1823 3955 1872 4002 et
1887 3951 2088 4017 privatis
2108 3953 2159 4004 et
2175 3953 2381 4016 publicis
2397 3954 2448 4004 in
2466 3955 2625 4006 causis
2644 3953 2740 4004 hoc
2756 3955 2935 4004 summi
2954 3953 3111 4002 facere
3122 3989 3138 4016 ,
3160 3953 3279 4004 utin

1716 4037 2417 4102 pronuntiandojusjurandum
2436 4041 2654 4090 vestrum
2672 4038 2906 4090 tueamini
2925 4039 2943 4102 (
2960 4051 3071 4102 quoe
3088 4051 3185 4087 una
3204 4051 3281 4088 res

1716 4119 1817 4168 sola
1835 4118 2079 4170 civitatem
2106 4120 2347 4182 continet,
2368 4119 2530 4170 invitis
2551 4119 2636 4184 iis,
2656 4119 2742 4184 qui
2765 4118 2817 4169 id
2838 4119 2907 4169 ita
2926 4131 3030 4168 esse
3048 4117 3231 4179 nolint)
3262 4131 3275 4166 :

1716 4198 1811 4248 hoc
1827 4200 2017 4249 tantum
2030 4212 2118 4250 vos
2134 4212 2251 4263 rogo
2263 4235 2279 4262 ,
2294 4199 2351 4248 ut
2366 4199 2589 4249 bmevoli
2602 4211 2681 4248 me
2694 4197 2898 4248 audiatis
2910 4208 3105 4247 causam
3120 4209 3278 4246 nicam

1716 4279 1955 4331 dicentem
1967 4318 1983 4344 ,
2004 4294 2163 4344 neque
2180 4293 2433 4343 personam
2449 4281 2787 4330 accusatorum
2800 4277 3073 4341 suscipiatis
3086 4313 3102 4340 ,
3120 4289 3281 4340 neque

1716 4365 1971 4416 veritatem
1987 4378 2018 4415 a
2048 4378 2129 4415 me
2148 4363 2465 4416 dicendorum
2484 4364 2756 4428 suspectam
2772 4359 2990 4412 habeatis
3014 4373 3175 4424 neque
3192 4374 3281 4410 vo·

1718 4447 1891 4498 cabula
1909 4447 2246 4511 aucupemini3
2266 4446 2354 4498 sed
2369 4446 2430 4497 ad
2450 4446 2597 4496 finem
2615 4457 2773 4509 usque
2784 4443 3111 4495 defensionem
3123 4455 3284 4492 meam

1721 4525 1952 4590 audiatis,
1978 4527 2127 4589 atque
2147 4526 2257 4576 tum
2278 4525 2478 4576 demum
2497 4523 2549 4574 id
2566 4522 2909 4588 pronuntietis,
2928 4521 3060 4584 quod
3078 4520 3217 4571 vobis
3234 4523 3283 4570 et

1720 4605 2026 4655 verissimum
2045 4605 2095 4655 et
2131 4617 2243 4654 cum
2265 4601 2583 4667 jurejurando
2600 4615 2631 4652 a
2656 4601 2797 4652 vobis
2827 4598 2959 4649 dicto
2992 4600 3283 4649 convenien-

1719 4685 1958 4735 tissimum
1983 4682 2227 4734 videbitur
2247 4696 2368 4733 esse.
2434 4683 2535 4746 (ιο)
2572 4683 2682 4732 Jam
2700 4679 2862 4742 igitur,
2896 4679 2952 4730 ut
2977 4677 3173 4740 promisi
3191 4690 3281 4726 vo-

1719 4767 1822 4833 bis,
1859 4781 1921 4817 ex
1956 4765 2125 4816 ordine
2150 4764 2212 4815 de
2250 4761 2473 4813 omnibus
2498 4761 2567 4812 ita
2596 4759 2920 4811 defensionem
2958 4770 3116 4808 meam
3146 4757 3281 4806 insti-

1719 4857 1855 4906 tuam
1867 4891 1885 4918 ,
1913 4853 1973 4904 ut
2000 4852 2213 4916 primum
2242 4849 2403 4900 dicam
2427 4848 2489 4900 de
2510 4847 2617 4912 ipsa
2648 4845 2982 4907 accusatione,
3006 4843 3134 4893 unde
3155 4841 3282 4892 actio

1719 4935 1826 4987 haec
1846 4935 2150 4986 iudicationis
2181 4934 2303 4984 mihi
2344 4931 2549 4994 coaluit,
2580 4928 2642 4980 de
2676 4929 2823 4979 sacris
2849 4927 2967 4991 puta
2999 4923 3279 4986 Eleusiniis,

1719 5023 1866 5084 atque
1883 5021 2043 5083 palam
2061 5018 2198 5069 vobis
2214 5014 2404 5081 faciam,
2420 5027 2577 5080 neque
2594 5013 2889 5077 impietatem
2904 5021 2933 5058 a
2946 5021 3027 5059 me
3050 5007 3281 5058 commis-

1719 5120 1827 5157 sam
1853 5120 1985 5168 esse,
2018 5118 2176 5169 neque
2203 5103 2475 5156 consortem
2501 5099 2763 5165 impietatis
2791 5109 3070 5163 quenquam
3094 5093 3279 5144 indim-

1719 5196 1826 5243 tum
1839 5230 1854 5256 ,
1873 5204 2033 5255 neque
2054 5203 2161 5241 mea
2180 5190 2360 5240 memet
2380 5187 2677 5238 confessione
2698 5186 2951 5250 gravatum
2969 5193 3072 5232 esse
3089 5217 3104 5243 ,
3123 5191 3279 5242 neque

1719 5279 1840 5331 mihi
1856 5280 2075 5330 constare
2096 5289 2268 5330 verane
2285 5275 2381 5328 sint
2398 5287 2462 5326 an
2479 5274 2624 5342 falsa,
2646 5287 2759 5342 quoe
2776 5270 2957 5324 indices
2977 5268 3039 5318 cle
3054 5267 3275 5331 profana·

1719 5362 1906 5416 toribus
1930 5359 2219 5414 retulerunt.

3041 5455 3070 5494 ε
