3825 5842
619 448 656 500 4
1984 421 2351 485 ΑΝΤΙΦΩΝ.
2382 444 2436 481 α.

617 572 738 654 πρὶν
774 574 826 631 ἐν
854 570 930 651 τῷ
973 569 1122 649 κακῷ
1159 565 1264 639 ἤδη
1299 556 1392 638 ἦν·
1419 566 1496 646 τῷ
1527 561 1581 622 δὲ
1617 560 1779 637 πατρὶ
1821 563 1897 643 τῷ
1934 558 2175 641 ἡμετέρῳ

619 661 837 719 ἔλασσον
872 656 1059 737 ἐνέχει.
1148 656 1234 735 (2ο)
1274 652 1386 714 Καὶ
1414 653 1596 711 ἐκεῖνοι
1624 648 1800 722 ἐπειδὴ
1831 648 2173 722 ἀπέσπεισαν,

536 781 592 822 80
616 748 704 807 τὸν
725 751 925 807 ἑαυτῶν
953 744 1112 827 φονέα
1139 740 1614 823 μεταχειριζόμενοι
1633 738 1925 798 ἐκπίνουσιν
1946 737 2173 808 ὑστάτην

615 835 789 897 πόσιν.
871 832 942 894 ‘O
959 830 1054 909 μὲν
1075 822 1162 891 οὗν
1192 828 1458 895 Φιλόνεως
1479 826 1664 893 εὐθέως
1686 829 2018 906 παραχρῆμα
2042 830 2172 883 ἀπο-

615 922 856 995 θνήσκει,
887 924 916 979 δ
938 920 994 978 δὲ
1017 918 1194 997 πατὴρ
1227 920 1255 975 δ
1279 915 1528 996 ἡμέτερος
1558 916 1629 982 εἷς
1650 912 1798 972 νόσον
1826 912 2092 989 ἐμπίπτει,
2122 910 2174 981 ἐξ

613 1002 677 1082 ἧς
689 1010 779 1069 καὶ
798 1006 1038 1067 ἀπώλετο
1061 1007 1362 1070 εἰκοσταῖος.
1388 1002 1519 1061 Ἀνθ’
1545 992 1618 1061 ῶν
1641 1004 1674 1070 ἡ
1705 998 1799 1076 μὲν
1820 997 2174 1069 διακονήσασα

613 1097 727 1179 ἔχει
755 1096 822 1155 τὰ
853 1094 1093 1173 ἐπίχειρα
1117 1084 1190 1152 ὧν
1211 1090 1329 1159 ἀξία
1353 1082 1416 1163 ἦν
1437 1088 1582 1149 οὐδὲν
1609 1086 1752 1146 αἰτία
1785 1078 1913 1145 οῧσα
1943 1088 2053 1166 (τῷ
2072 1084 2173 1166 γὰρ

613 1182 908 1263 δημοκοίνῳ
933 1181 1267 1261 τροχισθεῖσα
1311 1176 1640 1257 παρεδόθη),
1667 1177 1700 1245 ἠ
1723 1173 1770 1233 δ’
1805 1173 1949 1232 αἰτία
1975 1196 2033 1231 τε
2068 1172 2171 1247 ἤδη

611 1274 704 1335 καὶ
731 1272 1073 1347 ἐνθυμηθεῖσα
1101 1268 1191 1329 καὶ
1217 1264 1638 1349 χειρουργήσασα
1669 1261 1801 1338 ἕξει,
1831 1260 1921 1320 ἐὰν
1948 1264 2093 1339 ὑμεῖς
2116 1284 2173 1319 τε

609 1360 702 1421 καὶ
724 1364 772 1421 οἳ
799 1361 903 1419 θεοὶ
926 1358 1163 1418 θέλωσιν.

530 1470 584 1509 as
689 1468 763 1508 21.
799 1445 1075 1526 Σκέψασθε
1119 1434 1206 1501 οὗν
1235 1441 1342 1523 ὅσῳ
1392 1436 1690 1518 δικαιότερα
1719 1436 1977 1515 δεήσομαι
2017 1439 2162 1514 ὑμῶν

609 1534 714 1617 ἐγὼ
733 1534 768 1605 ἢ
795 1538 822 1593 ὃ
853 1531 1102 1613 ἀδελφός·
1173 1527 1278 1607 ἐγὼ
1308 1524 1404 1602 μὲν
1432 1530 1506 1606 τῷ
1548 1528 1786 1584 τεθνεῶτι
1812 1528 1950 1601 ὖμᾶς
1976 1522 2173 1582 κελεύω

608 1622 699 1682 καὶ
721 1624 797 1702 τῷ
810 1617 1112 1699 ἠδικημένῳ
1125 1615 1213 1675 τὸν
1239 1610 1403 1674 ἀίδιον
1421 1614 1606 1695 χρόνον
1625 1610 1881 1693 τιμωροὺς
1904 1610 2171 1692 γενέσθαι·

608 1701 754 1776 οὗτος
773 1708 828 1768 δὲ
855 1714 948 1767 τοῦ
973 1706 1066 1784 μὲν
1088 1707 1362 1771 τεθνεῶτος
1389 1702 1510 1783 πέρι
1537 1698 1682 1759 οὐδὲν
1712 1706 1848 1778 ὑμᾶς
1877 1698 2169 1771 αἰτήσεται,

609 1798 664 1866 ὃς
687 1796 823 1867 ἄξιος
844 1796 935 1855 καὶ
957 1795 1100 1855 ἐλέου
1123 1793 1213 1853 καὶ
1240 1790 1476 1873 βοηθείας
1494 1790 1584 1849 καὶ
1601 1788 1854 1870 τιμωρίας
1871 1789 1998 1869 παρ’
2024 1790 2169 1865 ὑμῶν

608 1894 806 1966 τυχεῖν,
831 1884 992 1950 ἀθέως
1022 1881 1113 1941 καὶ
1145 1882 1343 1947 ἀκλεῶς
1377 1877 1479 1959 πρὸ
1517 1883 1610 1949 τῆς
1640 1875 1959 1957 εἱμαρμένης
1987 1874 2070 1956 ὕφ’
2098 1864 2169 1932 ὧν

607 1973 777 2047 ἥκιστ’
802 1975 963 2053 ἐχρῆν
991 1969 1078 2029 τὸν
1105 1968 1212 2049 βίον
1252 1965 1494 2038 ἐκλιπών,
1524 1964 1612 2044 (22)
1640 1963 1769 2044 ὑπὲρ
1809 1962 1864 2023 δὲ
1908 1967 2001 2037 τῆς
2030 1964 2169 2021 ἀπο-

607 2060 881 2131 κτεινᾶσης
894 2056 1135 2129 δεήσεται
1151 2055 1370 2132 ἀθέμιτα
1385 2052 1476 2112 καὶ
1493 2050 1745 2111 ἀτέλεστα
1765 2050 1854 2109 καὶ
1874 2049 2168 2121 ἀνήκουστα

525 2167 582 2209 ⁴0
607 2150 699 2212 καὶ
721 2156 850 2216 θεοῖς
878 2147 968 2207 καὶ
1011 2150 1150 2223 ὖμῖν,
1184 2144 1419 2220 δεόμενος
1448 2144 1592 2217 ὑμῶν
1620 2139 1654 2197 ἃ
1701 2138 1834 2209 αὗτῆ
1860 2137 2049 2209 ἑαυτὴν
2071 2140 2167 2196 οὐκ

609 2238 783 2299 ἔπεισε
809 2235 883 2315 μὴ
940 2236 1342 2312 κακοτεχνῆσαι.
1425 2228 1609 2301 Ὑμεῖς
1641 2228 1688 2284 δ’
1713 2229 1771 2285 οὗ
1790 2229 1894 2284 τῶν
1924 2228 2167 2284 ἀποκτει-

607 2327 805 2387 νάντων
843 2322 960 2384 ἐστὲ
1004 2320 1210 2402 βοηθοί,
1261 2316 1398 2377 ἀλλὰ
1424 2320 1528 2375 τῶν
1553 2318 1611 2374 ἐκ
1658 2314 1900 2396 προνοίας
1929 2316 2163 2385 ἀποθνη-

606 2416 859 2486 σκόντων,
887 2411 977 2471 καὶ
1004 2416 1171 2469 ταῦτα
1201 2411 1286 2489 ὑφ’
1307 2398 1378 2465 ὧν
1403 2404 1592 2477 ἥκιστα
1615 2408 1775 2486 ἐχρῆν
1809 2402 1995 2470 αὐτοὺς
2024 2407 2164 2463 ἀπο-

605 2501 863 2573 θνήσκειν.
887 2498 1029 2570 Ἤδη
1051 2488 1140 2555 οὗν
1160 2498 1213 2555 ἐν
1227 2498 1345 2572 ὑμῖν
1366 2492 1517 2552 τοῦτο’
1531 2496 1668 2552 ἐστιν
1689 2494 1847 2570 ὀρθῶς
1871 2493 2165 2567 διαγνῶναι,

522 2615 576 2656 ⁴5
603 2596 632 2657 ὃ
653 2589 745 2649 καὶ
767 2586 1038 2659 ποιήσατε.
1123 2586 1213 2664 (aa)
1242 2581 1498 2653 Δεήσεται
1515 2581 1559 2638 δ’
1585 2584 1727 2656 ὑμῶν
1750 2570 1898 2645 οὗτος
1920 2577 2014 2656 μὲν
2036 2580 2165 2656 ὑπὲρ

605 2682 700 2749 τῆς
725 2674 920 2757 μητρὸς
938 2678 1032 2745 τῆς
1061 2675 1215 2731 αὑτοῦ
1239 2669 1432 2744 ζώσης,
1460 2673 1552 2740 τῆς
1576 2670 1767 2727 ἐκεῖνον
1804 2666 2163 2747 διαχρησαμέ·

601 2789 694 2838 νης
727 2763 963 2830 ἀδούλως
997 2784 1056 2819 τε
1089 2760 1178 2819 καὶ
1207 2756 1402 2835 ἀθέως,
1451 2755 1590 2821 ὅπως
1627 2754 1775 2824 δίκην
1827 2753 1900 2830 μὴ
1947 2755 2053 2833 δῷ,
2102 2753 2164 2813 ἂν

501 2858 739 2933 lubia&
762 2850 914 2931 πείθῃ
933 2896 950 2927 ,
976 2840 1050 2909 ὧν
1085 2846 1331 2919 ἠδίκηκεν
1353 2869 1365 2881 ·
1407 2842 1508 2921 ἐγὼ
1538 2844 1584 2901 δ’
1617 2845 1751 2919 ὑμᾶς
1775 2840 1905 2922 ὑπὲρ
1932 2847 2024 2900 τοῦ
2061 2865 2163 2899 πα·

601 2943 750 3025 τρός,
766 2946 858 2999 τοῦ
885 2940 1183 3009 τεθνεῶτος,
1210 2936 1493 3010 αἰτοῦμαι,
1521 2928 1664 2997 ὅπως
1685 2930 1842 2988 παντὶ
1864 2927 2042 3010 τρόπῳ
2070 2930 2161 3011 δῷ·

601 3036 749 3109 ὑμεῖς
797 3029 883 3102 δέ,
932 3026 1070 3093 ὅπως
1098 3024 1276 3082 διδῶσι
1303 3020 1451 3092 δίκην
1475 3021 1521 3078 οἱ
1549 3018 1872 3091 ἀδικοῦντες,
1895 3016 2079 3076 τούτου
2104 3040 2161 3095 γε

599 3122 752 3180 ἕνεκα
801 3117 892 3177 καὶ
919 3113 1163 3175 δικασταὶ
1187 3111 1418 3191 ἐγένεσθε
1446 3107 1536 3168 καὶ
1569 3106 1841 3179 ἐκλήθητε.
1930 3107 2021 3184 (24)
2054 3106 2164 3166 Καὶ

599 3207 704 3286 ἐγὼ
733 3205 826 3283 μὲν
859 3202 1210 3281 ἐπεξέρχομαι
1239 3197 1422 3276 λέγων,
1449 3193 1535 3253 ἵνα
1564 3196 1638 3273 δῷ
1665 3194 1812 3265 δίκην
1841 3182 1913 3249 ὧν
1943 3192 2161 3264 ἠδίκηκε

598 3294 690 3354 καὶ
723 3290 1008 3371 τιμωρήσω
1028 3292 1104 3369 τῷ
1127 3310 1184 3345 τε
1209 3284 1372 3362 πατρὶ
1393 3286 1470 3362 τῷ
1487 3278 1729 3360 ἡμετέρῳ
1753 3278 1842 3337 καὶ
1864 3286 1971 3345 τοῖς
1988 3280 2163 3355 νόμοις

533 3422 560 3461 5
600 3387 706 3454 τοῖς
724 3382 1007 3464 ὑμετέροις·
1025 3379 1194 3459 ταύτῃ
1209 3376 1299 3437 καὶ
1316 3374 1454 3445 ἄξιόν
1476 3396 1564 3451 μοι
1592 3376 1846 3451 βοηθῆσαι
1861 3374 1994 3449 ὑμᾶς
2006 3370 2162 3431 ἅπαν-

598 3499 718 3548 τας,
741 3476 785 3533 εἰ
809 3475 978 3544 ἀληθῆ
999 3466 1162 3547 λέγω·
1183 3456 1325 3531 οὗτος
1353 3462 1408 3521 δὲ
1433 3462 1700 3532 τάναντία,
1725 3458 1865 3526 ὅπως
1887 3463 1923 3529 ἡ
1946 3459 2062 3526 τοὺς
2074 3459 2164 3518 νό-

599 3588 723 3641 μους
749 3561 1041 3643 παριδοῦσα
1057 3555 1130 3634 μὴ
1152 3556 1226 3636 δῷ
1249 3552 1397 3624 δίκην
1426 3540 1498 3609 ὧν
1522 3548 1765 3625 ἠδίκηκε,
1787 3546 1953 3625 ταύτῃ
1982 3548 2162 3626 βοηθὸς

599 3649 909 3721 καθέστηκε.
941 3642 1030 3723 (25)
1056 3642 1246 3703 Καίτοι
1267 3638 1484 3718 πότερον
1509 3634 1824 3715 δικαιότερον
1839 3633 1927 3694 τὸν
1946 3638 2006 3693 ἐκ
2026 3659 2160 3717 προ-

599 3738 743 3805 νοίας
759 3730 1138 3794 ἀποκτείναντα
1169 3730 1348 3787 δοῦναι
1367 3726 1514 3796 δίκην
1537 3724 1570 3796 ἢ
1605 3722 1712 3801 μή;
1736 3722 1827 3782 καὶ
1853 3721 2071 3804 πότερον
2091 3724 2163 3781 δι-

599 3826 864 3907 καιότερον
889 3824 1141 3902 οἰκτεῖραι
1159 3818 1356 3897 μᾶλλον
1371 3814 1459 3873 τὸν
1477 3812 1772 3884 τεθνεῶταῆ
1797 3808 1890 3883 τὴν
1912 3812 2157 3871 ἀποκτεί-

597 3936 795 3988 νασαν;
819 3909 922 3989 ἐγὼ
950 3907 1045 3986 μὲν
1072 3898 1218 3985 οἶμαι
1233 3904 1322 3964 τὸν
1349 3906 1620 3963 τεθνεῶτα·
1644 3898 1850 3979 καὶγὰρ
1871 3898 1937 3958 ἂν
1958 3898 2158 3959 δικαιό-

513 4042 570 4083 10
596 4026 742 4086 τερον
771 3999 862 4061 καὶ
889 3995 1162 4077 ὁσιώτερον
1180 3993 1272 4053 καὶ
1297 3991 1425 4072 πρὸς
1451 3994 1579 4050 θεῶν
1597 3987 1689 4049 καὶ
1709 3987 1836 4067 πρὸς
1871 3987 2157 4068 ἀνθρώπων

593 4092 787 4173 γίνοιτο
801 4092 944 4168 ὓμῖν.
957 4082 1104 4159 Ἤδη
1120 4074 1208 4143 οὗν
1224 4080 1328 4160 ἐγὼ
1342 4079 1488 4154 ἀξιῶ,
1507 4077 1683 4158 ὥσπερ
1699 4079 1935 4135 κάκεῖνον
1951 4077 2156 4149 ἀνελεη-

597 4181 764 4254 μόνως
791 4178 881 4239 καὶ
907 4174 1240 4240 ἀνοικτίστως
1263 4169 1396 4242 αὕτη
1421 4166 1708 4239 ἀπώλεσεν,
1724 4163 1858 4225 οὕτω
1882 4163 1973 4223 καὶ
1990 4164 2151 4236 αὐτὴν

597 4267 791 4338 ταύτην
815 4262 1098 4323 ἀπολέσθαι
1123 4261 1223 4319 ὗπό
1243 4282 1300 4317 τε
1319 4262 1466 4336 ὖμῶν
1477 4255 1569 4315 καὶ
1589 4260 1682 4315 τοῦ
1707 4252 1929 4313 δικαίου.
1972 4249 2057 4331 (2ο)
2086 4252 2152 4313 Ἤ

593 4354 690 4433 μὲν
717 4351 821 4434 γὰρ
859 4349 1103 4415 ἑκουσίως
1146 4346 1236 4407 καὶ
1280 4343 1607 4425 βουλεύσασα
1650 4341 1740 4400 τὸν
1767 4340 2009 4413 θάνατον,
2042 4344 2071 4398 ὁ
2103 4342 2155 4397 δ’

591 4440 850 4507 ἀκουσίως
886 4437 978 4497 καὶ
1027 4434 1208 4517 βιαίοις
1255 4433 1499 4491 ἀπέθανε·
1587 4432 1698 4495 πῶς
1732 4428 1832 4507 γὰρ
1871 4429 1931 4485 οὗ
1975 4426 2154 4505 βιαίως

592 4530 874 4605 ἀπέθανεν,
903 4516 946 4586 ὦ
976 4526 1187 4603 ἄνδρες,
1216 4519 1270 4589 ὅς
1298 4522 1350 4599 γ’
1379 4518 1587 4577 ἐκπλεῖν
1609 4515 1824 4593 ἔμελλεν
1855 4514 1912 4572 ἐκ
1935 4518 2028 4584 τῆς
2054 4520 2149 4592 γῆς

591 4620 776 4693 τῆσδε,
801 4615 948 4695 παρά
975 4636 1032 4673 τε
1065 4610 1210 4692 ἀνδρὶ
1233 4612 1392 4667 αὑτοῦ
1416 4605 1549 4688 φίλῳ
1577 4607 1831 4676 εἱστιᾶτο;
1859 4605 1892 4673 ἠ
1930 4600 1984 4659 δὲ
2013 4601 2151 4679 πέμ-

511 4744 562 4785 15
587 4711 736 4789 ψασα
762 4704 822 4764 τὸ
849 4703 1124 4785 φάρμακον
1150 4696 1241 4758 καὶ
1268 4694 1560 4756 κελεύσασα
1601 4691 1778 4771 ἐκείνῳ
1808 4692 1983 4748 δοῦναι
2013 4698 2150 4748 πιεῖν

591 4794 890 4855 ἀπέκτεινεν
917 4794 1069 4869 ἡμῶν
1101 4788 1188 4847 τὸν
1213 4785 1437 4864 πατέρα.
1469 4786 1596 4849 Πῶς
1623 4772 1710 4839 οὗν
1749 4778 1945 4851 ταύτην
1990 4780 2147 4836 ἐλεεῖν

588 4883 727 4953 ἄξιόν
745 4885 884 4940 ἐστιν
911 4878 946 4951 ἢ
971 4879 1145 4943 αἰδοῦς
1169 4874 1443 4954 run-aivam
1465 4870 1594 4949 παρ’
1616 4872 1760 4946 ὑμῶν
1790 4867 1824 4941 ἢ
1843 4867 2003 4927 ἄλλου
2022 4890 2111 4925 του
2130 4890 2145 4939 ;

585 4970 700 5045 ἥτις
727 4966 859 5041 αὐτὴ
884 4968 977 5026 οὐκ
1003 4964 1221 5038 ἠξίωσεν
1249 4965 1462 5034 ἐλεῆσαι
1485 4957 1572 5018 τὸν
1615 4962 1775 5028 αὗτῆς
1807 4956 2000 5035 ἄνδρα,
2027 4955 2159 5015 ἀλλ’.

585 5058 804 5126 ἀνοσίως
827 5056 917 5117 καὶ
941 5056 1168 5133 αἰσχρῶς
1192 5049 1482 5111 ἀπώλεσεν.
1573 5050 1663 5127 (27)
1689 5044 1846 5107 Οὕτω
1870 5043 1927 5103 δέ
1944 5066 2024 5101 τοι
2052 5042 2141 5101 καὶ

585 5151 746 5208 ἐλεεῖν
776 5145 864 5206 ἐπὶ
890 5151 996 5209 τοῖς
1021 5139 1274 5206 ἀκουσίοις
1305 5137 1589 5215 παθήμασι
1613 5135 1812 5212 μᾶλλον
1836 5130 2089 5213 προσήκει
2107 5126 2143 5199 ἢ

585 5241 690 5305 τοῖς
716 5233 964 5302 ἑκουσίοις
993 5229 1083 5291 καὶ
1105 5232 1165 5289 ἐκ
1185 5226 1426 5310 προνοίας
1452 5223 1747 5302 ἀδικήμασι
1773 5220 1860 5281 καὶ
1893 5216 2144 5299 ἁμαρτή-

479 5318 524 5345 λ.

3514 424 3757 503 (ets—ota.)

2262 557 2496 621 comperit
2525 570 2679 621 quum
2706 556 2809 620 iam
2838 556 2889 607 in
2910 557 3172 621 perniciem
3201 558 3473 623 incidisset3
3507 564 3623 625 patri
3644 564 3763 611 autem

2264 633 2429 679 nostro
2455 628 2724 692 port-ionem
2745 624 2917 678 veneni
2936 630 3095 679 multo
3117 631 3381 693 parciorem
3398 631 3675 682 infundebat.
3695 638 3780 699 (ιιι)γ

2261 694 2485 745 Defuncti
2509 694 2823 745 libationibus
2847 696 2945 757 illi,
2984 695 3210 745 sicarium
3242 710 3386 746 suum
3415 711 3501 760 pro
3536 700 3672 747 amica
3706 700 3765 746 lia·

2261 762 2445 823 bentes,
2460 763 2728 811 extremam
2742 762 2989 825 potionem
3005 763 3315 815 exhauriunt.
3340 768 3400 816 Et
3431 765 3666 816 Philoneus
3690 768 3765 827 qui-

2260 831 2371 881 dem
2398 832 2449 881 in
2467 831 2729 880 continenti
2747 844 2775 881 e
2800 832 2999 894 vestigio
3016 834 3315 896 exspirabat3
3332 838 3468 898 pater
3484 839 3633 884 autem
3648 840 3766 883 noster

2261 902 2312 950 in
2345 901 2671 952 valetudinem
2698 901 2963 965 incidebat,
2991 917 3105 967 qum
3126 917 3239 954 eum
3262 918 3453 968 quoque
3484 906 3684 967 tandem,
3716 906 3780 954 (lie¹

2260 972 2517 1035 vigesimo,
2559 972 2769 1022 sustulit.
2862 972 3019 1036 liujus
3058 975 3181 1024 tanti
3220 977 3409 1027 sceleris
3448 978 3681 1039 praemium
3712 978 3765 1025 illa

2260 1042 2481 1105 quidem,
2517 1055 2629 1105 qua».
2669 1056 2863 1105 operam
2898 1043 3171 1094 ministram
3220 1046 3523 1095 solummodo
3569 1045 3765 1108 praestitit,

2262 1113 2469 1163 facinore
2495 1113 2695 1175 dignum
2713 1114 2817 1174 iam
2838 1113 3038 1163 abstulit
3056 1113 3197 1175 (nam
3218 1116 3427 1165 carnifici
3441 1116 3607 1165 tradita
3627 1119 3670 1164 et
3686 1118 3768 1163 rotae

2260 1181 2480 1245 imposita
2498 1182 2783 1245 supplicium
2806 1183 2963 1246 luit),
2983 1197 3263 1247 quanquam
3285 1186 3419 1234 nullo
3440 1185 3579 1234 modo
3606 1184 3649 1233 in
3664 1187 3767 1245 culpa

2259 1256 2362 1302 erat
2384 1272 2395 1301 :
2417 1265 2527 1317 quoe
2560 1256 2721 1303 autem
2745 1254 2819 1302 est
2841 1255 2891 1303 in
2930 1255 3073 1317 culpa
3095 1258 3146 1304 et
3172 1256 3330 1305 scelus
3365 1256 3465 1318 ipsa
3490 1257 3633 1317 prima
3649 1259 3780 1313 mente(

2260 1323 2477 1384 concepit
2494 1325 2544 1372 et
2558 1322 2781 1371 manibus
2798 1324 2898 1373 suis
2914 1326 3128 1387 paravit,
3148 1337 3223 1388 ea,
3240 1326 3280 1375 si
3296 1338 3409 1375 cum
3423 1326 3512 1375 diis
3524 1339 3605 1375 vos
3618 1320 3780 1387 quoque'

2261 1391 2435 1441 voletis
2452 1429 2467 1453 ,
2487 1392 2743 1454 proemium
2768 1406 2885 1441 mox
2902 1394 3106 1443 auferet.

2324 1469 2397 1512 21.
2421 1464 2661 1525 Reputate
2680 1462 2937 1513 vobiscum
2966 1468 3150 1526 quanto
3174 1466 3297 1528 sint,
3319 1479 3430 1529 quae
3458 1480 3542 1529 ego
3569 1480 3647 1515 vos
3663 1480 3765 1526 rogo,

2258 1532 2471 1595 aequiora
2488 1569 2502 1594 ,
2520 1544 2669 1594 quam
2696 1545 2809 1594 quoe
2832 1532 2979 1582 frater
2998 1538 3149 1595 rogat.
3236 1539 3337 1597 Ego
3355 1536 3550 1598 quidem
3572 1550 3649 1585 vos
3660 1537 3780 1597 jubeo,

2257 1601 2491 1664 perempti
2508 1614 2674 1651 necem
2686 1639 2702 1663 ,
2728 1600 2820 1651 boc
2838 1605 2910 1652 est
2928 1601 3150 1664 injuriam
3170 1605 3213 1655 ei
3232 1604 3395 1654 datam
3417 1609 3637 1655 aeternam
3654 1608 3767 1655 nullo-

2256 1686 2353 1735 que
2386 1674 2529 1735 pacto
2556 1673 2899 1735 reparabilem,
2932 1675 3098 1724 ulcisci
3133 1694 3147 1727 ε
3172 1676 3253 1726 ille
3283 1689 3399 1726 vero
3429 1679 3574 1740 patris
3590 1678 3766 1740 quidem,

2257 1744 2449 1807 insuper
2471 1744 2635 1794 habita
2671 1744 2872 1795 deorum
2916 1745 3169 1810 religione,
3202 1747 3583 1810 flagitiosissime,
3610 1763 3768 1811 pranu-

2256 1817 2365 1865 ture
2377 1852 2392 1877 ,
2407 1815 2545 1865 abiis
2558 1850 2573 1875 ,
2591 1827 2622 1863 a
2642 1815 2819 1877 quibus
2836 1816 3054 1865 omnium
3082 1817 3279 1867 minime
3296 1817 3514 1882 decebat,
3532 1834 3560 1868 e
3580 1821 3669 1868 vita
3686 1820 3765 1869 sub·

2256 1886 2367 1947 lati,
2394 1898 2457 1935 ne
2489 1885 2783 1934 mentionem
2816 1886 3013 1947 quidem
3048 1886 3109 1935 ad
3152 1900 3237 1937 vos
3281 1888 3450 1950 faciet,
3488 1891 3621 1953 cujus
3646 1868 3781 1939 tasum!

2256 1956 2571 2005 miserabilem
2596 1968 2683 2004 vos
2716 1957 2766 2004 et
2788 1957 3209 2007 commiseratione
3246 1960 3471 2021 prosequi
3493 1964 3542 2009 et
3563 1962 3703 2010 ulcisci
3712 1940 3780 2025 par}

2256 2027 2354 2087 aet3
2411 2026 2509 2087 (22)
2534 2038 2621 2087 pro
2640 2038 2697 2074 ea
2720 2028 2883 2075 autem
2906 2026 3079 2076 femina
3098 2029 3399 2091 supplicam,
3420 2044 3530 2093 quae
3545 2045 3675 2081 suum
3696 2028 3780 2095 ma}

2256 2095 2404 2144 ritum
2428 2095 2650 2156 sustulit,
2672 2109 2836 2159 preces
2853 2097 2989 2147 vobis
3014 2098 3211 2161 ingeret,
3238 2099 3476 2162 infandas»,
3498 2096 3780 2161 detestabiles}

2255 2180 2375 2228 quas
2406 2168 2453 2215 et
2481 2180 2569 2217 vos
2594 2166 2656 2216 ab
2680 2168 2877 2217 auribus
2911 2170 3081 2218 voetris
3113 2170 3333 2231 rejicietis
3350 2207 3364 2233 ,
3390 2174 3441 2221 et
3469 2173 3535 2222 dii
3570 2167 3780 2234 reJicient,}

2258 2236 2441 2298 rogabit
2462 2250 2635 2300 nempe
2650 2250 2763 2300 vos,
2786 2240 2843 2287 ut
2860 2252 3029 2288 verum
3064 2240 3269 2290 credatis
3294 2254 3397 2291 esse
3414 2241 3463 2291 id
3480 2243 3607 2305 quod
3628 2256 3681 2291 ne
3696 2244 3780 2309 ipsu

2254 2307 2449 2370 quidem
2472 2308 2661 2358 sibimet
2679 2308 2848 2370 credit,
2864 2322 2917 2359 se
2934 2310 3066 2360 nulla
3092 2312 3223 2359 mala
3241 2310 3411 2361 fraude
3435 2312 3527 2362 lior.
3552 2314 3599 2361 in
3622 2314 3780 2373 negotio]

2254 2391 2356 2427 esse
2375 2392 2524 2428 usum.
2587 2380 2733 2443 Atqui
2754 2393 2841 2429 vos
2868 2393 2965 2429 non
2989 2381 3335 2432 homicidarum
3362 2383 3477 2433 estis
3506 2386 3780 2447 protectores]

2254 2447 2335 2497 sed
2366 2449 2578 2499 vindices
2599 2454 2955 2513 peremptorum
2975 2452 3307 2513 prtemeditata
3340 2454 3528 2517 fraude,
3552 2448 3780 2518 prasertim}

2254 2518 2295 2568 si
2318 2519 2449 2568 fraus
2467 2520 2547 2568 illa
2566 2522 2779 2582 profecta
2794 2522 2935 2571 fuerit
2950 2522 3011 2571 ab
3028 2522 3086 2571 iis
3100 2536 3127 2571 a
3140 2523 3319 2585 quibus
3337 2524 3535 2575 minime
3547 2526 3766 2587 oportebat.

2252 2590 2281 2637 J
2286 2601 2365 2637 am
2388 2601 2532 2649 penes
2548 2601 2636 2638 vos
2652 2591 2751 2651 est,
2777 2603 2839 2639 ex
2853 2603 2995 2653 aequo
3014 2594 3064 2640 et
3082 2604 3198 2640 vero
3226 2606 3419 2642 causam
3442 2594 3694 2657 disceptare
3714 2614 3723 2642 :
3740 2592 3767 2640 id

2252 2656 2385 2721 quod
2408 2658 2656 2721 hucusque
2679 2658 2870 2711 fecistis
2939 2661 3037 2723 (23)
3070 2664 3238 2711 Frater
3263 2663 3459 2725 quidem
3493 2678 3575 2714 vos
3596 2679 3696 2714 mox
3715 2670 3780 2735 rui-t

2252 2729 2408 2790 gabit,
2434 2730 2489 2777 ut
2514 2732 2718 2778 matrem
2752 2742 2893 2779 suam
2912 2768 2927 2793 ,
2971 2744 3082 2793 quae
3107 2730 3254 2793 vivit,
3286 2733 3475 2783 salvam
3501 2748 3599 2784 esse
3629 2734 3780 2793 velitis}

2252 2812 2359 2848 eam
2378 2812 2488 2861 quae
2507 2798 2735 2849 maritum
2750 2801 2925 2851 furioso
2940 2804 3119 2864 impetu
3134 2838 3148 2863 ,
3166 2802 3288 2864 iuris
3306 2804 3460 2853 omnis
3481 2804 3624 2854 divini
3641 2806 3780 2865 oblita}

2250 2870 2452 2932 occidit,
2478 2871 2533 2919 ιιι
2550 2908 2565 2932 ,
2586 2870 2624 2920 si
2643 2870 2839 2933 quidem
2858 2872 3143 2934 persuadeat
3156 2873 3319 2935 vobis,
3336 2874 3415 2923 illa
3440 2888 3604 2937 poenas
3622 2872 3780 2925 meritas}

2251 2940 2519 2990 facinorum
2540 2941 2602 2991 ab
2618 2954 2671 2991 se
2693 2943 3057 2992 commissorum
3072 2956 3133 2992 ne
3150 2945 3339 2993 auferat
3357 2954 3476 3007 :ego
3492 2950 3653 2995 contra
3666 2960 3780 3005 supet*

2250 3014 2387 3073 patre
2407 3025 2517 3061 meo
2542 3025 2629 3061 vos
2646 3026 2759 3075 rogo
2773 3049 2788 3074 ,
2811 3014 2949 3075 patre
2968 3016 3180 3076 mortuo,
3210 3016 3267 3063 ιιι
3290 3014 3372 3063 illa
3388 3017 3525 3065 omni
3548 3017 3683 3066 modo
3696 3030 3780 3085 μιν(

2249 3095 2336 3131 nas
2354 3082 2435 3131 det
2451 3082 2654 3132 debitas.
2720 3086 2819 3132 Vos
2836 3096 2952 3132 vero
2967 3120 2981 3145 ,
3002 3095 3100 3145 quo
3122 3084 3343 3133 scelerosi
3364 3097 3532 3147 poenas
3557 3086 3665 3136 dent
3692 3090 3780 3145 me}

2250 3152 2366 3202 ritas
2378 3190 2394 3214 ,
2416 3167 2473 3203 eo
2487 3157 2535 3203 et
2548 3153 2613 3202 ad
2637 3152 2952 3217 iudicandum
2966 3154 3301 3203 convocamini
3318 3158 3367 3205 et
3376 3155 3564 3216 judices
3580 3154 3780 3226 appellati

2250 3223 2375 3273 estis.
2466 3224 2565 3286 (24)
2592 3226 2739 3273 Porro
2758 3224 2903 3274 caedis
2929 3224 3075 3285 hujus
3104 3224 3506 3277 machinatricem
3524 3241 3607 3291 ego
3632 3226 3677 3275 in
3694 3226 3780 3293 jure}

2250 3306 2555 3355 persequens,
2573 3294 2667 3343 hoc
2684 3307 2791 3356 ago,
2817 3296 2874 3343 ut
2889 3307 2997 3344 eam
3018 3295 3250 3358 supplicio
3266 3295 3473 3345 alliciam
3490 3297 3619 3361 quod
3640 3296 3769 3345 merita

2251 3366 2325 3412 est
2340 3403 2355 3427 ,
2379 3366 2488 3413 tum
2528 3367 2585 3413 ut
2605 3366 2793 3427 patrem
2814 3368 3036 3415 nostrum
3050 3366 3319 3428 vindicem,
3346 3365 3555 3429 denique
3579 3370 3631 3417 ut
3648 3368 3780 3428 legunt¹

2250 3436 2519 3483 vestrarum
2544 3432 2880 3483 auctoritatem
2903 3438 3043 3484 tuear
3060 3452 3075 3496 3
3094 3448 3247 3499 quare
3276 3435 3415 3485 decet
3430 3449 3548 3500 vos,
3574 3432 3780 3501 quotquot

2251 3504 2532 3565 considetis,
2568 3504 2687 3553 mibi
2726 3508 2901 3568 praesto
2940 3519 3068 3567 esse,
3105 3508 3145 3555 si
3183 3519 3299 3556 vera
3334 3520 3412 3556 me
3447 3507 3607 3559 dicere
3639 3520 3780 3569 cognos

2249 3576 2413 3626 veritis
2450 3595 2463 3625 ι
2506 3575 2588 3624 ille
2616 3587 2681 3624 ex
2716 3575 2916 3627 adverso
2955 3575 3048 3626 boc
3078 3577 3173 3639 agit
3214 3579 3295 3640 ut,
3338 3590 3449 3640 quae
3478 3580 3645 3628 mulier
3679 3580 3780 3653 lenes}

2256 3649 2440 3695 vestras
2456 3645 2664 3708 sprevit,
2683 3648 2837 3708 poenis
2854 3660 2961 3695 eam
2986 3646 3167 3695 auxilio
3186 3660 3274 3695 suo
3300 3646 3469 3709 eripiat
3490 3649 3610 3710 illis,
3634 3648 3780 3711 quibus}

2250 3730 2357 3765 eam
2392 3716 2549 3766 scelus
2578 3728 2723 3765 suum
2756 3716 3030 3766 obstrinxit.
3097 3716 3195 3779 (25)
3225 3717 3403 3779 Atqui,
3426 3720 3620 3781 utrum,
3640 3712 3780 3781 qums&

2247 3799 2336 3835 vos
2350 3823 2365 3848 ,
2393 3786 2581 3848 aequius
2604 3789 2702 3847 est,
2727 3787 3073 3849 praemeditatae³
3107 3786 3240 3836 necis
3262 3800 3392 3837 ream
3426 3789 3619 3839 sceleris
3644 3799 3780 3851 poenas

2248 3854 2362 3906 dare
2374 3894 2389 3918 ,
2408 3870 2469 3904 an
2488 3856 2647 3906 nullas
2662 3856 2807 3906 dare?
2824 3860 2989 3906 utrum
3019 3856 3207 3918 oequius
3226 3858 3297 3905 oet
3314 3894 3329 3918 ,
3350 3857 3674 3908 misericordia
3690 3855 3780 3906 duci

2246 3940 2332 3989 per
2354 3928 2485 3978 nefas
2510 3928 2808 3990 interempti,
2839 3942 2902 3977 an
2917 3928 3021 3990 ejus
3050 3925 3266 3977 mulieris
3284 3942 3395 3990 quae
3414 3929 3555 3979 illum
3586 3928 3770 3980 sustulit?

2248 3998 2483 4060 Equidem
2519 3998 2658 4047 illum
2697 3998 2865 4060 utique
2890 4002 3051 4048 voetra
3089 3997 3353 4061 digniorem
3388 4000 3771 4051 commiseratione

2246 4081 2464 4118 censeam
2494 4087 2505 4115 ε
2528 4068 2889 4117 convenientius
2910 4068 3038 4117 enim
3077 4066 3126 4116 id
3151 4067 3214 4117 sit
3234 4070 3285 4117 et
3301 4068 3527 4119 humanis
3554 4073 3602 4119 et
3633 4066 3773 4118 divinis

2244 4139 2443 4201 legibus.
2476 4140 2778 4200 Quapropter
2813 4150 3010 4199 aequnm
3032 4150 3119 4198 ego
3154 4136 3378 4199 arbitror,
3412 4140 3469 4187 ut
3500 4139 3611 4199 illa,
3639 4150 3773 4200 quem·

2242 4210 2503 4261 admodum
2534 4211 2717 4271 patrem
2742 4209 3016 4258 truculenta
3058 4220 3203 4256 manu
3242 4208 3500 4271 ferreisque
3532 4206 3774 4273 praecordiis

2242 4282 2476 4346 perdidit,
2502 4280 2570 4331 ita
2600 4280 2699 4343 ipsa
2729 4294 2923 4343 quoque
2948 4282 3113 4341 pereat
3139 4280 3189 4327 et
3221 4282 3383 4329 vestro
3418 4282 3468 4329 et
3498 4280 3692 4342 justiti-'e
3710 4280 3773 4327 de·

2242 4356 2389 4404 creto.
2454 4351 2555 4414 (26)
2583 4354 2741 4408 Quam
2778 4348 2907 4400 enim
2935 4362 3104 4399 necem
3130 4348 3333 4400 maritus
3362 4350 3695 4411 invitissimus,
3711 4358 3773 4412 per

2241 4425 2340 4473 vim
2358 4422 2448 4473 sibi
2470 4421 2679 4471 oblatam
2697 4420 2921 4470 toleravit
2935 4418 3197 4468 necessario
3210 4455 3224 4480 ,
3241 4432 3349 4469 eam
3366 4420 3542 4471 mulier
3565 4423 3607 4471 ei
3634 4422 3774 4485 sponte

2239 4506 2353 4553 sua,
2391 4504 2421 4540 a
2459 4490 2650 4540 nemine
2681 4492 2849 4539 coacta
2866 4524 2879 4544 ,
2918 4488 3180 4539 deliberato
3206 4491 3450 4553 proposito
3474 4492 3653 4542 intulit.
3678 4496 3773 4542 Nam

2238 4564 2321 4624 qut
2358 4574 2456 4610 non
2484 4562 2707 4609 mortuus
2742 4560 2805 4609 sit
2836 4573 2919 4622 per
2950 4560 3067 4615 vim,
3093 4559 3318 4619 Judlces,
3356 4560 3439 4623 qui
3474 4560 3523 4609 in
3552 4562 3773 4625 procinctu

2238 4633 2391 4681 staret
2423 4643 2536 4680 cum
2569 4642 2693 4679 nave
2718 4642 2915 4693 peregre
2945 4628 3313 4692 proficiscendi,
3346 4633 3397 4680 et
3426 4631 3556 4694 apud
3590 4633 3774 4681 amit-ur·

2240 4698 2485 4747 hominem
2528 4694 2837 4758 epularetur?
2885 4696 2975 4745 ista
3024 4709 3141 4745 vero
3186 4708 3428 4745 venenum
3482 4698 3701 4753 mittens,
3738 4702 3775 4742 et

2237 4764 2471 4814 mandans
2505 4768 2561 4815 ut
2594 4762 2717 4827 patri
2756 4776 2865 4811 meo
2895 4760 3157 4811 bibendum
3190 4762 3543 4824 propinaretur,
3578 4764 3679 4812 liaec
3720 4762 3775 4811 est

2235 4843 2347 4892 quae
2377 4834 2563 4893 patrem
2592 4842 2755 4880 meum
2788 4828 2980 4877 occidit.
3064 4830 3159 4885 Qut
3184 4828 3286 4889 iam
3325 4827 3450 4876 hanc
3480 4842 3679 4890 aequum
3720 4828 3775 4874 est

2237 4899 2658 4949 commiseratione
2704 4910 2789 4945 seu
2822 4894 3091 4945 reverentia
3128 4894 3354 4956 prosequi
3388 4907 3474 4944 vos
3508 4900 3596 4944 aut
3641 4896 3773 4944 alium

2234 4965 2539 5032 quempiam?
2557 4976 2667 5025 quae
2692 4963 2743 5011 in
2770 4975 2912 5011 suum
2941 4961 3043 5024 ipsa
3072 4962 3299 5008 maritum
3323 4962 3772 5012 commiserationem

2232 5045 2329 5081 non
2346 5030 2511 5080 babuit
2525 5067 2541 5090 ,
2555 5029 2639 5079 sed
2656 5041 2771 5078 eum
2792 5028 2935 5089 impie
2948 5030 2997 5076 et
3010 5025 3237 5087 flagitiose
3251 5028 3462 5077 necavit.
3528 5030 3628 5089 (27)
3650 5033 3762 5078 Dece

2235 5099 2403 5161 utique
2420 5093 2779 5145 misericordem
2800 5107 2902 5143 esse
2925 5105 3036 5155 erga
3058 5092 3257 5142 miseros
3284 5093 3623 5143 involuntariis
3645 5095 3775 5143 infor·

2232 5164 2379 5217 tuniis
2401 5175 2649 5226 oppressos
2664 5162 2826 5225 potius
2844 5172 2993 5222 quam
3012 5172 3123 5219 erga
3142 5172 3248 5209 reos
3266 5160 3499 5210 scelerum
3518 5160 3632 5211 data
3652 5174 3781 5223 opera

2233 5230 2606 5294 designatorum.
2673 5228 2832 5290 Atque
2856 5226 3015 5277 utilia
3045 5226 3173 5277 thori
3196 5226 3271 5277 sui
3294 5229 3567 5279 consortem
3600 5228 3781 5279 sustuht
