<?xml version="1.0" encoding="UTF-8"?>
<!DOCTYPE html PUBLIC "-//W3C//DTD XHTML 1.0 Transitional//EN"
    "http://www.w3.org/TR/xhtml1/DTD/xhtml1-transitional.dtd">
<html xmlns="http://www.w3.org/1999/xhtml" xml:lang="en" lang="en">
 <head>
  <title>
</title>
<meta http-equiv="Content-Type" content="text/html;charset=utf-8" />
  <meta name='ocr-system' content='tesseract 3.04.00' />
  <meta name='ocr-capabilities' content='ocr_page ocr_carea ocr_par ocr_line ocrx_word'/>
</head>
<body>
  <div class='ocr_page' id='page_1' title='image "./oratoresatticia03unkngoog/oratoresatticia03unkngoog_0324.png"; bbox 0 0 3825 5842; ppageno 0'>
   <div class='ocr_carea' id='block_1_1' title="bbox 646 566 760 617">
    <p class='ocr_par' dir='ltr' id='par_1_1' title="bbox 646 566 760 617">
     <span class='ocr_line' id='line_1_1' title="bbox 646 566 760 617; baseline 0.018 -2"><span class='ocrx_word' id='word_1_1' title='bbox 646 566 760 617; x_wconf 82' lang='lat'><strong>308</strong></span> 
     </span>
    </p>
   </div>
   <div class='ocr_carea' id='block_1_2' title="bbox 558 681 2224 5423">
    <p class='ocr_par' dir='ltr' id='par_1_2' title="bbox 558 681 2224 5423">
     <span class='ocr_line' id='line_1_2' title="bbox 640 681 2184 770; baseline -0.001 -20"><span class='ocrx_word' id='word_1_2' title='bbox 640 689 871 769; x_wconf 83' lang='grc' dir='ltr'>ἐγένετο,</span> <span class='ocrx_word' id='word_1_3' title='bbox 900 681 1037 749; x_wconf 72' lang='grc' dir='ltr'>οὗτοι</span> <span class='ocrx_word' id='word_1_4' title='bbox 1066 688 1121 749; x_wconf 83' lang='grc' dir='ltr'>δὲ</span> <span class='ocrx_word' id='word_1_5' title='bbox 1163 689 1675 770; x_wconf 75' lang='grc' dir='ltr'>φιλοχρηματοῦντες</span> <span class='ocrx_word' id='word_1_6' title='bbox 1702 690 1793 750; x_wconf 80' lang='grc' dir='ltr'><strong>καὶ</strong></span> <span class='ocrx_word' id='word_1_7' title='bbox 1820 690 2017 763; x_wconf 83' lang='grc' dir='ltr'>ἐκείνην</span> <span class='ocrx_word' id='word_1_8' title='bbox 2047 692 2184 749; x_wconf 81' lang='grc' dir='ltr'>ἀπο-</span> 
     </span>
     <span class='ocr_line' id='line_1_3' title="bbox 639 776 1764 859; baseline 0.003 -23"><span class='ocrx_word' id='word_1_9' title='bbox 639 782 935 859; x_wconf 75' lang='grc' dir='ltr'>στεροῦντες</span> <span class='ocrx_word' id='word_1_10' title='bbox 952 784 1117 837; x_wconf 76' lang='grc' dir='ltr'>ταῦτα</span> <span class='ocrx_word' id='word_1_11' title='bbox 1139 776 1315 837; x_wconf 78' lang='grc' dir='ltr'>πάντα</span> <span class='ocrx_word' id='word_1_12' title='bbox 1342 777 1764 857; x_wconf 86' lang='grc' dir='ltr'>ἐμηχανήσαντο.</span> 
     </span>
     <span class='ocr_line' id='line_1_4' title="bbox 558 853 2190 947; baseline 0 -21"><span class='ocrx_word' id='word_1_13' title='bbox 558 888 613 929; x_wconf 80' lang='lat' dir='ltr'><strong>so</strong></span> <span class='ocrx_word' id='word_1_14' title='bbox 712 886 781 928; x_wconf 79' lang='lat'><strong>18.</strong></span> <span class='ocrx_word' id='word_1_15' title='bbox 804 862 963 933; x_wconf 82' lang='grc' dir='ltr'>Ἴσως</span> <span class='ocrx_word' id='word_1_16' title='bbox 983 857 1071 925; x_wconf 66' lang='grc' dir='ltr'><strong>οὖν</strong></span> <span class='ocrx_word' id='word_1_17' title='bbox 1088 864 1149 923; x_wconf 79' lang='grc' dir='ltr'><strong>ἄν</strong></span> <span class='ocrx_word' id='word_1_18' title='bbox 1168 888 1267 939; x_wconf 86' lang='grc' dir='ltr'>τις,</span> <span class='ocrx_word' id='word_1_19' title='bbox 1292 853 1335 923; x_wconf 70' lang='grc' dir='ltr'><em>ὦ</em></span> <span class='ocrx_word' id='word_1_20' title='bbox 1356 865 1554 945; x_wconf 80' lang='grc' dir='ltr'>ἄνδρες,</span> <span class='ocrx_word' id='word_1_21' title='bbox 1580 866 1669 925; x_wconf 82' lang='grc' dir='ltr'><strong>τὸν</strong></span> <span class='ocrx_word' id='word_1_22' title='bbox 1688 866 1870 947; x_wconf 86' lang='grc' dir='ltr'>χρόνον</span> <span class='ocrx_word' id='word_1_23' title='bbox 1892 869 2038 943; x_wconf 75' lang='grc' dir='ltr'>ὑμῶν</span> <span class='ocrx_word' id='word_1_24' title='bbox 2059 872 2190 926; x_wconf 89' lang='grc' dir='ltr'>θαυ-</span> 
     </span>
     <span class='ocr_line' id='line_1_5' title="bbox 641 952 2192 1032; baseline 0 -21"><span class='ocrx_word' id='word_1_25' title='bbox 641 953 856 1032; x_wconf 81' lang='grc' dir='ltr'>μάσειε,</span> <span class='ocrx_word' id='word_1_26' title='bbox 886 958 995 1021; x_wconf 84' lang='grc' dir='ltr'><strong>πῶς</strong></span> <span class='ocrx_word' id='word_1_27' title='bbox 1024 976 1151 1013; x_wconf 88' lang='grc' dir='ltr'>ποτε</span> <span class='ocrx_word' id='word_1_28' title='bbox 1182 952 1343 1012; x_wconf 77' lang='grc' dir='ltr'>πολὺν</span> <span class='ocrx_word' id='word_1_29' title='bbox 1372 954 1532 1021; x_wconf 77' lang='grc' dir='ltr'>οὕτως</span> <span class='ocrx_word' id='word_1_30' title='bbox 1555 954 1805 1031; x_wconf 77' lang='grc' dir='ltr'>εἰάσαμεν</span> <span class='ocrx_word' id='word_1_31' title='bbox 1830 954 1922 1013; x_wconf 78' lang='grc' dir='ltr'><strong>καὶ</strong></span> <span class='ocrx_word' id='word_1_32' title='bbox 1963 958 2192 1013; x_wconf 82' lang='grc' dir='ltr'>ἀποστε-</span> 
     </span>
     <span class='ocr_line' id='line_1_6' title="bbox 640 1032 2194 1123; baseline 0.001 -23"><span class='ocrx_word' id='word_1_33' title='bbox 640 1041 878 1121; x_wconf 86' lang='grc' dir='ltr'>ρούμενοι</span> <span class='ocrx_word' id='word_1_34' title='bbox 900 1044 995 1101; x_wconf 78' lang='grc' dir='ltr'><strong>οὐκ</strong></span> <span class='ocrx_word' id='word_1_35' title='bbox 1008 1032 1141 1122; x_wconf 71' lang='grc' dir='ltr'>ᾖμεν</span> <span class='ocrx_word' id='word_1_36' title='bbox 1158 1042 1238 1099; x_wconf 86' lang='grc' dir='ltr'><strong>ἐπ’</strong></span> <span class='ocrx_word' id='word_1_37' title='bbox 1269 1040 1421 1115; x_wconf 81' lang='grc' dir='ltr'>αὐτά,</span> <span class='ocrx_word' id='word_1_38' title='bbox 1446 1038 1582 1099; x_wconf 77' lang='grc' dir='ltr'>ἀλλὰ</span> <span class='ocrx_word' id='word_1_39' title='bbox 1603 1042 1715 1100; x_wconf 76' lang='grc' dir='ltr'>νυνὶ</span> <span class='ocrx_word' id='word_1_40' title='bbox 1741 1042 1862 1123; x_wconf 78' lang='grc' dir='ltr'>περὶ</span> <span class='ocrx_word' id='word_1_41' title='bbox 1890 1045 2058 1102; x_wconf 79' lang='grc' dir='ltr'>αὐτῶν</span> <span class='ocrx_word' id='word_1_42' title='bbox 2077 1040 2194 1109; x_wconf 68' lang='grc' dir='ltr'>τοὺς</span> 
     </span>
     <span class='ocr_line' id='line_1_7' title="bbox 638 1118 2193 1208; baseline 0.001 -22"><span class='ocrx_word' id='word_1_43' title='bbox 638 1126 821 1208; x_wconf 83' lang='grc' dir='ltr'>λόγους</span> <span class='ocrx_word' id='word_1_44' title='bbox 846 1129 1153 1207; x_wconf 75' lang='grc' dir='ltr'><strong>ποιούμεθα.</strong></span> <span class='ocrx_word' id='word_1_45' title='bbox 1177 1126 1319 1207; x_wconf 83' lang='grc' dir='ltr'><strong>Ἐγὼ</strong></span> <span class='ocrx_word' id='word_1_46' title='bbox 1332 1126 1387 1186; x_wconf 82' lang='grc' dir='ltr'>δὲ</span> <span class='ocrx_word' id='word_1_47' title='bbox 1398 1118 1546 1205; x_wconf 77' lang='grc' dir='ltr'>οἶμαι</span> <span class='ocrx_word' id='word_1_48' title='bbox 1560 1127 1652 1205; x_wconf 81' lang='grc' dir='ltr'><strong>μὲν</strong></span> <span class='ocrx_word' id='word_1_49' title='bbox 1668 1131 1723 1188; x_wconf 80' lang='grc' dir='ltr'>οὗ</span> <span class='ocrx_word' id='word_1_50' title='bbox 1741 1128 1937 1189; x_wconf 78' lang='grc' dir='ltr'>δίκαιον</span> <span class='ocrx_word' id='word_1_51' title='bbox 1959 1121 2089 1189; x_wconf 70' lang='grc' dir='ltr'>εἶναι</span> <span class='ocrx_word' id='word_1_52' title='bbox 2107 1127 2193 1187; x_wconf 77' lang='grc' dir='ltr'><strong>διὰ</strong></span> 
     </span>
     <span class='ocr_line' id='line_1_8' title="bbox 638 1214 2193 1296; baseline 0 -21"><span class='ocrx_word' id='word_1_53' title='bbox 638 1222 793 1276; x_wconf 78' lang='grc' dir='ltr'>τοῦτο</span> <span class='ocrx_word' id='word_1_54' title='bbox 816 1215 1034 1275; x_wconf 83' lang='grc' dir='ltr'>ἔλαττον</span> <span class='ocrx_word' id='word_1_55' title='bbox 1056 1214 1213 1296; x_wconf 84' lang='grc' dir='ltr'>ἔχειν,</span> <span class='ocrx_word' id='word_1_56' title='bbox 1254 1214 1396 1282; x_wconf 86' lang='grc' dir='ltr'>εἴτις</span> <span class='ocrx_word' id='word_1_57' title='bbox 1421 1215 1496 1294; x_wconf 83' lang='grc' dir='ltr'><strong>μὴ</strong></span> <span class='ocrx_word' id='word_1_58' title='bbox 1524 1216 1743 1291; x_wconf 78' lang='grc' dir='ltr'>ἐδυνήθη</span> <span class='ocrx_word' id='word_1_59' title='bbox 1764 1214 1801 1289; x_wconf 76' lang='grc' dir='ltr'>ἢ</span> <span class='ocrx_word' id='word_1_60' title='bbox 1826 1217 2193 1295; x_wconf 81' lang='grc' dir='ltr'>κατημέλησεν</span> 
     </span>
     <span class='ocr_line' id='line_1_9' title="bbox 644 1302 2192 1385; baseline 0.001 -23"><span class='ocrx_word' id='word_1_61' title='bbox 644 1305 730 1380; x_wconf 85' lang='grc' dir='ltr'>(οὗ</span> <span class='ocrx_word' id='word_1_62' title='bbox 745 1302 847 1384; x_wconf 76' lang='grc' dir='ltr'>γὰρ</span> <span class='ocrx_word' id='word_1_63' title='bbox 866 1304 1018 1363; x_wconf 79' lang='grc' dir='ltr'>τοῦτό</span> <span class='ocrx_word' id='word_1_64' title='bbox 1030 1306 1139 1362; x_wconf 85' lang='grc' dir='ltr'>ἐστι</span> <span class='ocrx_word' id='word_1_65' title='bbox 1159 1302 1427 1379; x_wconf 81' lang='grc' dir='ltr'>σκεπτέον,</span> <span class='ocrx_word' id='word_1_66' title='bbox 1443 1302 1581 1363; x_wconf 75' lang='grc' dir='ltr'>ἀλλὰ</span> <span class='ocrx_word' id='word_1_67' title='bbox 1601 1303 1658 1363; x_wconf 85' lang='grc' dir='ltr'>τὸ</span> <span class='ocrx_word' id='word_1_68' title='bbox 1682 1314 1903 1385; x_wconf 77' lang='grc' dir='ltr'>πρᾶγμα</span> <span class='ocrx_word' id='word_1_69' title='bbox 1926 1308 1972 1364; x_wconf 84' lang='grc' dir='ltr'><strong>εἷ</strong></span> <span class='ocrx_word' id='word_1_70' title='bbox 1999 1305 2192 1365; x_wconf 85' lang='grc' dir='ltr'>δίκαιον</span> 
     </span>
     <span class='ocr_line' id='line_1_10' title="bbox 638 1390 2193 1474; baseline 0.002 -26"><span class='ocrx_word' id='word_1_71' title='bbox 638 1390 673 1462; x_wconf 81' lang='grc' dir='ltr'>ἢ</span> <span class='ocrx_word' id='word_1_72' title='bbox 720 1390 827 1469; x_wconf 86' lang='grc' dir='ltr'><strong>μή)</strong></span> <span class='ocrx_word' id='word_1_73' title='bbox 846 1413 861 1429; x_wconf 86' lang='grc'><em>·</em></span> <span class='ocrx_word' id='word_1_74' title='bbox 888 1390 1029 1468; x_wconf 75' lang='grc' dir='ltr'>ὅμως</span> <span class='ocrx_word' id='word_1_75' title='bbox 1078 1391 1252 1469; x_wconf 85' lang='grc' dir='ltr'>μέντοι</span> <span class='ocrx_word' id='word_1_76' title='bbox 1296 1392 1390 1451; x_wconf 82' lang='grc' dir='ltr'><strong>καὶ</strong></span> <span class='ocrx_word' id='word_1_77' title='bbox 1424 1392 1545 1474; x_wconf 76' lang='grc' dir='ltr'>περὶ</span> <span class='ocrx_word' id='word_1_78' title='bbox 1590 1391 1787 1452; x_wconf 90' lang='grc' dir='ltr'>τούτων</span> <span class='ocrx_word' id='word_1_79' title='bbox 1828 1394 1994 1453; x_wconf 77' lang='grc' dir='ltr'>αἴτιον</span> <span class='ocrx_word' id='word_1_80' title='bbox 2033 1394 2193 1453; x_wconf 73' lang='grc' dir='ltr'>εἰπεῖν</span> 
     </span>
     <span class='ocr_line' id='line_1_11' title="bbox 642 1468 2196 1561; baseline 0.002 -26"><span class='ocrx_word' id='word_1_81' title='bbox 642 1476 851 1557; x_wconf 80' lang='grc' dir='ltr'>ἔχομεν,</span> <span class='ocrx_word' id='word_1_82' title='bbox 880 1468 925 1537; x_wconf 73' lang='grc' dir='ltr'><em>ὦ</em></span> <span class='ocrx_word' id='word_1_83' title='bbox 944 1478 1143 1559; x_wconf 84' lang='grc' dir='ltr'>ἄνδρες.</span> <span class='ocrx_word' id='word_1_84' title='bbox 1174 1478 1260 1556; x_wconf 75' lang='grc' dir='ltr'>(ιν)</span> <span class='ocrx_word' id='word_1_85' title='bbox 1288 1478 1358 1541; x_wconf 85' lang='lat' dir='ltr'><strong>‘O</strong></span> <span class='ocrx_word' id='word_1_86' title='bbox 1376 1478 1479 1560; x_wconf 76' lang='grc' dir='ltr'>γὰρ</span> <span class='ocrx_word' id='word_1_87' title='bbox 1504 1478 1688 1559; x_wconf 81' lang='grc' dir='ltr'>πατὴρ</span> <span class='ocrx_word' id='word_1_88' title='bbox 1712 1480 1869 1558; x_wconf 80' lang='grc' dir='ltr'>οὑμὸς</span> <span class='ocrx_word' id='word_1_89' title='bbox 1900 1482 1986 1540; x_wconf 83' lang='grc' dir='ltr'><strong>ἐπὶ</strong></span> <span class='ocrx_word' id='word_1_90' title='bbox 2019 1481 2196 1561; x_wconf 81' lang='grc' dir='ltr'>προικὶ</span> 
     </span>
     <span class='ocr_line' id='line_1_12' title="bbox 562 1565 2194 1649; baseline 0 -24"><span class='ocrx_word' id='word_1_91' title='bbox 562 1586 616 1625; x_wconf 75' lang='lat' dir='ltr'><strong>as</strong></span> <span class='ocrx_word' id='word_1_92' title='bbox 640 1566 1028 1645; x_wconf 81' lang='grc' dir='ltr'>ἐγγυησάμενος</span> <span class='ocrx_word' id='word_1_93' title='bbox 1052 1566 1146 1638; x_wconf 80' lang='grc' dir='ltr'><strong>τὴν</strong></span> <span class='ocrx_word' id='word_1_94' title='bbox 1162 1565 1293 1645; x_wconf 80' lang='grc' dir='ltr'>ἐμὴν</span> <span class='ocrx_word' id='word_1_95' title='bbox 1320 1565 1525 1647; x_wconf 82' lang='grc' dir='ltr'>μητέρα</span> <span class='ocrx_word' id='word_1_96' title='bbox 1552 1565 1790 1647; x_wconf 83' lang='grc' dir='ltr'>συνῴκει,</span> <span class='ocrx_word' id='word_1_97' title='bbox 1810 1567 1896 1628; x_wconf 80' lang='grc' dir='ltr'><strong>τὸν</strong></span> <span class='ocrx_word' id='word_1_98' title='bbox 1922 1567 1978 1626; x_wconf 77' lang='grc' dir='ltr'>δὲ</span> <span class='ocrx_word' id='word_1_99' title='bbox 2005 1570 2194 1649; x_wconf 68' lang='grc' dir='ltr'>κλῆρον</span> 
     </span>
     <span class='ocr_line' id='line_1_13' title="bbox 640 1646 2196 1737; baseline 0.001 -24"><span class='ocrx_word' id='word_1_100' title='bbox 640 1652 835 1713; x_wconf 87' lang='grc' dir='ltr'>τούτων</span> <span class='ocrx_word' id='word_1_101' title='bbox 854 1652 1229 1735; x_wconf 77' lang='grc' dir='ltr'>καρπουμένων</span> <span class='ocrx_word' id='word_1_102' title='bbox 1256 1656 1350 1713; x_wconf 82' lang='grc' dir='ltr'><strong>οὐκ</strong></span> <span class='ocrx_word' id='word_1_103' title='bbox 1378 1646 1519 1735; x_wconf 72' lang='grc' dir='ltr'>εἶχεν</span> <span class='ocrx_word' id='word_1_104' title='bbox 1552 1654 1691 1721; x_wconf 77' lang='grc' dir='ltr'>ὅπως</span> <span class='ocrx_word' id='word_1_105' title='bbox 1715 1655 2052 1737; x_wconf 74' lang='grc' dir='ltr'>εἰσπράξαιτο</span> <span class='ocrx_word' id='word_1_106' title='bbox 2068 1678 2085 1694; x_wconf 87' lang='grc'><em>·</em></span> <span class='ocrx_word' id='word_1_107' title='bbox 2111 1654 2196 1714; x_wconf 79' lang='grc' dir='ltr'><strong>ὅτε</strong></span> 
     </span>
     <span class='ocr_line' id='line_1_14' title="bbox 639 1741 2199 1825; baseline 0.002 -24"><span class='ocrx_word' id='word_1_108' title='bbox 639 1741 742 1824; x_wconf 77' lang='grc' dir='ltr'>γὰρ</span> <span class='ocrx_word' id='word_1_109' title='bbox 770 1766 836 1803; x_wconf 87' lang='grc' dir='ltr'><strong>πε</strong></span> <span class='ocrx_word' id='word_1_110' title='bbox 870 1742 891 1801; x_wconf 71' lang='grc' dir='ltr'>ἰ</span> <span class='ocrx_word' id='word_1_111' title='bbox 916 1744 1076 1801; x_wconf 80' lang='grc' dir='ltr'>αὔτοῧ</span> <span class='ocrx_word' id='word_1_112' title='bbox 1098 1741 1283 1822; x_wconf 78' lang='grc' dir='ltr'>λόγους</span> <span class='ocrx_word' id='word_1_113' title='bbox 1308 1744 1594 1817; x_wconf 83' lang='grc' dir='ltr'>ἐποιήσατο</span> <span class='ocrx_word' id='word_1_114' title='bbox 1620 1748 1712 1816; x_wconf 73' lang='grc' dir='ltr'><strong>τῆς</strong></span> <span class='ocrx_word' id='word_1_115' title='bbox 1736 1744 1934 1825; x_wconf 81' lang='grc' dir='ltr'>μητρὸς</span> <span class='ocrx_word' id='word_1_116' title='bbox 1955 1742 2199 1804; x_wconf 86' lang='grc' dir='ltr'>κελευού-</span> 
     </span>
     <span class='ocr_line' id='line_1_15' title="bbox 644 1830 2198 1911; baseline 0.001 -24"><span class='ocrx_word' id='word_1_117' title='bbox 644 1851 765 1903; x_wconf 89' lang='grc' dir='ltr'>σης,</span> <span class='ocrx_word' id='word_1_118' title='bbox 786 1852 814 1887; x_wconf 91' lang='lat' dir='ltr'><strong>o</strong></span> <span class='ocrx_word' id='word_1_119' title='bbox 847 1852 925 1888; x_wconf 90' lang='grc' dir='ltr'><strong>τοι</strong></span> <span class='ocrx_word' id='word_1_120' title='bbox 940 1834 1109 1889; x_wconf 76' lang='grc' dir='ltr'>ταῦτα</span> <span class='ocrx_word' id='word_1_121' title='bbox 1134 1830 1277 1911; x_wconf 79' lang='grc' dir='ltr'>αὐτῷ</span> <span class='ocrx_word' id='word_1_122' title='bbox 1300 1830 1615 1904; x_wconf 78' lang='grc' dir='ltr'>ἠπείλησαν,</span> <span class='ocrx_word' id='word_1_123' title='bbox 1644 1831 1789 1889; x_wconf 80' lang='grc' dir='ltr'>αὐτοὶ</span> <span class='ocrx_word' id='word_1_124' title='bbox 1814 1830 2198 1909; x_wconf 86' lang='grc' dir='ltr'>ἐπιδικασάμε-</span> 
     </span>
     <span class='ocr_line' id='line_1_16' title="bbox 641 1914 2196 1999; baseline 0.003 -25"><span class='ocrx_word' id='word_1_125' title='bbox 641 1938 719 1975; x_wconf 91' lang='grc' dir='ltr'><strong>νοι</strong></span> <span class='ocrx_word' id='word_1_126' title='bbox 746 1915 907 1989; x_wconf 73' lang='grc' dir='ltr'>αὐτὴν</span> <span class='ocrx_word' id='word_1_127' title='bbox 933 1914 1080 1991; x_wconf 77' lang='grc' dir='ltr'>ἕξειν,</span> <span class='ocrx_word' id='word_1_128' title='bbox 1104 1918 1149 1976; x_wconf 82' lang='grc' dir='ltr'><strong>εἷ</strong></span> <span class='ocrx_word' id='word_1_129' title='bbox 1175 1914 1250 1994; x_wconf 79' lang='grc' dir='ltr'><strong>μὴ</strong></span> <span class='ocrx_word' id='word_1_130' title='bbox 1282 1916 1521 1996; x_wconf 87' lang='grc' dir='ltr'>βούλοιτο</span> <span class='ocrx_word' id='word_1_131' title='bbox 1546 1916 1698 1984; x_wconf 82' lang='grc' dir='ltr'>αὐτὸς</span> <span class='ocrx_word' id='word_1_132' title='bbox 1725 1916 1812 1975; x_wconf 78' lang='grc' dir='ltr'><strong>ἐπὶ</strong></span> <span class='ocrx_word' id='word_1_133' title='bbox 1833 1916 2014 1998; x_wconf 81' lang='grc' dir='ltr'>προικὶ</span> <span class='ocrx_word' id='word_1_134' title='bbox 2037 1916 2196 1999; x_wconf 81' lang='grc' dir='ltr'>ἔχειν.</span> 
     </span>
     <span class='ocr_line' id='line_1_17' title="bbox 642 2004 2200 2089; baseline -0.002 -22"><span class='ocrx_word' id='word_1_135' title='bbox 642 2004 711 2067; x_wconf 91' lang='lat'><strong>‘0</strong></span> <span class='ocrx_word' id='word_1_136' title='bbox 754 2004 810 2065; x_wconf 73' lang='grc' dir='ltr'>δὲ</span> <span class='ocrx_word' id='word_1_137' title='bbox 844 2005 1050 2089; x_wconf 82' lang='grc' dir='ltr'>πατήρ,</span> <span class='ocrx_word' id='word_1_138' title='bbox 1096 2004 1232 2066; x_wconf 80' lang='grc' dir='ltr'>ὥστε</span> <span class='ocrx_word' id='word_1_139' title='bbox 1259 2011 1353 2079; x_wconf 80' lang='grc' dir='ltr'><strong>τῆς</strong></span> <span class='ocrx_word' id='word_1_140' title='bbox 1395 2004 1591 2088; x_wconf 79' lang='grc' dir='ltr'>μητρὸς</span> <span class='ocrx_word' id='word_1_141' title='bbox 1630 2004 1705 2083; x_wconf 75' lang='grc' dir='ltr'><strong>μὴ</strong></span> <span class='ocrx_word' id='word_1_142' title='bbox 1742 2010 2075 2087; x_wconf 76' lang='grc' dir='ltr'>στερηθῆναι,</span> <span class='ocrx_word' id='word_1_143' title='bbox 2109 2005 2200 2065; x_wconf 77' lang='grc' dir='ltr'><strong>καὶ</strong></span> 
     </span>
     <span class='ocr_line' id='line_1_18' title="bbox 642 2092 2197 2175; baseline -0.001 -22"><span class='ocrx_word' id='word_1_144' title='bbox 642 2093 720 2162; x_wconf 73' lang='grc' dir='ltr'><strong>δὶς</strong></span> <span class='ocrx_word' id='word_1_145' title='bbox 758 2100 989 2154; x_wconf 80' lang='grc' dir='ltr'>τοσαῦτα</span> <span class='ocrx_word' id='word_1_146' title='bbox 1024 2094 1277 2174; x_wconf 84' lang='grc' dir='ltr'>χρήματα</span> <span class='ocrx_word' id='word_1_147' title='bbox 1325 2093 1499 2155; x_wconf 84' lang='grc' dir='ltr'>εἴασεν</span> <span class='ocrx_word' id='word_1_148' title='bbox 1528 2092 1590 2155; x_wconf 79' lang='grc' dir='ltr'><strong>ἂν</strong></span> <span class='ocrx_word' id='word_1_149' title='bbox 1630 2092 1813 2162; x_wconf 77' lang='grc' dir='ltr'>αὐτοὺς</span> <span class='ocrx_word' id='word_1_150' title='bbox 1850 2098 2197 2175; x_wconf 78' lang='grc' dir='ltr'>καρποῦσθαι.</span> 
     </span>
     <span class='ocr_line' id='line_1_19' title="bbox 560 2180 2224 2265; baseline -0.002 -20"><span class='ocrx_word' id='word_1_151' title='bbox 560 2206 613 2245; x_wconf 72' lang='lat'><strong>⁴0</strong></span> <span class='ocrx_word' id='word_1_152' title='bbox 644 2181 736 2261; x_wconf 72' lang='lat' dir='ltr'><strong>(eo)</strong></span> <span class='ocrx_word' id='word_1_153' title='bbox 776 2183 887 2242; x_wconf 80' lang='grc' dir='ltr'><strong>Καὶ</strong></span> <span class='ocrx_word' id='word_1_154' title='bbox 914 2188 1005 2241; x_wconf 75' lang='grc' dir='ltr'><strong>τοῦ</strong></span> <span class='ocrx_word' id='word_1_155' title='bbox 1029 2182 1124 2261; x_wconf 70' lang='grc' dir='ltr'><strong>μὲν</strong></span> <span class='ocrx_word' id='word_1_156' title='bbox 1161 2182 1251 2242; x_wconf 78' lang='grc' dir='ltr'><strong>τὸν</strong></span> <span class='ocrx_word' id='word_1_157' title='bbox 1278 2184 1482 2265; x_wconf 89' lang='grc' dir='ltr'>πατέρα</span> <span class='ocrx_word' id='word_1_158' title='bbox 1513 2181 1589 2261; x_wconf 78' lang='grc' dir='ltr'><strong>μὴ</strong></span> <span class='ocrx_word' id='word_1_159' title='bbox 1628 2181 1918 2251; x_wconf 80' lang='grc' dir='ltr'>ἐπεξελθεῖν</span> <span class='ocrx_word' id='word_1_160' title='bbox 1949 2183 2078 2263; x_wconf 80' lang='grc' dir='ltr'>ὑπὲρ</span> <span class='ocrx_word' id='word_1_161' title='bbox 2107 2180 2224 2241; x_wconf 85' lang='grc' dir='ltr'>τού-</span> 
     </span>
     <span class='ocr_line' id='line_1_20' title="bbox 642 2265 2201 2349; baseline -0.001 -21"><span class='ocrx_word' id='word_1_162' title='bbox 642 2293 746 2329; x_wconf 89' lang='grc' dir='ltr'>των</span> <span class='ocrx_word' id='word_1_163' title='bbox 764 2267 916 2328; x_wconf 77' lang='grc' dir='ltr'>τοῢτό</span> <span class='ocrx_word' id='word_1_164' title='bbox 935 2271 1044 2328; x_wconf 80' lang='grc' dir='ltr'>ἐστι</span> <span class='ocrx_word' id='word_1_165' title='bbox 1072 2268 1132 2328; x_wconf 80' lang='grc' dir='ltr'>τὸ</span> <span class='ocrx_word' id='word_1_166' title='bbox 1160 2268 1350 2329; x_wconf 80' lang='grc' dir='ltr'>αἴτιον·</span> <span class='ocrx_word' id='word_1_167' title='bbox 1374 2270 1511 2348; x_wconf 80' lang='grc' dir='ltr'>μετὰ</span> <span class='ocrx_word' id='word_1_168' title='bbox 1537 2268 1592 2329; x_wconf 84' lang='grc' dir='ltr'>δὲ</span> <span class='ocrx_word' id='word_1_169' title='bbox 1614 2274 1781 2329; x_wconf 76' lang='grc' dir='ltr'>ταῦτα</span> <span class='ocrx_word' id='word_1_170' title='bbox 1807 2271 1835 2326; x_wconf 82' lang='grc' dir='ltr'>ὁ</span> <span class='ocrx_word' id='word_1_171' title='bbox 1860 2265 2201 2349; x_wconf 81' lang='grc' dir='ltr'>Κορινθιακὸς</span> 
     </span>
     <span class='ocr_line' id='line_1_21' title="bbox 643 2348 2202 2438; baseline -0.001 -22"><span class='ocrx_word' id='word_1_172' title='bbox 643 2356 868 2434; x_wconf 84' lang='grc' dir='ltr'>πόλεμος</span> <span class='ocrx_word' id='word_1_173' title='bbox 886 2355 1090 2433; x_wconf 77' lang='grc' dir='ltr'>ἐγένετο</span> <span class='ocrx_word' id='word_1_174' title='bbox 1103 2400 1119 2430; x_wconf 90' lang='grc'>,</span> <span class='ocrx_word' id='word_1_175' title='bbox 1142 2358 1195 2416; x_wconf 85' lang='grc' dir='ltr'><strong>ἐν</strong></span> <span class='ocrx_word' id='word_1_176' title='bbox 1212 2348 1255 2437; x_wconf 76' lang='grc' dir='ltr'>ᾧ</span> <span class='ocrx_word' id='word_1_177' title='bbox 1278 2356 1381 2436; x_wconf 77' lang='grc' dir='ltr'><strong>ἐγὼ</strong></span> <span class='ocrx_word' id='word_1_178' title='bbox 1398 2360 1631 2427; x_wconf 79' lang='grc' dir='ltr'>κάκεῖνος</span> <span class='ocrx_word' id='word_1_179' title='bbox 1650 2354 2022 2438; x_wconf 82' lang='grc' dir='ltr'>στρατεύεσθαι</span> <span class='ocrx_word' id='word_1_180' title='bbox 2041 2358 2202 2435; x_wconf 78' lang='grc' dir='ltr'>ἠναγ-</span> 
     </span>
     <span class='ocr_line' id='line_1_22' title="bbox 643 2442 2202 2528; baseline -0.001 -23"><span class='ocrx_word' id='word_1_181' title='bbox 643 2444 933 2523; x_wconf 86' lang='grc' dir='ltr'>καζόμεθα,</span> <span class='ocrx_word' id='word_1_182' title='bbox 980 2442 1114 2505; x_wconf 80' lang='grc' dir='ltr'>ὥστε</span> <span class='ocrx_word' id='word_1_183' title='bbox 1160 2445 1413 2528; x_wconf 78' lang='grc' dir='ltr'>οὐδετέρῳ</span> <span class='ocrx_word' id='word_1_184' title='bbox 1458 2447 1523 2505; x_wconf 74' lang='grc' dir='ltr'><strong>ἂν</strong></span> <span class='ocrx_word' id='word_1_185' title='bbox 1569 2448 1722 2524; x_wconf 82' lang='grc' dir='ltr'>ἡμῶν</span> <span class='ocrx_word' id='word_1_186' title='bbox 1757 2443 1904 2517; x_wconf 89' lang='grc' dir='ltr'>δίκην</span> <span class='ocrx_word' id='word_1_187' title='bbox 1945 2442 2202 2523; x_wconf 77' lang='grc' dir='ltr'>ἐξεγένετο</span> 
     </span>
     <span class='ocr_line' id='line_1_23' title="bbox 643 2525 2202 2615; baseline -0.001 -22"><span class='ocrx_word' id='word_1_188' title='bbox 643 2534 845 2593; x_wconf 78' lang='grc' dir='ltr'>λαὸεἴν.</span> <span class='ocrx_word' id='word_1_189' title='bbox 872 2533 1101 2615; x_wconf 78' lang='grc' dir='ltr'>Εἰρήνης</span> <span class='ocrx_word' id='word_1_190' title='bbox 1122 2538 1169 2593; x_wconf 88' lang='grc' dir='ltr'>τ’</span> <span class='ocrx_word' id='word_1_191' title='bbox 1194 2525 1262 2593; x_wconf 67' lang='grc' dir='ltr'><strong>αὖ</strong></span> <span class='ocrx_word' id='word_1_192' title='bbox 1288 2534 1568 2614; x_wconf 79' lang='grc' dir='ltr'>γενομένης</span> <span class='ocrx_word' id='word_1_193' title='bbox 1592 2533 1709 2611; x_wconf 84' lang='grc' dir='ltr'>ἐμοί</span> <span class='ocrx_word' id='word_1_194' title='bbox 1728 2558 1779 2592; x_wconf 91' lang='grc' dir='ltr'><strong>τι</strong></span> <span class='ocrx_word' id='word_1_195' title='bbox 1799 2532 2050 2612; x_wconf 80' lang='grc' dir='ltr'>ἀτύχημα</span> <span class='ocrx_word' id='word_1_196' title='bbox 2073 2530 2202 2613; x_wconf 76' lang='grc' dir='ltr'>πρὸς</span> 
     </span>
     <span class='ocr_line' id='line_1_24' title="bbox 644 2610 2202 2703; baseline -0.001 -22"><span class='ocrx_word' id='word_1_197' title='bbox 644 2620 705 2681; x_wconf 81' lang='grc' dir='ltr'>τὸ</span> <span class='ocrx_word' id='word_1_198' title='bbox 725 2620 974 2699; x_wconf 87' lang='grc' dir='ltr'>δημόσιον</span> <span class='ocrx_word' id='word_1_199' title='bbox 996 2620 1206 2696; x_wconf 73' lang='grc' dir='ltr'>συνέὸη,</span> <span class='ocrx_word' id='word_1_200' title='bbox 1227 2620 1362 2682; x_wconf 78' lang='grc' dir='ltr'>ὥστε</span> <span class='ocrx_word' id='word_1_201' title='bbox 1388 2620 1461 2699; x_wconf 85' lang='grc' dir='ltr'><strong>μὴ</strong></span> <span class='ocrx_word' id='word_1_202' title='bbox 1491 2619 1665 2703; x_wconf 77' lang='grc' dir='ltr'>ῥᾴδιον</span> <span class='ocrx_word' id='word_1_203' title='bbox 1690 2610 1822 2678; x_wconf 72' lang='grc' dir='ltr'>εἶναι</span> <span class='ocrx_word' id='word_1_204' title='bbox 1844 2619 1972 2699; x_wconf 83' lang='grc' dir='ltr'>πρὸς</span> <span class='ocrx_word' id='word_1_205' title='bbox 1993 2617 2202 2687; x_wconf 76' lang='grc' dir='ltr'>τούτους</span> 
     </span>
     <span class='ocr_line' id='line_1_25' title="bbox 652 2706 2200 2791; baseline -0.001 -24"><span class='ocrx_word' id='word_1_206' title='bbox 652 2709 1005 2791; x_wconf 78' lang='grc' dir='ltr'>διαφέρεσθαι.</span> <span class='ocrx_word' id='word_1_207' title='bbox 1034 2708 1211 2771; x_wconf 83' lang='grc' dir='ltr'>Ὥστε</span> <span class='ocrx_word' id='word_1_208' title='bbox 1238 2711 1297 2769; x_wconf 83' lang='grc' dir='ltr'>οὗ</span> <span class='ocrx_word' id='word_1_209' title='bbox 1324 2706 1512 2789; x_wconf 75' lang='grc' dir='ltr'>μικρὰς</span> <span class='ocrx_word' id='word_1_210' title='bbox 1532 2708 1721 2789; x_wconf 81' lang='grc' dir='ltr'>ἔχομεν</span> <span class='ocrx_word' id='word_1_211' title='bbox 1763 2706 1932 2774; x_wconf 76' lang='grc' dir='ltr'>αἰτίας</span> <span class='ocrx_word' id='word_1_212' title='bbox 1953 2707 2075 2789; x_wconf 84' lang='grc' dir='ltr'>περὶ</span> <span class='ocrx_word' id='word_1_213' title='bbox 2111 2712 2200 2767; x_wconf 80' lang='grc' dir='ltr'><strong>τοῦ</strong></span> 
     </span>
     <span class='ocr_line' id='line_1_26' title="bbox 649 2794 2202 2879; baseline -0.001 -23"><span class='ocrx_word' id='word_1_214' title='bbox 649 2798 975 2879; x_wconf 80' lang='grc' dir='ltr'>πράγματος.</span> <span class='ocrx_word' id='word_1_215' title='bbox 1084 2799 1175 2877; x_wconf 79' lang='lat'>(21)</span> <span class='ocrx_word' id='word_1_216' title='bbox 1230 2796 1310 2857; x_wconf 82' lang='grc' dir='ltr'><strong>Ἀ)</strong></span> <span class='ocrx_word' id='word_1_217' title='bbox 1320 2794 1389 2857; x_wconf 71' lang='grc' dir='ltr'><strong>λὰ</strong></span> <span class='ocrx_word' id='word_1_218' title='bbox 1436 2796 1548 2857; x_wconf 82' lang='grc' dir='ltr'>νυνὶ</span> <span class='ocrx_word' id='word_1_219' title='bbox 1590 2795 1788 2856; x_wconf 88' lang='grc' dir='ltr'>δίκαιον</span> <span class='ocrx_word' id='word_1_220' title='bbox 1834 2796 2002 2855; x_wconf 85' lang='grc' dir='ltr'>εἰπεῖν</span> <span class='ocrx_word' id='word_1_221' title='bbox 2043 2798 2202 2871; x_wconf 84' lang='grc' dir='ltr'>ἐστιν,</span> 
     </span>
     <span class='ocr_line' id='line_1_27' title="bbox 644 2873 2203 2967; baseline -0.001 -22"><span class='ocrx_word' id='word_1_222' title='bbox 644 2873 689 2945; x_wconf 65' lang='grc' dir='ltr'><em>ὦ</em></span> <span class='ocrx_word' id='word_1_223' title='bbox 714 2886 925 2967; x_wconf 78' lang='grc' dir='ltr'>ἄνδρες,</span> <span class='ocrx_word' id='word_1_224' title='bbox 950 2885 1085 2953; x_wconf 88' lang='grc' dir='ltr'>τίνος</span> <span class='ocrx_word' id='word_1_225' title='bbox 1114 2884 1287 2954; x_wconf 86' lang='grc' dir='ltr'>δόντος</span> <span class='ocrx_word' id='word_1_226' title='bbox 1318 2884 1402 2944; x_wconf 82' lang='grc' dir='ltr'><strong>τὸν</strong></span> <span class='ocrx_word' id='word_1_227' title='bbox 1421 2887 1633 2964; x_wconf 77' lang='grc' dir='ltr'>κλῆρον,</span> <span class='ocrx_word' id='word_1_228' title='bbox 1658 2882 1794 2944; x_wconf 78' lang='grc' dir='ltr'>κατὰ</span> <span class='ocrx_word' id='word_1_229' title='bbox 1813 2882 1992 2952; x_wconf 88' lang='grc' dir='ltr'>ποίους</span> <span class='ocrx_word' id='word_1_230' title='bbox 2019 2882 2203 2962; x_wconf 85' lang='grc' dir='ltr'>νόμους</span> 
     </span>
     <span class='ocr_line' id='line_1_28' title="bbox 572 2962 2202 3055; baseline -0.002 -22"><span class='ocrx_word' id='word_1_231' title='bbox 572 2974 715 3041; x_wconf 77' lang='grc' dir='ltr'>82εἶς</span> <span class='ocrx_word' id='word_1_232' title='bbox 732 2972 853 3042; x_wconf 76' lang='grc' dir='ltr'>τοὺς</span> <span class='ocrx_word' id='word_1_233' title='bbox 881 2973 1142 3055; x_wconf 76' lang='grc' dir='ltr'>φράτορας</span> <span class='ocrx_word' id='word_1_234' title='bbox 1172 2976 1443 3048; x_wconf 76' lang='grc' dir='ltr'>εἰσῆκται,</span> <span class='ocrx_word' id='word_1_235' title='bbox 1464 2972 1556 3031; x_wconf 79' lang='grc' dir='ltr'><strong>καὶ</strong></span> <span class='ocrx_word' id='word_1_236' title='bbox 1581 2976 1694 3039; x_wconf 85' lang='grc' dir='ltr'><strong>πῶς</strong></span> <span class='ocrx_word' id='word_1_237' title='bbox 1717 2973 1815 3031; x_wconf 76' lang='grc' dir='ltr'><strong>οὐκ</strong></span> <span class='ocrx_word' id='word_1_238' title='bbox 1843 2970 2119 3053; x_wconf 84' lang='grc' dir='ltr'>ἐπίκληρος</span> <span class='ocrx_word' id='word_1_239' title='bbox 2139 2962 2202 3045; x_wconf 68' lang='grc' dir='ltr'><strong>ἦν</strong></span> 
     </span>
     <span class='ocr_line' id='line_1_29' title="bbox 646 3058 2204 3142; baseline -0.003 -20"><span class='ocrx_word' id='word_1_240' title='bbox 646 3060 732 3122; x_wconf 79' lang='grc' dir='ltr'><strong>ἐπὶ</strong></span> <span class='ocrx_word' id='word_1_241' title='bbox 755 3058 955 3129; x_wconf 82' lang='grc' dir='ltr'>τούτοις</span> <span class='ocrx_word' id='word_1_242' title='bbox 986 3060 1256 3142; x_wconf 78' lang='grc' dir='ltr'>χρήμασιν</span> <span class='ocrx_word' id='word_1_243' title='bbox 1285 3065 1319 3132; x_wconf 86' lang='grc' dir='ltr'>ἡ</span> <span class='ocrx_word' id='word_1_244' title='bbox 1344 3059 1446 3138; x_wconf 84' lang='grc' dir='ltr'><strong>ἐμὴ</strong></span> <span class='ocrx_word' id='word_1_245' title='bbox 1478 3059 1674 3141; x_wconf 85' lang='grc' dir='ltr'>μήτηρ.</span> <span class='ocrx_word' id='word_1_246' title='bbox 1755 3063 1944 3121; x_wconf 82' lang='grc' dir='ltr'>Ταῦτα</span> <span class='ocrx_word' id='word_1_247' title='bbox 1966 3058 2068 3139; x_wconf 86' lang='grc' dir='ltr'>γάρ</span> <span class='ocrx_word' id='word_1_248' title='bbox 2093 3061 2204 3119; x_wconf 88' lang='grc' dir='ltr'>ἐστι</span> 
     </span>
     <span class='ocr_line' id='line_1_30' title="bbox 644 3140 2197 3231; baseline -0.001 -22"><span class='ocrx_word' id='word_1_249' title='bbox 644 3148 765 3231; x_wconf 77' lang='grc' dir='ltr'>περὶ</span> <span class='ocrx_word' id='word_1_250' title='bbox 788 3140 861 3207; x_wconf 68' lang='grc' dir='ltr'><strong>ὧν</strong></span> <span class='ocrx_word' id='word_1_251' title='bbox 885 3152 1022 3227; x_wconf 65' lang='grc' dir='ltr'>ὑμᾶς</span> <span class='ocrx_word' id='word_1_252' title='bbox 1050 3151 1127 3208; x_wconf 87' lang='grc' dir='ltr'><strong>δεῖ</strong></span> <span class='ocrx_word' id='word_1_253' title='bbox 1150 3148 1245 3221; x_wconf 80' lang='grc' dir='ltr'><strong>τὴν</strong></span> <span class='ocrx_word' id='word_1_254' title='bbox 1272 3153 1443 3231; x_wconf 75' lang='grc' dir='ltr'>ψῆφον</span> <span class='ocrx_word' id='word_1_255' title='bbox 1473 3150 1724 3227; x_wconf 84' lang='grc' dir='ltr'>ἐνεγκεῖν,</span> <span class='ocrx_word' id='word_1_256' title='bbox 1749 3148 1846 3205; x_wconf 79' lang='grc' dir='ltr'><strong>οὐκ</strong></span> <span class='ocrx_word' id='word_1_257' title='bbox 1876 3150 1922 3206; x_wconf 80' lang='grc' dir='ltr'><strong>εἰ</strong></span> <span class='ocrx_word' id='word_1_258' title='bbox 1943 3146 2118 3228; x_wconf 83' lang='grc' dir='ltr'>χρόνῳ</span> <span class='ocrx_word' id='word_1_259' title='bbox 2144 3169 2197 3207; x_wconf 83' lang='grc' dir='ltr'><strong>τι</strong></span> 
     </span>
     <span class='ocr_line' id='line_1_31' title="bbox 644 3233 2202 3319; baseline -0.002 -22"><span class='ocrx_word' id='word_1_260' title='bbox 644 3236 859 3318; x_wconf 72' lang='grc' dir='ltr'>ὕστερον</span> <span class='ocrx_word' id='word_1_261' title='bbox 880 3238 1031 3313; x_wconf 76' lang='grc' dir='ltr'>ἡμεῖς</span> <span class='ocrx_word' id='word_1_262' title='bbox 1047 3240 1151 3295; x_wconf 82' lang='grc' dir='ltr'><strong>τῶν</strong></span> <span class='ocrx_word' id='word_1_263' title='bbox 1172 3236 1443 3319; x_wconf 77' lang='grc' dir='ltr'>ἡμετέρων</span> <span class='ocrx_word' id='word_1_264' title='bbox 1466 3235 1907 3317; x_wconf 75' lang='grc' dir='ltr'>εἷσπραττόμεθα.</span> <span class='ocrx_word' id='word_1_265' title='bbox 1930 3233 2028 3307; x_wconf 79' lang='grc' dir='ltr'><strong>Μὴ</strong></span> <span class='ocrx_word' id='word_1_266' title='bbox 2049 3236 2202 3307; x_wconf 87' lang='grc' dir='ltr'>δυνη-</span> 
     </span>
     <span class='ocr_line' id='line_1_32' title="bbox 646 3311 2205 3402; baseline -0.003 -19"><span class='ocrx_word' id='word_1_267' title='bbox 646 3324 833 3385; x_wconf 79' lang='grc' dir='ltr'>θέντων</span> <span class='ocrx_word' id='word_1_268' title='bbox 875 3321 931 3381; x_wconf 66' lang='lat' dir='ltr'><strong>ei</strong></span> <span class='ocrx_word' id='word_1_269' title='bbox 954 3320 1205 3391; x_wconf 80' lang='grc' dir='ltr'>ἐπιδεῖξαι</span> <span class='ocrx_word' id='word_1_270' title='bbox 1226 3366 1244 3402; x_wconf 89' lang='grc'>,</span> <span class='ocrx_word' id='word_1_271' title='bbox 1269 3321 1482 3389; x_wconf 79' lang='grc' dir='ltr'>δικαίως</span> <span class='ocrx_word' id='word_1_272' title='bbox 1508 3320 1570 3381; x_wconf 74' lang='grc' dir='ltr'><strong>ἂν</strong></span> <span class='ocrx_word' id='word_1_273' title='bbox 1602 3320 1725 3399; x_wconf 78' lang='grc' dir='ltr'>ἐμὸν</span> <span class='ocrx_word' id='word_1_274' title='bbox 1755 3320 1911 3381; x_wconf 76' lang='grc' dir='ltr'>αὐτὸν</span> <span class='ocrx_word' id='word_1_275' title='bbox 1937 3311 2070 3381; x_wconf 76' lang='grc' dir='ltr'>εἶναι</span> <span class='ocrx_word' id='word_1_276' title='bbox 2091 3322 2205 3402; x_wconf 81' lang='grc' dir='ltr'><strong>ψη-</strong></span> 
     </span>
     <span class='ocr_line' id='line_1_33' title="bbox 687 3413 907 3471; baseline 0 -2"><span class='ocrx_word' id='word_1_277' title='bbox 687 3413 907 3471; x_wconf 84' lang='grc' dir='ltr'>ίσαισθε.</span> 
     </span>
     <span class='ocr_line' id='line_1_34' title="bbox 647 3434 2203 3576; baseline -0.003 -19"><span class='ocrx_word' id='word_1_278' title='bbox 647 3434 681 3492; x_wconf 67' lang='grc' dir='ltr'><strong>φ</strong></span> <span class='ocrx_word' id='word_1_279' title='bbox 726 3519 803 3559; x_wconf 76' lang='lat'><strong>22.</strong></span> <span class='ocrx_word' id='word_1_280' title='bbox 845 3500 1017 3557; x_wconf 76' lang='grc' dir='ltr'>Τοῦτο</span> <span class='ocrx_word' id='word_1_281' title='bbox 1048 3495 1142 3575; x_wconf 79' lang='grc' dir='ltr'><strong>μὲν</strong></span> <span class='ocrx_word' id='word_1_282' title='bbox 1180 3486 1275 3555; x_wconf 78' lang='grc' dir='ltr'>οἷδ’</span> <span class='ocrx_word' id='word_1_283' title='bbox 1316 3496 1395 3555; x_wconf 77' lang='grc' dir='ltr'><strong>ὅτι</strong></span> <span class='ocrx_word' id='word_1_284' title='bbox 1434 3496 1600 3554; x_wconf 83' lang='grc' dir='ltr'>ποιεῖν</span> <span class='ocrx_word' id='word_1_285' title='bbox 1628 3497 1729 3576; x_wconf 77' lang='grc' dir='ltr'>οὐχ</span> <span class='ocrx_word' id='word_1_286' title='bbox 1758 3488 1861 3555; x_wconf 81' lang='grc' dir='ltr'>οἷοί</span> <span class='ocrx_word' id='word_1_287' title='bbox 1888 3494 1936 3555; x_wconf 89' lang='grc' dir='ltr'>τ’</span> <span class='ocrx_word' id='word_1_288' title='bbox 1965 3493 2172 3556; x_wconf 64' lang='grc' dir='ltr'>ἔσονται</span> <span class='ocrx_word' id='word_1_289' title='bbox 2188 3519 2203 3535; x_wconf 86' lang='grc'><em>·</em></span> 
     </span>
     <span class='ocr_line' id='line_1_35' title="bbox 591 3582 2202 3667; baseline 0 -24"><span class='ocrx_word' id='word_1_290' title='bbox 591 3610 617 3649; x_wconf 73' lang='lat' dir='ltr'><strong>s</strong></span> <span class='ocrx_word' id='word_1_291' title='bbox 644 3584 877 3667; x_wconf 80' lang='grc' dir='ltr'>χαλεπὸν</span> <span class='ocrx_word' id='word_1_292' title='bbox 906 3588 1007 3663; x_wconf 75' lang='grc' dir='ltr'>γὰρ</span> <span class='ocrx_word' id='word_1_293' title='bbox 1028 3586 1154 3665; x_wconf 86' lang='grc' dir='ltr'>πρὸς</span> <span class='ocrx_word' id='word_1_294' title='bbox 1182 3582 1371 3660; x_wconf 84' lang='grc' dir='ltr'>νόμους</span> <span class='ocrx_word' id='word_1_295' title='bbox 1405 3582 1496 3642; x_wconf 76' lang='grc' dir='ltr'><strong>καὶ</strong></span> <span class='ocrx_word' id='word_1_296' title='bbox 1521 3583 1716 3642; x_wconf 89' lang='grc' dir='ltr'>δίκαιον</span> <span class='ocrx_word' id='word_1_297' title='bbox 1743 3592 1968 3663; x_wconf 71' lang='grc' dir='ltr'>πρᾶγμα</span> <span class='ocrx_word' id='word_1_298' title='bbox 1995 3583 2202 3643; x_wconf 78' lang='grc' dir='ltr'>ἀντιλέ-</span> 
     </span>
     <span class='ocr_line' id='line_1_36' title="bbox 645 3670 2205 3754; baseline -0.001 -21"><span class='ocrx_word' id='word_1_299' title='bbox 645 3698 754 3754; x_wconf 86' lang='grc' dir='ltr'>γειν</span> <span class='ocrx_word' id='word_1_300' title='bbox 784 3671 895 3732; x_wconf 83' lang='grc' dir='ltr'>ἔστί</span> <span class='ocrx_word' id='word_1_301' title='bbox 912 3696 925 3711; x_wconf 91' lang='grc'><em>·</em></span> <span class='ocrx_word' id='word_1_302' title='bbox 947 3670 1069 3752; x_wconf 76' lang='grc' dir='ltr'>περὶ</span> <span class='ocrx_word' id='word_1_303' title='bbox 1101 3671 1157 3731; x_wconf 80' lang='grc' dir='ltr'>δὲ</span> <span class='ocrx_word' id='word_1_304' title='bbox 1178 3676 1271 3732; x_wconf 76' lang='grc' dir='ltr'><strong>τοῦ</strong></span> <span class='ocrx_word' id='word_1_305' title='bbox 1289 3673 1566 3738; x_wconf 83' lang='grc' dir='ltr'>τεθνεῶτος</span> <span class='ocrx_word' id='word_1_306' title='bbox 1592 3670 1842 3746; x_wconf 78' lang='grc' dir='ltr'>λέξουσιν,</span> <span class='ocrx_word' id='word_1_307' title='bbox 1858 3674 2116 3741; x_wconf 78' lang='grc' dir='ltr'>ἐλεοῦντες</span> <span class='ocrx_word' id='word_1_308' title='bbox 2135 3674 2205 3741; x_wconf 81' lang='grc' dir='ltr'><strong>ὧς</strong></span> 
     </span>
     <span class='ocr_line' id='line_1_37' title="bbox 648 3756 2202 3843; baseline 0 -23"><span class='ocrx_word' id='word_1_309' title='bbox 648 3760 781 3843; x_wconf 77' lang='grc' dir='ltr'>ἀνὴρ</span> <span class='ocrx_word' id='word_1_310' title='bbox 818 3757 892 3819; x_wconf 79' lang='grc' dir='ltr'><strong>ὢν</strong></span> <span class='ocrx_word' id='word_1_311' title='bbox 938 3758 1127 3839; x_wconf 77' lang='grc' dir='ltr'>ἀγαθὸς</span> <span class='ocrx_word' id='word_1_312' title='bbox 1164 3761 1219 3818; x_wconf 85' lang='grc' dir='ltr'><strong>ἐν</strong></span> <span class='ocrx_word' id='word_1_313' title='bbox 1248 3761 1325 3840; x_wconf 78' lang='grc' dir='ltr'>τῷ</span> <span class='ocrx_word' id='word_1_314' title='bbox 1366 3756 1586 3839; x_wconf 79' lang='grc' dir='ltr'>πολέμῳ</span> <span class='ocrx_word' id='word_1_315' title='bbox 1624 3757 1869 3833; x_wconf 82' lang='grc' dir='ltr'>τέθνηκε,</span> <span class='ocrx_word' id='word_1_316' title='bbox 1906 3757 1997 3819; x_wconf 75' lang='grc' dir='ltr'><strong>καὶ</strong></span> <span class='ocrx_word' id='word_1_317' title='bbox 2031 3758 2110 3818; x_wconf 79' lang='grc' dir='ltr'><strong>ὅτι</strong></span> <span class='ocrx_word' id='word_1_318' title='bbox 2145 3762 2202 3820; x_wconf 83' lang='grc' dir='ltr'>οὔ</span> 
     </span>
     <span class='ocr_line' id='line_1_38' title="bbox 648 3844 2201 3927; baseline -0.001 -18"><span class='ocrx_word' id='word_1_319' title='bbox 648 3848 847 3909; x_wconf 88' lang='grc' dir='ltr'>δίκαιόν</span> <span class='ocrx_word' id='word_1_320' title='bbox 874 3850 984 3907; x_wconf 79' lang='grc' dir='ltr'>ἐστι</span> <span class='ocrx_word' id='word_1_321' title='bbox 1002 3846 1093 3915; x_wconf 76' lang='grc' dir='ltr'><strong>τὰς</strong></span> <span class='ocrx_word' id='word_1_322' title='bbox 1116 3845 1311 3907; x_wconf 80' lang='grc' dir='ltr'>ἐκείνου</span> <span class='ocrx_word' id='word_1_323' title='bbox 1338 3844 1587 3918; x_wconf 81' lang='grc' dir='ltr'>διαθήκας</span> <span class='ocrx_word' id='word_1_324' title='bbox 1626 3844 1847 3927; x_wconf 77' lang='grc' dir='ltr'>ἀκύρους</span> <span class='ocrx_word' id='word_1_325' title='bbox 1869 3846 2201 3908; x_wconf 80' lang='grc' dir='ltr'>καθιστάναι.</span> 
     </span>
     <span class='ocr_line' id='line_1_39' title="bbox 647 3924 2205 4018; baseline -0.005 -18"><span class='ocrx_word' id='word_1_326' title='bbox 647 3932 794 4018; x_wconf 81' lang='grc' dir='ltr'><strong>Ἐγὼ</strong></span> <span class='ocrx_word' id='word_1_327' title='bbox 818 3934 874 3996; x_wconf 78' lang='grc' dir='ltr'>δὲ</span> <span class='ocrx_word' id='word_1_328' title='bbox 897 3935 989 3996; x_wconf 76' lang='grc' dir='ltr'><strong>καὶ</strong></span> <span class='ocrx_word' id='word_1_329' title='bbox 1015 3934 1194 4008; x_wconf 78' lang='grc' dir='ltr'>αὐτός,</span> <span class='ocrx_word' id='word_1_330' title='bbox 1228 3924 1273 3994; x_wconf 71' lang='grc' dir='ltr'>ὦ</span> <span class='ocrx_word' id='word_1_331' title='bbox 1303 3933 1515 4017; x_wconf 80' lang='grc' dir='ltr'>ἄνδρες,</span> <span class='ocrx_word' id='word_1_332' title='bbox 1554 3924 1703 4012; x_wconf 66' lang='grc' dir='ltr'>οἶμαι</span> <span class='ocrx_word' id='word_1_333' title='bbox 1728 3936 1831 3995; x_wconf 84' lang='grc' dir='ltr'>δεῖν</span> <span class='ocrx_word' id='word_1_334' title='bbox 1860 3934 2046 4017; x_wconf 81' lang='grc' dir='ltr'>κυρίας</span> <span class='ocrx_word' id='word_1_335' title='bbox 2073 3926 2205 3995; x_wconf 73' lang='grc' dir='ltr'>εἶναι</span> 
     </span>
     <span class='ocr_line' id='line_1_40' title="bbox 650 4021 2204 4100; baseline -0.004 -14"><span class='ocrx_word' id='word_1_336' title='bbox 650 4025 739 4095; x_wconf 76' lang='grc' dir='ltr'><strong>τὰς</strong></span> <span class='ocrx_word' id='word_1_337' title='bbox 774 4024 1054 4098; x_wconf 82' lang='grc' dir='ltr'>διαθήκας,</span> <span class='ocrx_word' id='word_1_338' title='bbox 1090 4022 1151 4091; x_wconf 79' lang='grc' dir='ltr'><strong>ἃς</strong></span> <span class='ocrx_word' id='word_1_339' title='bbox 1180 4022 1243 4081; x_wconf 76' lang='grc' dir='ltr'><strong>ἂν</strong></span> <span class='ocrx_word' id='word_1_340' title='bbox 1275 4021 1493 4089; x_wconf 77' lang='grc' dir='ltr'>ἕκαστος</span> <span class='ocrx_word' id='word_1_341' title='bbox 1521 4022 1763 4096; x_wconf 79' lang='grc' dir='ltr'>διαθῆται</span> <span class='ocrx_word' id='word_1_342' title='bbox 1794 4021 1918 4100; x_wconf 77' lang='grc' dir='ltr'>περὶ</span> <span class='ocrx_word' id='word_1_343' title='bbox 1953 4026 2058 4083; x_wconf 84' lang='grc' dir='ltr'><strong>τῶν</strong></span> <span class='ocrx_word' id='word_1_344' title='bbox 2085 4026 2204 4081; x_wconf 77' lang='grc' dir='ltr'>ἑαυ-</span> 
     </span>
     <span class='ocr_line' id='line_1_41' title="bbox 644 4101 2202 4195; baseline -0.004 -20"><span class='ocrx_word' id='word_1_345' title='bbox 644 4120 763 4193; x_wconf 75' lang='grc' dir='ltr'>τοῦ,</span> <span class='ocrx_word' id='word_1_346' title='bbox 783 4112 903 4195; x_wconf 76' lang='grc' dir='ltr'>περὶ</span> <span class='ocrx_word' id='word_1_347' title='bbox 924 4112 1099 4193; x_wconf 80' lang='grc' dir='ltr'>μέντοι</span> <span class='ocrx_word' id='word_1_348' title='bbox 1122 4115 1225 4171; x_wconf 82' lang='grc' dir='ltr'><strong>τῶν</strong></span> <span class='ocrx_word' id='word_1_349' title='bbox 1243 4111 1531 4191; x_wconf 74' lang='grc' dir='ltr'>ἀλλοτρίων</span> <span class='ocrx_word' id='word_1_350' title='bbox 1550 4112 1609 4170; x_wconf 79' lang='grc' dir='ltr'>οὗ</span> <span class='ocrx_word' id='word_1_351' title='bbox 1634 4110 1813 4192; x_wconf 84' lang='grc' dir='ltr'>κυρίας</span> <span class='ocrx_word' id='word_1_352' title='bbox 1841 4101 1972 4169; x_wconf 81' lang='grc' dir='ltr'>εἶναι</span> <span class='ocrx_word' id='word_1_353' title='bbox 1985 4108 2076 4178; x_wconf 73' lang='grc' dir='ltr'><strong>τὰς</strong></span> <span class='ocrx_word' id='word_1_354' title='bbox 2089 4111 2202 4169; x_wconf 88' lang='grc' dir='ltr'>δια-</span> 
     </span>
     <span class='ocr_line' id='line_1_42' title="bbox 648 4196 2203 4282; baseline -0.001 -21"><span class='ocrx_word' id='word_1_355' title='bbox 648 4202 813 4275; x_wconf 84' lang='grc' dir='ltr'>θήκας</span> <span class='ocrx_word' id='word_1_356' title='bbox 829 4248 846 4275; x_wconf 86' lang='grc'>,</span> <span class='ocrx_word' id='word_1_357' title='bbox 870 4199 1049 4282; x_wconf 80' lang='grc' dir='ltr'>ὥσπερ</span> <span class='ocrx_word' id='word_1_358' title='bbox 1074 4198 1135 4267; x_wconf 78' lang='grc' dir='ltr'><strong>ἃς</strong></span> <span class='ocrx_word' id='word_1_359' title='bbox 1160 4198 1223 4257; x_wconf 71' lang='grc' dir='ltr'><strong>ἂν</strong></span> <span class='ocrx_word' id='word_1_360' title='bbox 1251 4196 1469 4266; x_wconf 73' lang='grc' dir='ltr'>ἕκαστος</span> <span class='ocrx_word' id='word_1_361' title='bbox 1494 4198 1615 4279; x_wconf 74' lang='grc' dir='ltr'>περὶ</span> <span class='ocrx_word' id='word_1_362' title='bbox 1638 4202 1741 4259; x_wconf 84' lang='grc' dir='ltr'><strong>τῶν</strong></span> <span class='ocrx_word' id='word_1_363' title='bbox 1766 4203 1923 4259; x_wconf 77' lang='grc' dir='ltr'>αὑτοῦ</span> <span class='ocrx_word' id='word_1_364' title='bbox 1946 4199 2203 4272; x_wconf 74' lang='grc' dir='ltr'>διαθῆται.</span> 
     </span>
     <span class='ocr_line' id='line_1_43' title="bbox 573 4272 2202 4369; baseline 0.001 -22"><span class='ocrx_word' id='word_1_365' title='bbox 573 4306 625 4347; x_wconf 81' lang='grc' dir='ltr'>ιο</span> <span class='ocrx_word' id='word_1_366' title='bbox 654 4291 748 4369; x_wconf 76' lang='lat'>(23)</span> <span class='ocrx_word' id='word_1_367' title='bbox 779 4272 967 4350; x_wconf 74' lang='grc' dir='ltr'>Ταῦτα</span> <span class='ocrx_word' id='word_1_368' title='bbox 996 4286 1051 4347; x_wconf 77' lang='grc' dir='ltr'>δὲ</span> <span class='ocrx_word' id='word_1_369' title='bbox 1075 4288 1133 4345; x_wconf 84' lang='grc' dir='ltr'>οὗ</span> <span class='ocrx_word' id='word_1_370' title='bbox 1154 4286 1351 4346; x_wconf 88' lang='grc' dir='ltr'>τούτων</span> <span class='ocrx_word' id='word_1_371' title='bbox 1384 4285 1511 4346; x_wconf 81' lang='grc' dir='ltr'>ὄντα</span> <span class='ocrx_word' id='word_1_372' title='bbox 1548 4288 1665 4345; x_wconf 84' lang='grc' dir='ltr'>ἀλλ’</span> <span class='ocrx_word' id='word_1_373' title='bbox 1686 4285 1922 4367; x_wconf 79' lang='grc' dir='ltr'>ἡμέτερα</span> <span class='ocrx_word' id='word_1_374' title='bbox 1946 4284 2202 4368; x_wconf 81' lang='grc' dir='ltr'>φαίνεται.</span> 
     </span>
     <span class='ocr_line' id='line_1_44' title="bbox 646 4374 2205 4457; baseline -0.001 -20"><span class='ocrx_word' id='word_1_375' title='bbox 646 4376 813 4437; x_wconf 68' lang='grc' dir='ltr'>’Ὦστε</span> <span class='ocrx_word' id='word_1_376' title='bbox 836 4375 901 4435; x_wconf 75' lang='grc' dir='ltr'><strong>ἂν</strong></span> <span class='ocrx_word' id='word_1_377' title='bbox 918 4375 1005 4435; x_wconf 81' lang='grc' dir='ltr'><strong>ἐπὶ</strong></span> <span class='ocrx_word' id='word_1_378' title='bbox 1026 4380 1206 4435; x_wconf 79' lang='grc' dir='ltr'>τοῦτον</span> <span class='ocrx_word' id='word_1_379' title='bbox 1224 4374 1311 4434; x_wconf 82' lang='grc' dir='ltr'><strong>τὸν</strong></span> <span class='ocrx_word' id='word_1_380' title='bbox 1334 4374 1487 4453; x_wconf 87' lang='grc' dir='ltr'>λόγον</span> <span class='ocrx_word' id='word_1_381' title='bbox 1507 4375 1812 4456; x_wconf 74' lang='grc' dir='ltr'>καταφεύγῃ</span> <span class='ocrx_word' id='word_1_382' title='bbox 1827 4376 1920 4434; x_wconf 78' lang='grc' dir='ltr'><strong>καὶ</strong></span> <span class='ocrx_word' id='word_1_383' title='bbox 1941 4374 2205 4457; x_wconf 84' lang='grc' dir='ltr'>μάρτυρας</span> 
     </span>
     <span class='ocr_line' id='line_1_45' title="bbox 649 4458 2202 4544; baseline 0 -23"><span class='ocrx_word' id='word_1_384' title='bbox 649 4462 951 4544; x_wconf 82' lang='grc' dir='ltr'>παρέχηται</span> <span class='ocrx_word' id='word_1_385' title='bbox 977 4465 1048 4530; x_wconf 79' lang='grc' dir='ltr'><strong>ὣς</strong></span> <span class='ocrx_word' id='word_1_386' title='bbox 1086 4460 1279 4523; x_wconf 83' lang='grc' dir='ltr'>διέθετο</span> <span class='ocrx_word' id='word_1_387' title='bbox 1316 4462 1537 4535; x_wconf 81' lang='grc' dir='ltr'>ἐκεῖνος,</span> <span class='ocrx_word' id='word_1_388' title='bbox 1578 4460 1928 4521; x_wconf 84' lang='grc' dir='ltr'>ἐπιδεικνύναι</span> <span class='ocrx_word' id='word_1_389' title='bbox 1967 4458 2202 4521; x_wconf 85' lang='grc' dir='ltr'>κελεύετε</span> 
     </span>
     <span class='ocr_line' id='line_1_46' title="bbox 642 4548 2204 4630; baseline 0 -21"><span class='ocrx_word' id='word_1_390' title='bbox 642 4554 695 4623; x_wconf 28' lang='grc' dir='ltr'><strong>,εἷ</strong></span> <span class='ocrx_word' id='word_1_391' title='bbox 720 4550 927 4617; x_wconf 84' lang='grc' dir='ltr'>δικαίως</span> <span class='ocrx_word' id='word_1_392' title='bbox 944 4551 1013 4609; x_wconf 80' lang='grc' dir='ltr'>τὰ</span> <span class='ocrx_word' id='word_1_393' title='bbox 1032 4554 1243 4611; x_wconf 71' lang='grc' dir='ltr'>ἑαυτοῦ.</span> <span class='ocrx_word' id='word_1_394' title='bbox 1284 4554 1460 4612; x_wconf 77' lang='grc' dir='ltr'>Τοῦτο</span> <span class='ocrx_word' id='word_1_395' title='bbox 1487 4549 1590 4630; x_wconf 81' lang='grc' dir='ltr'>γὰρ</span> <span class='ocrx_word' id='word_1_396' title='bbox 1630 4548 1827 4609; x_wconf 89' lang='grc' dir='ltr'>δίκαιόν</span> <span class='ocrx_word' id='word_1_397' title='bbox 1865 4552 1996 4613; x_wconf 80' lang='grc' dir='ltr'>ἐστι.</span> <span class='ocrx_word' id='word_1_398' title='bbox 2027 4550 2204 4611; x_wconf 85' lang='grc' dir='ltr'>Δεινό-</span> 
     </span>
     <span class='ocr_line' id='line_1_47' title="bbox 648 4635 2203 4719; baseline 0.001 -22"><span class='ocrx_word' id='word_1_399' title='bbox 648 4662 787 4697; x_wconf 85' lang='grc' dir='ltr'>τατα</span> <span class='ocrx_word' id='word_1_400' title='bbox 814 4638 915 4719; x_wconf 76' lang='grc' dir='ltr'>γὰρ</span> <span class='ocrx_word' id='word_1_401' title='bbox 956 4636 1019 4697; x_wconf 68' lang='grc' dir='ltr'><strong>ἂν</strong></span> <span class='ocrx_word' id='word_1_402' title='bbox 1042 4637 1252 4696; x_wconf 88' lang='grc' dir='ltr'>πάντων</span> <span class='ocrx_word' id='word_1_403' title='bbox 1288 4635 1518 4715; x_wconf 84' lang='grc' dir='ltr'>γένοιτο,</span> <span class='ocrx_word' id='word_1_404' title='bbox 1560 4640 1605 4696; x_wconf 84' lang='grc' dir='ltr'><strong>εῖ</strong></span> <span class='ocrx_word' id='word_1_405' title='bbox 1648 4638 1952 4716; x_wconf 83' lang='grc' dir='ltr'>Κυρωνίδης</span> <span class='ocrx_word' id='word_1_406' title='bbox 1989 4637 2085 4714; x_wconf 85' lang='grc' dir='ltr'><strong>μὲν</strong></span> <span class='ocrx_word' id='word_1_407' title='bbox 2113 4638 2203 4698; x_wconf 79' lang='grc' dir='ltr'><strong>καὶ</strong></span> 
     </span>
     <span class='ocr_line' id='line_1_48' title="bbox 649 4716 2202 4803; baseline -0.002 -17"><span class='ocrx_word' id='word_1_408' title='bbox 649 4718 789 4787; x_wconf 66' lang='grc' dir='ltr'>οὗτοι</span> <span class='ocrx_word' id='word_1_409' title='bbox 804 4772 819 4799; x_wconf 87' lang='grc'>,</span> <span class='ocrx_word' id='word_1_410' title='bbox 842 4726 988 4793; x_wconf 85' lang='grc' dir='ltr'>ὄντες</span> <span class='ocrx_word' id='word_1_411' title='bbox 1012 4724 1063 4794; x_wconf 83' lang='grc' dir='ltr'><strong>ἐξ</strong></span> <span class='ocrx_word' id='word_1_412' title='bbox 1086 4724 1283 4784; x_wconf 86' lang='grc' dir='ltr'>ἐκείνου</span> <span class='ocrx_word' id='word_1_413' title='bbox 1299 4769 1317 4803; x_wconf 90' lang='grc'>,</span> <span class='ocrx_word' id='word_1_414' title='bbox 1346 4722 1598 4802; x_wconf 76' lang='grc' dir='ltr'>μὴ’μόνον</span> <span class='ocrx_word' id='word_1_415' title='bbox 1618 4722 1705 4782; x_wconf 79' lang='grc' dir='ltr'><strong>τὸν</strong></span> <span class='ocrx_word' id='word_1_416' title='bbox 1726 4724 2035 4783; x_wconf 76' lang='grc' dir='ltr'>Ξεναινέτου</span> <span class='ocrx_word' id='word_1_417' title='bbox 2064 4716 2202 4784; x_wconf 72' lang='grc' dir='ltr'>οἶκον</span> 
     </span>
     <span class='ocr_line' id='line_1_49' title="bbox 648 4810 2204 4896; baseline -0.001 -21"><span class='ocrx_word' id='word_1_418' title='bbox 648 4813 809 4875; x_wconf 78' lang='grc' dir='ltr'>πλέον</span> <span class='ocrx_word' id='word_1_419' title='bbox 836 4814 871 4887; x_wconf 79' lang='grc' dir='ltr'>ἢ</span> <span class='ocrx_word' id='word_1_420' title='bbox 904 4814 1163 4896; x_wconf 80' lang='grc' dir='ltr'>τεττάρων</span> <span class='ocrx_word' id='word_1_421' title='bbox 1202 4812 1474 4873; x_wconf 81' lang='grc' dir='ltr'>ταλάντων</span> <span class='ocrx_word' id='word_1_422' title='bbox 1513 4810 1726 4886; x_wconf 72' lang='grc' dir='ltr'>ἕξουσιν,</span> <span class='ocrx_word' id='word_1_423' title='bbox 1754 4812 1891 4870; x_wconf 81' lang='grc' dir='ltr'>ἀλλὰ</span> <span class='ocrx_word' id='word_1_424' title='bbox 1935 4810 2028 4872; x_wconf 74' lang='grc' dir='ltr'><strong>καὶ</strong></span> <span class='ocrx_word' id='word_1_425' title='bbox 2059 4812 2204 4873; x_wconf 83' lang='grc' dir='ltr'>τόνδε</span> 
     </span>
     <span class='ocr_line' id='line_1_50' title="bbox 576 4898 2204 4986; baseline -0.003 -22"><span class='ocrx_word' id='word_1_426' title='bbox 576 4926 624 4965; x_wconf 76' lang='lat'><strong>15</strong></span> <span class='ocrx_word' id='word_1_427' title='bbox 652 4902 1067 4986; x_wconf 83' lang='grc' dir='ltr'>προσλήψονται,</span> <span class='ocrx_word' id='word_1_428' title='bbox 1094 4898 1197 4978; x_wconf 81' lang='grc' dir='ltr'><strong>ἐγὼ</strong></span> <span class='ocrx_word' id='word_1_429' title='bbox 1226 4899 1281 4959; x_wconf 82' lang='grc' dir='ltr'>δὲ</span> <span class='ocrx_word' id='word_1_430' title='bbox 1301 4905 1396 4971; x_wconf 72' lang='grc' dir='ltr'><strong>τῆς</strong></span> <span class='ocrx_word' id='word_1_431' title='bbox 1420 4899 1615 4980; x_wconf 76' lang='grc' dir='ltr'>μητρὸς</span> <span class='ocrx_word' id='word_1_432' title='bbox 1639 4898 1795 4970; x_wconf 81' lang='grc' dir='ltr'>οὔσης</span> <span class='ocrx_word' id='word_1_433' title='bbox 1821 4898 2004 4979; x_wconf 84' lang='grc' dir='ltr'>κυρίας</span> <span class='ocrx_word' id='word_1_434' title='bbox 2030 4898 2122 4957; x_wconf 83' lang='grc' dir='ltr'><strong>καὶ</strong></span> <span class='ocrx_word' id='word_1_435' title='bbox 2145 4902 2204 4959; x_wconf 87' lang='grc' dir='ltr'>ἐκ</span> 
     </span>
     <span class='ocr_line' id='line_1_51' title="bbox 649 4984 2202 5069; baseline -0.004 -17"><span class='ocrx_word' id='word_1_436' title='bbox 649 4998 751 5052; x_wconf 85' lang='grc' dir='ltr'><strong>τῶν</strong></span> <span class='ocrx_word' id='word_1_437' title='bbox 778 4994 948 5050; x_wconf 79' lang='grc' dir='ltr'>αὐτῶν</span> <span class='ocrx_word' id='word_1_438' title='bbox 978 4988 1253 5069; x_wconf 82' lang='grc' dir='ltr'>Κυρωνίδῃ</span> <span class='ocrx_word' id='word_1_439' title='bbox 1275 4988 1616 5067; x_wconf 80' lang='grc' dir='ltr'>γεγενημένος</span> <span class='ocrx_word' id='word_1_440' title='bbox 1642 4990 1687 5047; x_wconf 80' lang='grc' dir='ltr'><strong>εἰ</strong></span> <span class='ocrx_word' id='word_1_441' title='bbox 1710 4984 1846 5066; x_wconf 83' lang='grc' dir='ltr'>μηδὲ</span> <span class='ocrx_word' id='word_1_442' title='bbox 1864 4986 1952 5047; x_wconf 83' lang='grc' dir='ltr'><strong>τὸν</strong></span> <span class='ocrx_word' id='word_1_443' title='bbox 1977 4991 2072 5060; x_wconf 75' lang='grc' dir='ltr'><strong>τῆς</strong></span> <span class='ocrx_word' id='word_1_444' title='bbox 2100 5010 2202 5065; x_wconf 83' lang='grc' dir='ltr'><strong>μη·</strong></span> 
     </span>
     <span class='ocr_line' id='line_1_52' title="bbox 648 5072 2202 5163; baseline -0.005 -23"><span class='ocrx_word' id='word_1_445' title='bbox 648 5080 767 5163; x_wconf 77' lang='grc' dir='ltr'>τρὸς</span> <span class='ocrx_word' id='word_1_446' title='bbox 800 5080 994 5157; x_wconf 76' lang='grc' dir='ltr'>κλῆρον</span> <span class='ocrx_word' id='word_1_447' title='bbox 1029 5075 1299 5156; x_wconf 81' lang='grc' dir='ltr'>λήψομαι,</span> <span class='ocrx_word' id='word_1_448' title='bbox 1324 5073 1415 5135; x_wconf 79' lang='grc' dir='ltr'><strong>καὶ</strong></span> <span class='ocrx_word' id='word_1_449' title='bbox 1440 5080 1609 5133; x_wconf 76' lang='grc' dir='ltr'>ταῦτα</span> <span class='ocrx_word' id='word_1_450' title='bbox 1650 5074 1784 5150; x_wconf 85' lang='grc' dir='ltr'>μηδὲ</span> <span class='ocrx_word' id='word_1_451' title='bbox 1824 5074 2050 5156; x_wconf 82' lang='grc' dir='ltr'>ἐχόντων</span> <span class='ocrx_word' id='word_1_452' title='bbox 2077 5072 2202 5133; x_wconf 59' lang='lat' dir='ltr'><strong>‘roti-</strong></span> 
     </span>
     <span class='ocr_line' id='line_1_53' title="bbox 649 5160 2204 5245; baseline -0.004 -18"><span class='ocrx_word' id='word_1_453' title='bbox 649 5192 754 5227; x_wconf 79' lang='grc' dir='ltr'><strong>των</strong></span> <span class='ocrx_word' id='word_1_454' title='bbox 786 5168 1081 5242; x_wconf 81' lang='grc' dir='ltr'>ἐπενεγκεῖν</span> <span class='ocrx_word' id='word_1_455' title='bbox 1110 5162 1235 5245; x_wconf 84' lang='grc' dir='ltr'>παρ’</span> <span class='ocrx_word' id='word_1_456' title='bbox 1274 5160 1391 5223; x_wconf 80' lang='grc' dir='ltr'>ὅτου</span> <span class='ocrx_word' id='word_1_457' title='bbox 1431 5164 1550 5221; x_wconf 88' lang='grc' dir='ltr'>ποτ’</span> <span class='ocrx_word' id='word_1_458' title='bbox 1578 5162 1841 5244; x_wconf 79' lang='grc' dir='ltr'>εἰλήφασι.</span> <span class='ocrx_word' id='word_1_459' title='bbox 1892 5162 1983 5241; x_wconf 73' lang='lat'>(24)</span> <span class='ocrx_word' id='word_1_460' title='bbox 2016 5160 2204 5223; x_wconf 84' lang='grc' dir='ltr'>Καίτοι</span> 
     </span>
     <span class='ocr_line' id='line_1_54' title="bbox 650 5244 2200 5335; baseline -0.003 -20"><span class='ocrx_word' id='word_1_461' title='bbox 650 5258 868 5327; x_wconf 84' lang='grc' dir='ltr'>δίκαιον,</span> <span class='ocrx_word' id='word_1_462' title='bbox 887 5244 932 5313; x_wconf 69' lang='grc' dir='ltr'><em>ὦ</em></span> <span class='ocrx_word' id='word_1_463' title='bbox 956 5253 1153 5334; x_wconf 82' lang='grc' dir='ltr'>ἄνδρες,</span> <span class='ocrx_word' id='word_1_464' title='bbox 1170 5250 1347 5335; x_wconf 76' lang='grc' dir='ltr'>ὥσπερ</span> <span class='ocrx_word' id='word_1_465' title='bbox 1360 5254 1465 5313; x_wconf 79' lang='grc' dir='ltr'><strong>τῶν</strong></span> <span class='ocrx_word' id='word_1_466' title='bbox 1490 5251 1970 5334; x_wconf 77' lang='grc' dir='ltr'>ἀμφισὸητησίμων</span> <span class='ocrx_word' id='word_1_467' title='bbox 1990 5248 2200 5333; x_wconf 85' lang='grc' dir='ltr'>χωρίων</span> 
     </span>
     <span class='ocr_line' id='line_1_55' title="bbox 651 5338 2198 5423; baseline -0.005 -18"><span class='ocrx_word' id='word_1_468' title='bbox 651 5344 730 5405; x_wconf 81' lang='grc' dir='ltr'><strong>δεῖ</strong></span> <span class='ocrx_word' id='word_1_469' title='bbox 750 5340 837 5401; x_wconf 81' lang='grc' dir='ltr'><strong>τὸν</strong></span> <span class='ocrx_word' id='word_1_470' title='bbox 862 5341 1049 5423; x_wconf 87' lang='grc' dir='ltr'>ἔχοντα</span> <span class='ocrx_word' id='word_1_471' title='bbox 1068 5338 1105 5415; x_wconf 82' lang='grc' dir='ltr'>ἣ</span> <span class='ocrx_word' id='word_1_472' title='bbox 1126 5338 1277 5415; x_wconf 78' lang='grc' dir='ltr'>θέτην</span> <span class='ocrx_word' id='word_1_473' title='bbox 1299 5339 1337 5415; x_wconf 77' lang='grc' dir='ltr'>ἢ</span> <span class='ocrx_word' id='word_1_474' title='bbox 1354 5342 1600 5423; x_wconf 73' lang='grc' dir='ltr'>πρατῆρα</span> <span class='ocrx_word' id='word_1_475' title='bbox 1621 5338 1952 5421; x_wconf 83' lang='grc' dir='ltr'>παρέχεσθαι</span> <span class='ocrx_word' id='word_1_476' title='bbox 1976 5338 2014 5415; x_wconf 74' lang='grc' dir='ltr'>ἢ</span> <span class='ocrx_word' id='word_1_477' title='bbox 2034 5356 2198 5399; x_wconf 82' lang='grc' dir='ltr'>κατα-</span> 
     </span>
    </p>
   </div>
   <div class='ocr_carea' id='block_1_3' title="bbox 1397 552 3076 619">
    <p class='ocr_par' dir='ltr' id='par_1_3' title="bbox 1397 552 3076 619">
     <span class='ocr_line' id='line_1_56' title="bbox 1397 552 3076 619; baseline 0.002 -8"><span class='ocrx_word' id='word_1_478' title='bbox 1397 552 1663 615; x_wconf 62' lang='lat' dir='ltr'><strong>maloi*</strong></span> <span class='ocrx_word' id='word_1_479' title='bbox 1704 555 1754 613; x_wconf 93' lang='lat' dir='ltr'>O</span> <span class='ocrx_word' id='word_1_480' title='bbox 1798 554 1984 613; x_wconf 83' lang='grc' dir='ltr'><strong>ΠΕΡΙ</strong></span> <span class='ocrx_word' id='word_1_481' title='bbox 2028 552 2183 613; x_wconf 82' lang='grc' dir='ltr'><strong>ΤΟΥ</strong></span> <span class='ocrx_word' id='word_1_482' title='bbox 2227 554 2708 619; x_wconf 83' lang='grc' dir='ltr'>ΑΡΙΣΤΑΡΧθΥ</span> <span class='ocrx_word' id='word_1_483' title='bbox 2749 557 3076 618; x_wconf 81' lang='grc' dir='ltr'><strong>ΚΛΗΡΟΥ.</strong></span> 
     </span>
    </p>
   </div>
   <div class='ocr_carea' id='block_1_4' title="bbox 2259 5328 3685 5411">
    <p class='ocr_par' dir='ltr' id='par_1_4' title="bbox 2259 5328 3685 5411">
     <span class='ocr_line' id='line_1_57' title="bbox 2259 5328 3685 5411; baseline -0.014 -14"><span class='ocrx_word' id='word_1_484' title='bbox 2259 5406 2264 5411; x_wconf 37' lang='lat'>‚</span> <span class='ocrx_word' id='word_1_485' title='bbox 2290 5357 2379 5409; x_wconf 86' lang='lat' dir='ltr'><strong>par</strong></span> <span class='ocrx_word' id='word_1_486' title='bbox 2399 5343 2474 5395; x_wconf 84' lang='lat' dir='ltr'><strong>est</strong></span> <span class='ocrx_word' id='word_1_487' title='bbox 2493 5342 2601 5394; x_wconf 90' lang='lat' dir='ltr'><strong>orta</strong></span> <span class='ocrx_word' id='word_1_488' title='bbox 2617 5341 2678 5393; x_wconf 89' lang='lat' dir='ltr'><strong>de</strong></span> <span class='ocrx_word' id='word_1_489' title='bbox 2698 5340 2855 5392; x_wconf 79' lang='lat' dir='ltr'><strong>tundis</strong></span> <span class='ocrx_word' id='word_1_490' title='bbox 2871 5338 3190 5391; x_wconf 83' lang='lat' dir='ltr'><strong>controversia</strong></span> <span class='ocrx_word' id='word_1_491' title='bbox 3205 5342 3508 5403; x_wconf 72' lang='lat' dir='ltr'>possessorem</span> <span class='ocrx_word' id='word_1_492' title='bbox 3523 5328 3685 5379; x_wconf 74' lang='lat' dir='ltr'><strong>illorum</strong></span> 
     </span>
    </p>
   </div>
   <div class='ocr_carea' id='block_1_5' title="bbox 3507 561 3726 634">
    <p class='ocr_par' dir='ltr' id='par_1_5' title="bbox 3507 561 3726 634">
     <span class='ocr_line' id='line_1_58' title="bbox 3507 561 3726 634; baseline 0.014 -17"><span class='ocrx_word' id='word_1_493' title='bbox 3507 561 3586 634; x_wconf 59' lang='grc' dir='ltr'><strong>(Μ</strong></span> <span class='ocrx_word' id='word_1_494' title='bbox 3595 564 3726 620; x_wconf 61' lang='lat'>——2673</span> 
     </span>
    </p>
   </div>
   <div class='ocr_carea' id='block_1_6' title="bbox 2280 696 3731 846">
    <p class='ocr_par' dir='ltr' id='par_1_6' title="bbox 2280 696 3731 846">
     <span class='ocr_line' id='line_1_59' title="bbox 2283 696 3731 758; baseline 0 -15"><span class='ocrx_word' id='word_1_495' title='bbox 2283 705 2432 758; x_wconf 86' lang='lat' dir='ltr'><strong>opum</strong></span> <span class='ocrx_word' id='word_1_496' title='bbox 2477 696 2738 758; x_wconf 85' lang='lat' dir='ltr'><strong>cupiditate</strong></span> <span class='ocrx_word' id='word_1_497' title='bbox 2777 696 3008 747; x_wconf 82' lang='lat' dir='ltr'><strong>stimulati</strong></span> <span class='ocrx_word' id='word_1_498' title='bbox 3051 696 3153 747; x_wconf 80' lang='lat' dir='ltr'><strong>baec</strong></span> <span class='ocrx_word' id='word_1_499' title='bbox 3189 696 3344 746; x_wconf 84' lang='lat' dir='ltr'><strong>omnia</strong></span> <span class='ocrx_word' id='word_1_500' title='bbox 3379 696 3602 746; x_wconf 79' lang='lat' dir='ltr'><strong>machinati</strong></span> <span class='ocrx_word' id='word_1_501' title='bbox 3640 700 3731 757; x_wconf 82' lang='lat' dir='ltr'><strong>sunt,</strong></span> 
     </span>
     <span class='ocr_line' id='line_1_60' title="bbox 2280 784 3422 846; baseline 0.002 -15"><span class='ocrx_word' id='word_1_502' title='bbox 2280 794 2379 846; x_wconf 88' lang='lat' dir='ltr'><strong>quo</strong></span> <span class='ocrx_word' id='word_1_503' title='bbox 2407 785 2606 834; x_wconf 86' lang='lat' dir='ltr'><strong>matrem</strong></span> <span class='ocrx_word' id='word_1_504' title='bbox 2623 798 2780 835; x_wconf 83' lang='lat' dir='ltr'><strong>meam</strong></span> <span class='ocrx_word' id='word_1_505' title='bbox 2808 784 2946 835; x_wconf 88' lang='lat' dir='ltr'><strong>bonis</strong></span> <span class='ocrx_word' id='word_1_506' title='bbox 2967 786 3066 834; x_wconf 86' lang='lat' dir='ltr'><strong>suis</strong></span> <span class='ocrx_word' id='word_1_507' title='bbox 3083 784 3422 834; x_wconf 78' lang='lat' dir='ltr'><strong>defraudarent.</strong></span> 
     </span>
    </p>
   </div>
   <div class='ocr_carea' id='block_1_7' title="bbox 2281 872 3736 5327">
    <p class='ocr_par' dir='ltr' id='par_1_7' title="bbox 2281 872 3736 3494">
     <span class='ocr_line' id='line_1_61' title="bbox 2347 872 3734 935; baseline -0.002 -14"><span class='ocrx_word' id='word_1_508' title='bbox 2347 878 2422 921; x_wconf 83' lang='lat'><strong>18.</strong></span> <span class='ocrx_word' id='word_1_509' title='bbox 2441 872 2542 922; x_wconf 86' lang='lat' dir='ltr'><strong>Erit</strong></span> <span class='ocrx_word' id='word_1_510' title='bbox 2559 872 2765 923; x_wconf 77' lang='lat' dir='ltr'><strong>forsitan</strong></span> <span class='ocrx_word' id='word_1_511' title='bbox 2785 874 2832 922; x_wconf 87' lang='lat' dir='ltr'><strong>in</strong></span> <span class='ocrx_word' id='word_1_512' title='bbox 2848 886 3048 923; x_wconf 88' lang='lat' dir='ltr'><strong>numero</strong></span> <span class='ocrx_word' id='word_1_513' title='bbox 3078 876 3236 923; x_wconf 66' lang='lat' dir='ltr'><strong>vestro</strong></span> <span class='ocrx_word' id='word_1_514' title='bbox 3249 910 3264 935; x_wconf 88' lang='lat'><strong>,</strong></span> <span class='ocrx_word' id='word_1_515' title='bbox 3281 872 3477 934; x_wconf 65' lang='lat' dir='ltr'><strong>judices,</strong></span> <span class='ocrx_word' id='word_1_516' title='bbox 3494 872 3734 934; x_wconf 68' lang='lat' dir='ltr'><strong>quimiretur,</strong></span> 
     </span>
     <span class='ocr_line' id='line_1_62' title="bbox 2281 947 3734 1013; baseline 0.001 -18"><span class='ocrx_word' id='word_1_517' title='bbox 2281 959 2369 996; x_wconf 88' lang='lat' dir='ltr'><strong>cur</strong></span> <span class='ocrx_word' id='word_1_518' title='bbox 2390 947 2526 997; x_wconf 87' lang='lat' dir='ltr'><strong>honis</strong></span> <span class='ocrx_word' id='word_1_519' title='bbox 2559 950 2733 999; x_wconf 84' lang='lat' dir='ltr'><strong>nostris</strong></span> <span class='ocrx_word' id='word_1_520' title='bbox 2763 964 2848 1013; x_wconf 88' lang='lat' dir='ltr'><strong>per</strong></span> <span class='ocrx_word' id='word_1_521' title='bbox 2877 955 2978 999; x_wconf 86' lang='lat' dir='ltr'><strong>tam</strong></span> <span class='ocrx_word' id='word_1_522' title='bbox 3010 950 3322 1013; x_wconf 84' lang='lat' dir='ltr'><strong>longinquum</strong></span> <span class='ocrx_word' id='word_1_523' title='bbox 3353 950 3559 1013; x_wconf 85' lang='lat' dir='ltr'><strong>temporis</strong></span> <span class='ocrx_word' id='word_1_524' title='bbox 3587 952 3734 1011; x_wconf 80' lang='lat' dir='ltr'><strong>spatium</strong></span> 
     </span>
     <span class='ocr_line' id='line_1_63' title="bbox 2281 1026 3734 1092; baseline 0.001 -18"><span class='ocrx_word' id='word_1_525' title='bbox 2281 1026 2463 1075; x_wconf 83' lang='lat' dir='ltr'>exclusi</span> <span class='ocrx_word' id='word_1_526' title='bbox 2486 1028 2780 1077; x_wconf 71' lang='lat' dir='ltr'><strong>tacuerimus</strong></span> <span class='ocrx_word' id='word_1_527' title='bbox 2803 1031 2852 1078; x_wconf 91' lang='lat' dir='ltr'><strong>et</strong></span> <span class='ocrx_word' id='word_1_528' title='bbox 2875 1041 3007 1077; x_wconf 87' lang='lat' dir='ltr'><strong>nunc</strong></span> <span class='ocrx_word' id='word_1_529' title='bbox 3040 1029 3241 1079; x_wconf 85' lang='lat' dir='ltr'><strong>demum</strong></span> <span class='ocrx_word' id='word_1_530' title='bbox 3273 1042 3327 1079; x_wconf 78' lang='lat' dir='ltr'><strong>ea</strong></span> <span class='ocrx_word' id='word_1_531' title='bbox 3347 1029 3606 1092; x_wconf 81' lang='lat' dir='ltr'><strong>postulatum</strong></span> <span class='ocrx_word' id='word_1_532' title='bbox 3627 1030 3734 1077; x_wconf 72' lang='lat' dir='ltr'><strong>venia·</strong></span> 
     </span>
     <span class='ocr_line' id='line_1_64' title="bbox 2282 1108 3735 1172; baseline 0.001 -19"><span class='ocrx_word' id='word_1_533' title='bbox 2282 1118 2407 1155; x_wconf 86' lang='lat' dir='ltr'><strong>mus.</strong></span> <span class='ocrx_word' id='word_1_534' title='bbox 2475 1108 2574 1169; x_wconf 82' lang='lat' dir='ltr'><strong>Ego</strong></span> <span class='ocrx_word' id='word_1_535' title='bbox 2599 1120 2715 1156; x_wconf 84' lang='lat' dir='ltr'><strong>vero</strong></span> <span class='ocrx_word' id='word_1_536' title='bbox 2750 1119 3030 1171; x_wconf 83' lang='lat' dir='ltr'><strong>quanquam</strong></span> <span class='ocrx_word' id='word_1_537' title='bbox 3061 1122 3256 1172; x_wconf 77' lang='lat' dir='ltr'><strong>aequum</strong></span> <span class='ocrx_word' id='word_1_538' title='bbox 3280 1108 3405 1158; x_wconf 83' lang='lat' dir='ltr'><strong>haud</strong></span> <span class='ocrx_word' id='word_1_539' title='bbox 3427 1120 3666 1157; x_wconf 63' lang='lat' dir='ltr'><strong>censeoesee</strong></span> <span class='ocrx_word' id='word_1_540' title='bbox 3681 1120 3735 1155; x_wconf 77' lang='lat' dir='ltr'><strong>uoe</strong></span> 
     </span>
     <span class='ocr_line' id='line_1_65' title="bbox 2283 1183 3735 1251; baseline 0.002 -19"><span class='ocrx_word' id='word_1_541' title='bbox 2283 1183 2390 1235; x_wconf 87' lang='lat' dir='ltr'><strong>ideo</strong></span> <span class='ocrx_word' id='word_1_542' title='bbox 2425 1198 2568 1235; x_wconf 87' lang='lat' dir='ltr'><strong>causa</strong></span> <span class='ocrx_word' id='word_1_543' title='bbox 2599 1186 2770 1237; x_wconf 79' lang='lat' dir='ltr'><strong>cadere</strong></span> <span class='ocrx_word' id='word_1_544' title='bbox 2803 1190 2890 1237; x_wconf 86' lang='lat' dir='ltr'><strong>aut</strong></span> <span class='ocrx_word' id='word_1_545' title='bbox 2916 1188 3026 1251; x_wconf 85' lang='lat' dir='ltr'><strong>jura</strong></span> <span class='ocrx_word' id='word_1_546' title='bbox 3061 1188 3199 1239; x_wconf 86' lang='lat' dir='ltr'><strong>nobis</strong></span> <span class='ocrx_word' id='word_1_547' title='bbox 3240 1192 3400 1239; x_wconf 86' lang='lat' dir='ltr'><strong>nostra</strong></span> <span class='ocrx_word' id='word_1_548' title='bbox 3435 1188 3624 1237; x_wconf 84' lang='lat' dir='ltr'><strong>imminui</strong></span> <span class='ocrx_word' id='word_1_549' title='bbox 3653 1188 3735 1247; x_wconf 75' lang='lat' dir='ltr'><strong>(non</strong></span> 
     </span>
     <span class='ocr_line' id='line_1_66' title="bbox 2283 1270 3734 1343; baseline 0.004 -24"><span class='ocrx_word' id='word_1_550' title='bbox 2283 1270 2410 1320; x_wconf 86' lang='lat' dir='ltr'><strong>enim</strong></span> <span class='ocrx_word' id='word_1_551' title='bbox 2427 1270 2521 1322; x_wconf 87' lang='lat' dir='ltr'><strong>hoc</strong></span> <span class='ocrx_word' id='word_1_552' title='bbox 2549 1273 2602 1323; x_wconf 90' lang='lat' dir='ltr'><strong>in</strong></span> <span class='ocrx_word' id='word_1_553' title='bbox 2625 1286 2824 1324; x_wconf 88' lang='lat' dir='ltr'><strong>censum</strong></span> <span class='ocrx_word' id='word_1_554' title='bbox 2857 1276 3018 1337; x_wconf 67' lang='lat' dir='ltr'><strong>venit,</strong></span> <span class='ocrx_word' id='word_1_555' title='bbox 3037 1275 3123 1326; x_wconf 87' lang='lat' dir='ltr'><strong>sed</strong></span> <span class='ocrx_word' id='word_1_556' title='bbox 3143 1289 3400 1340; x_wconf 75' lang='lat' dir='ltr'><strong>aequumne</strong></span> <span class='ocrx_word' id='word_1_557' title='bbox 3413 1278 3472 1329; x_wconf 88' lang='lat' dir='ltr'><strong>sit</strong></span> <span class='ocrx_word' id='word_1_558' title='bbox 3495 1278 3602 1343; x_wconf 84' lang='lat' dir='ltr'><strong>quod</strong></span> <span class='ocrx_word' id='word_1_559' title='bbox 3627 1280 3666 1325; x_wconf 87' lang='lat' dir='ltr'><strong>tu</strong></span> <span class='ocrx_word' id='word_1_560' title='bbox 3682 1288 3734 1337; x_wconf 58' lang='lat' dir='ltr'><strong>pe</strong></span> 
     </span>
     <span class='ocr_line' id='line_1_67' title="bbox 2283 1354 3736 1419; baseline 0.003 -14"><span class='ocrx_word' id='word_1_561' title='bbox 2283 1354 2432 1405; x_wconf 68' lang='lat' dir='ltr'><strong>stuloe</strong></span> <span class='ocrx_word' id='word_1_562' title='bbox 2453 1356 2636 1419; x_wconf 88' lang='lat' dir='ltr'><strong>necne)</strong></span> <span class='ocrx_word' id='word_1_563' title='bbox 2672 1376 2686 1408; x_wconf 71' lang='grc' dir='ltr'><strong>ε</strong></span> <span class='ocrx_word' id='word_1_564' title='bbox 2733 1358 3043 1409; x_wconf 82' lang='lat' dir='ltr'><strong>nihilominus</strong></span> <span class='ocrx_word' id='word_1_565' title='bbox 3071 1361 3236 1411; x_wconf 84' lang='lat' dir='ltr'><strong>tamen</strong></span> <span class='ocrx_word' id='word_1_566' title='bbox 3269 1363 3414 1411; x_wconf 83' lang='lat' dir='ltr'><strong>etiam</strong></span> <span class='ocrx_word' id='word_1_567' title='bbox 3439 1361 3498 1411; x_wconf 86' lang='lat' dir='ltr'><strong>de</strong></span> <span class='ocrx_word' id='word_1_568' title='bbox 3531 1362 3592 1411; x_wconf 84' lang='lat' dir='ltr'><strong>his</strong></span> <span class='ocrx_word' id='word_1_569' title='bbox 3609 1372 3736 1409; x_wconf 73' lang='lat' dir='ltr'><strong>oeusau</strong></span> 
     </span>
     <span class='ocr_line' id='line_1_68' title="bbox 2283 1436 3736 1507; baseline 0.004 -21"><span class='ocrx_word' id='word_1_570' title='bbox 2283 1436 2517 1489; x_wconf 84' lang='lat' dir='ltr'><strong>hahemus</strong></span> <span class='ocrx_word' id='word_1_571' title='bbox 2532 1440 2736 1503; x_wconf 75' lang='lat' dir='ltr'><strong>allegare</strong></span> <span class='ocrx_word' id='word_1_572' title='bbox 2753 1441 2992 1493; x_wconf 83' lang='lat' dir='ltr'><strong>idoneam.</strong></span> <span class='ocrx_word' id='word_1_573' title='bbox 3021 1444 3123 1507; x_wconf 79' lang='lat'>(19)</span> <span class='ocrx_word' id='word_1_574' title='bbox 3143 1446 3286 1495; x_wconf 84' lang='lat' dir='ltr'><strong>Pater</strong></span> <span class='ocrx_word' id='word_1_575' title='bbox 3303 1457 3469 1507; x_wconf 85' lang='lat' dir='ltr'><strong>nempe</strong></span> <span class='ocrx_word' id='word_1_576' title='bbox 3493 1458 3608 1495; x_wconf 85' lang='lat' dir='ltr'><strong>meus</strong></span> <span class='ocrx_word' id='word_1_577' title='bbox 3623 1458 3664 1493; x_wconf 75' lang='lat' dir='ltr'><strong>ea</strong></span> <span class='ocrx_word' id='word_1_578' title='bbox 3677 1444 3736 1503; x_wconf 68' lang='lat' dir='ltr'><strong>lege</strong></span> 
     </span>
     <span class='ocr_line' id='line_1_69' title="bbox 2283 1522 3736 1593; baseline 0.005 -20"><span class='ocrx_word' id='word_1_579' title='bbox 2283 1522 2374 1573; x_wconf 86' lang='lat' dir='ltr'><strong>sihi</strong></span> <span class='ocrx_word' id='word_1_580' title='bbox 2393 1524 2677 1589; x_wconf 80' lang='lat' dir='ltr'>desponderi</span> <span class='ocrx_word' id='word_1_581' title='bbox 2707 1528 2913 1579; x_wconf 85' lang='lat' dir='ltr'><strong>matrem</strong></span> <span class='ocrx_word' id='word_1_582' title='bbox 2936 1542 3094 1579; x_wconf 86' lang='lat' dir='ltr'><strong>meam</strong></span> <span class='ocrx_word' id='word_1_583' title='bbox 3125 1543 3291 1593; x_wconf 80' lang='lat' dir='ltr'><strong>passus</strong></span> <span class='ocrx_word' id='word_1_584' title='bbox 3311 1532 3482 1592; x_wconf 78' lang='lat' dir='ltr'><strong>tuerat,</strong></span> <span class='ocrx_word' id='word_1_585' title='bbox 3503 1532 3552 1581; x_wconf 89' lang='lat' dir='ltr'><strong>ut</strong></span> <span class='ocrx_word' id='word_1_586' title='bbox 3565 1530 3652 1581; x_wconf 86' lang='lat' dir='ltr'><strong>dote</strong></span> <span class='ocrx_word' id='word_1_587' title='bbox 3665 1544 3736 1579; x_wconf 78' lang='lat' dir='ltr'><strong>eon·</strong></span> 
     </span>
     <span class='ocr_line' id='line_1_70' title="bbox 2285 1611 3736 1683; baseline 0.003 -23"><span class='ocrx_word' id='word_1_588' title='bbox 2285 1611 2446 1661; x_wconf 89' lang='lat' dir='ltr'><strong>tentus</strong></span> <span class='ocrx_word' id='word_1_589' title='bbox 2465 1616 2617 1676; x_wconf 70' lang='grc' dir='ltr'>εεεεῐς</span> <span class='ocrx_word' id='word_1_590' title='bbox 2647 1614 2806 1679; x_wconf 84' lang='lat' dir='ltr'><strong>ipsam</strong></span> <span class='ocrx_word' id='word_1_591' title='bbox 2827 1616 3145 1668; x_wconf 77' lang='lat' dir='ltr'><strong>hereditatem</strong></span> <span class='ocrx_word' id='word_1_592' title='bbox 3176 1632 3276 1670; x_wconf 88' lang='lat' dir='ltr'><strong>non</strong></span> <span class='ocrx_word' id='word_1_593' title='bbox 3293 1620 3472 1683; x_wconf 82' lang='lat' dir='ltr'><strong>poterat</strong></span> <span class='ocrx_word' id='word_1_594' title='bbox 3487 1620 3541 1669; x_wconf 82' lang='lat' dir='ltr'><strong>ab</strong></span> <span class='ocrx_word' id='word_1_595' title='bbox 3565 1618 3638 1669; x_wconf 86' lang='lat' dir='ltr'><strong>illis</strong></span> <span class='ocrx_word' id='word_1_596' title='bbox 3657 1616 3736 1665; x_wconf 80' lang='lat' dir='ltr'><strong>redi·</strong></span> 
     </span>
     <span class='ocr_line' id='line_1_71' title="bbox 2284 1699 3736 1769; baseline 0.01 -23"><span class='ocrx_word' id='word_1_597' title='bbox 2284 1708 2421 1760; x_wconf 81' lang='lat' dir='ltr'><strong>gere,</strong></span> <span class='ocrx_word' id='word_1_598' title='bbox 2455 1699 2541 1760; x_wconf 86' lang='lat' dir='ltr'><strong>qui</strong></span> <span class='ocrx_word' id='word_1_599' title='bbox 2568 1700 2894 1752; x_wconf 87' lang='lat' dir='ltr'><strong>emolumenta</strong></span> <span class='ocrx_word' id='word_1_600' title='bbox 2933 1703 3038 1765; x_wconf 82' lang='lat' dir='ltr'><strong>eius</strong></span> <span class='ocrx_word' id='word_1_601' title='bbox 3061 1704 3386 1768; x_wconf 73' lang='lat' dir='ltr'><strong>percipiebant</strong></span> <span class='ocrx_word' id='word_1_602' title='bbox 3415 1725 3428 1758; x_wconf 88' lang='lat'>:</span> <span class='ocrx_word' id='word_1_603' title='bbox 3461 1704 3618 1769; x_wconf 75' lang='lat' dir='ltr'><strong>quoties</strong></span> <span class='ocrx_word' id='word_1_604' title='bbox 3639 1704 3736 1761; x_wconf 70' lang='lat' dir='ltr'><strong>enim,</strong></span> 
     </span>
     <span class='ocr_line' id='line_1_72' title="bbox 2283 1772 3736 1851; baseline 0.007 -21"><span class='ocrx_word' id='word_1_605' title='bbox 2283 1780 2516 1833; x_wconf 74' lang='lat' dir='ltr'><strong>suadente</strong></span> <span class='ocrx_word' id='word_1_606' title='bbox 2534 1785 2714 1848; x_wconf 85' lang='lat' dir='ltr'><strong>matre,</strong></span> <span class='ocrx_word' id='word_1_607' title='bbox 2732 1785 2877 1850; x_wconf 87' lang='lat' dir='ltr'><strong>hujus</strong></span> <span class='ocrx_word' id='word_1_608' title='bbox 2895 1788 2964 1838; x_wconf 88' lang='lat' dir='ltr'><strong>rei</strong></span> <span class='ocrx_word' id='word_1_609' title='bbox 2987 1772 3280 1840; x_wconf 81' lang='lat' dir='ltr'><strong>mentionem</strong></span> <span class='ocrx_word' id='word_1_610' title='bbox 3297 1792 3492 1851; x_wconf 72' lang='lat' dir='ltr'><strong>taceret,</strong></span> <span class='ocrx_word' id='word_1_611' title='bbox 3511 1791 3554 1840; x_wconf 85' lang='lat' dir='ltr'><strong>hi</strong></span> <span class='ocrx_word' id='word_1_612' title='bbox 3569 1788 3736 1839; x_wconf 67' lang='lat' dir='ltr'><strong>minam</strong></span> 
     </span>
     <span class='ocr_line' id='line_1_73' title="bbox 2285 1866 3736 1939; baseline 0.006 -24"><span class='ocrx_word' id='word_1_613' title='bbox 2285 1866 2366 1915; x_wconf 87' lang='lat' dir='ltr'><strong>tur</strong></span> <span class='ocrx_word' id='word_1_614' title='bbox 2382 1874 2434 1919; x_wconf 77' lang='lat' dir='ltr'><strong>se</strong></span> <span class='ocrx_word' id='word_1_615' title='bbox 2447 1882 2650 1920; x_wconf 82' lang='lat' dir='ltr'><strong>uxorem</strong></span> <span class='ocrx_word' id='word_1_616' title='bbox 2672 1870 2820 1934; x_wconf 82' lang='lat' dir='ltr'><strong>ipsius</strong></span> <span class='ocrx_word' id='word_1_617' title='bbox 2839 1873 2888 1922; x_wconf 91' lang='lat' dir='ltr'><strong>in</strong></span> <span class='ocrx_word' id='word_1_618' title='bbox 2903 1871 3012 1934; x_wconf 79' lang='lat' dir='ltr'><strong>iure</strong></span> <span class='ocrx_word' id='word_1_619' title='bbox 3029 1874 3120 1925; x_wconf 87' lang='lat' dir='ltr'><strong>sibi</strong></span> <span class='ocrx_word' id='word_1_620' title='bbox 3137 1887 3242 1926; x_wconf 82' lang='lat' dir='ltr'><strong>esse</strong></span> <span class='ocrx_word' id='word_1_621' title='bbox 3261 1876 3584 1939; x_wconf 74' lang='lat' dir='ltr'><strong>postulaturos,</strong></span> <span class='ocrx_word' id='word_1_622' title='bbox 3603 1874 3634 1923; x_wconf 84' lang='lat' dir='ltr'><strong>si</strong></span> <span class='ocrx_word' id='word_1_623' title='bbox 3648 1870 3736 1921; x_wconf 65' lang='lat' dir='ltr'><strong>nollet</strong></span> 
     </span>
     <span class='ocr_line' id='line_1_74' title="bbox 2287 1956 3736 2025; baseline 0.003 -21"><span class='ocrx_word' id='word_1_624' title='bbox 2287 1965 2394 2004; x_wconf 84' lang='lat' dir='ltr'><strong>eam</strong></span> <span class='ocrx_word' id='word_1_625' title='bbox 2417 1956 2508 2006; x_wconf 86' lang='lat' dir='ltr'><strong>sub</strong></span> <span class='ocrx_word' id='word_1_626' title='bbox 2525 1958 2797 2009; x_wconf 86' lang='lat' dir='ltr'><strong>conditione</strong></span> <span class='ocrx_word' id='word_1_627' title='bbox 2825 1956 2952 2009; x_wconf 86' lang='lat' dir='ltr'><strong>dotis</strong></span> <span class='ocrx_word' id='word_1_628' title='bbox 2968 1958 3162 2011; x_wconf 77' lang='lat' dir='ltr'><strong>habere.</strong></span> <span class='ocrx_word' id='word_1_629' title='bbox 3231 1964 3374 2013; x_wconf 87' lang='lat' dir='ltr'><strong>Pater</strong></span> <span class='ocrx_word' id='word_1_630' title='bbox 3401 1963 3569 2025; x_wconf 76' lang='lat' dir='ltr'><strong>itaque,</strong></span> <span class='ocrx_word' id='word_1_631' title='bbox 3585 1974 3632 2011; x_wconf 83' lang='lat' dir='ltr'><strong>ne</strong></span> <span class='ocrx_word' id='word_1_632' title='bbox 3645 1964 3736 2008; x_wconf 77' lang='lat' dir='ltr'><strong>mir!</strong></span> 
     </span>
     <span class='ocr_line' id='line_1_75' title="bbox 2289 2040 3736 2110; baseline 0.008 -22"><span class='ocrx_word' id='word_1_633' title='bbox 2289 2040 2576 2104; x_wconf 79' lang='lat' dir='ltr'><strong>privaretur,</strong></span> <span class='ocrx_word' id='word_1_634' title='bbox 2613 2043 2728 2092; x_wconf 80' lang='lat' dir='ltr'><strong>sivit</strong></span> <span class='ocrx_word' id='word_1_635' title='bbox 2763 2056 2846 2093; x_wconf 87' lang='lat' dir='ltr'><strong>eos</strong></span> <span class='ocrx_word' id='word_1_636' title='bbox 2878 2042 3120 2095; x_wconf 86' lang='lat' dir='ltr'><strong>bonorum</strong></span> <span class='ocrx_word' id='word_1_637' title='bbox 3146 2058 3288 2097; x_wconf 82' lang='lat' dir='ltr'><strong>usum</strong></span> <span class='ocrx_word' id='word_1_638' title='bbox 3327 2048 3526 2097; x_wconf 58' lang='lat' dir='ltr'><strong>trudam</strong></span> <span class='ocrx_word' id='word_1_639' title='bbox 3553 2045 3736 2110; x_wconf 58' lang='lat' dir='ltr'><strong>percipere</strong></span> 
     </span>
     <span class='ocr_line' id='line_1_76' title="bbox 2291 2117 3736 2187; baseline 0.002 -20"><span class='ocrx_word' id='word_1_640' title='bbox 2291 2117 2438 2168; x_wconf 82' lang='lat' dir='ltr'><strong>etiam</strong></span> <span class='ocrx_word' id='word_1_641' title='bbox 2463 2120 2502 2169; x_wconf 85' lang='lat' dir='ltr'><strong>si</strong></span> <span class='ocrx_word' id='word_1_642' title='bbox 2525 2118 2676 2183; x_wconf 86' lang='lat' dir='ltr'><strong>duplo</strong></span> <span class='ocrx_word' id='word_1_643' title='bbox 2706 2121 2938 2184; x_wconf 81' lang='lat' dir='ltr'><strong>ampliora</strong></span> <span class='ocrx_word' id='word_1_644' title='bbox 2970 2122 3187 2173; x_wconf 74' lang='lat' dir='ltr'><strong>fuissent.</strong></span> <span class='ocrx_word' id='word_1_645' title='bbox 3255 2124 3354 2187; x_wconf 85' lang='lat'><strong>(20)</strong></span> <span class='ocrx_word' id='word_1_646' title='bbox 3387 2128 3510 2175; x_wconf 78' lang='lat' dir='ltr'><strong>Hanc</strong></span> <span class='ocrx_word' id='word_1_647' title='bbox 3537 2125 3589 2173; x_wconf 90' lang='lat' dir='ltr'><strong>ob</strong></span> <span class='ocrx_word' id='word_1_648' title='bbox 3615 2134 3736 2171; x_wconf 70' lang='lat' dir='ltr'><strong>musam</strong></span> 
     </span>
     <span class='ocr_line' id='line_1_77' title="bbox 2286 2196 3736 2268; baseline 0.005 -23"><span class='ocrx_word' id='word_1_649' title='bbox 2286 2196 2422 2260; x_wconf 74' lang='lat' dir='ltr'><strong>pater</strong></span> <span class='ocrx_word' id='word_1_650' title='bbox 2457 2200 2555 2247; x_wconf 85' lang='lat' dir='ltr'><strong>tam</strong></span> <span class='ocrx_word' id='word_1_651' title='bbox 2577 2196 2662 2247; x_wconf 88' lang='lat' dir='ltr'><strong>diu</strong></span> <span class='ocrx_word' id='word_1_652' title='bbox 2693 2201 2896 2251; x_wconf 80' lang='lat' dir='ltr'><strong>cessavit</strong></span> <span class='ocrx_word' id='word_1_653' title='bbox 2915 2201 3083 2251; x_wconf 84' lang='lat' dir='ltr'><strong>uxoris</strong></span> <span class='ocrx_word' id='word_1_654' title='bbox 3107 2201 3221 2264; x_wconf 81' lang='lat' dir='ltr'><strong>Jura</strong></span> <span class='ocrx_word' id='word_1_655' title='bbox 3237 2202 3290 2254; x_wconf 91' lang='lat' dir='ltr'><strong>in</strong></span> <span class='ocrx_word' id='word_1_656' title='bbox 3307 2205 3412 2254; x_wconf 80' lang='lat' dir='ltr'><strong>roro</strong></span> <span class='ocrx_word' id='word_1_657' title='bbox 3427 2205 3616 2268; x_wconf 74' lang='lat' dir='ltr'><strong>persequi</strong></span> <span class='ocrx_word' id='word_1_658' title='bbox 3635 2204 3736 2264; x_wconf 66' lang='lat' dir='ltr'><strong>:pod-</strong></span> 
     </span>
     <span class='ocr_line' id='line_1_78' title="bbox 2289 2279 3736 2352; baseline 0.007 -24"><span class='ocrx_word' id='word_1_659' title='bbox 2289 2279 2489 2330; x_wconf 88' lang='lat' dir='ltr'><strong>modum</strong></span> <span class='ocrx_word' id='word_1_660' title='bbox 2523 2282 2784 2336; x_wconf 78' lang='lat' dir='ltr'><strong>intervenit</strong></span> <span class='ocrx_word' id='word_1_661' title='bbox 2817 2286 2998 2337; x_wconf 79' lang='lat' dir='ltr'><strong>bellum</strong></span> <span class='ocrx_word' id='word_1_662' title='bbox 3030 2286 3422 2352; x_wconf 80' lang='lat' dir='ltr'><strong>Corinthiacum,</strong></span> <span class='ocrx_word' id='word_1_663' title='bbox 3451 2290 3498 2339; x_wconf 91' lang='lat' dir='ltr'><strong>in</strong></span> <span class='ocrx_word' id='word_1_664' title='bbox 3519 2302 3604 2352; x_wconf 81' lang='lat' dir='ltr'><strong>quo</strong></span> <span class='ocrx_word' id='word_1_665' title='bbox 3625 2296 3736 2349; x_wconf 65' lang='lat' dir='ltr'><strong>egoque</strong></span> 
     </span>
     <span class='ocr_line' id='line_1_79' title="bbox 2288 2365 3736 2437; baseline 0.005 -23"><span class='ocrx_word' id='word_1_666' title='bbox 2288 2365 2518 2429; x_wconf 83' lang='lat' dir='ltr'><strong>paterque</strong></span> <span class='ocrx_word' id='word_1_667' title='bbox 2529 2368 2842 2421; x_wconf 75' lang='lat' dir='ltr'><strong>militavimus</strong></span> <span class='ocrx_word' id='word_1_668' title='bbox 2855 2370 3152 2435; x_wconf 83' lang='lat' dir='ltr'><strong>necessario;</strong></span> <span class='ocrx_word' id='word_1_669' title='bbox 3173 2386 3275 2437; x_wconf 86' lang='lat' dir='ltr'><strong>quo</strong></span> <span class='ocrx_word' id='word_1_670' title='bbox 3299 2374 3472 2425; x_wconf 77' lang='lat' dir='ltr'><strong>sactum</strong></span> <span class='ocrx_word' id='word_1_671' title='bbox 3487 2375 3550 2423; x_wconf 85' lang='lat' dir='ltr'><strong>est</strong></span> <span class='ocrx_word' id='word_1_672' title='bbox 3563 2374 3608 2421; x_wconf 85' lang='lat' dir='ltr'><strong>ut</strong></span> <span class='ocrx_word' id='word_1_673' title='bbox 3617 2370 3736 2430; x_wconf 69' lang='lat' dir='ltr'><strong>uffiqm</strong></span> 
     </span>
     <span class='ocr_line' id='line_1_80' title="bbox 2290 2451 3736 2521; baseline 0.003 -23"><span class='ocrx_word' id='word_1_674' title='bbox 2290 2451 2510 2499; x_wconf 83' lang='lat' dir='ltr'><strong>nostrum</strong></span> <span class='ocrx_word' id='word_1_675' title='bbox 2549 2464 2716 2513; x_wconf 86' lang='lat' dir='ltr'><strong>poenas</strong></span> <span class='ocrx_word' id='word_1_676' title='bbox 2753 2453 2816 2503; x_wconf 85' lang='lat' dir='ltr'><strong>ab</strong></span> <span class='ocrx_word' id='word_1_677' title='bbox 2855 2453 2932 2503; x_wconf 85' lang='lat' dir='ltr'><strong>his</strong></span> <span class='ocrx_word' id='word_1_678' title='bbox 2967 2456 3164 2506; x_wconf 85' lang='lat' dir='ltr'><strong>meritas</strong></span> <span class='ocrx_word' id='word_1_679' title='bbox 3199 2458 3413 2521; x_wconf 85' lang='lat' dir='ltr'><strong>repetere</strong></span> <span class='ocrx_word' id='word_1_680' title='bbox 3442 2458 3629 2521; x_wconf 77' lang='lat' dir='ltr'><strong>negatum</strong></span> <span class='ocrx_word' id='word_1_681' title='bbox 3653 2454 3736 2503; x_wconf 61' lang='lat' dir='ltr'><strong>eeti-</strong></span> 
     </span>
     <span class='ocr_line' id='line_1_81' title="bbox 2292 2529 3736 2600; baseline 0.006 -24"><span class='ocrx_word' id='word_1_682' title='bbox 2292 2530 2412 2577; x_wconf 85' lang='lat' dir='ltr'><strong>Pace</strong></span> <span class='ocrx_word' id='word_1_683' title='bbox 2428 2532 2590 2578; x_wconf 72' lang='lat' dir='ltr'><strong>aulon</strong></span> <span class='ocrx_word' id='word_1_684' title='bbox 2606 2529 2826 2580; x_wconf 81' lang='lat' dir='ltr'><strong>restituta</strong></span> <span class='ocrx_word' id='word_1_685' title='bbox 2843 2530 2936 2581; x_wconf 89' lang='lat' dir='ltr'><strong>hoc</strong></span> <span class='ocrx_word' id='word_1_686' title='bbox 2948 2534 3068 2585; x_wconf 86' lang='lat' dir='ltr'><strong>mihi</strong></span> <span class='ocrx_word' id='word_1_687' title='bbox 3086 2536 3288 2600; x_wconf 85' lang='lat' dir='ltr'><strong>contigit</strong></span> <span class='ocrx_word' id='word_1_688' title='bbox 3307 2536 3611 2593; x_wconf 73' lang='lat' dir='ltr'><strong>infortunium,</strong></span> <span class='ocrx_word' id='word_1_689' title='bbox 3623 2534 3662 2581; x_wconf 84' lang='lat' dir='ltr'><strong>ut</strong></span> <span class='ocrx_word' id='word_1_690' title='bbox 3672 2542 3736 2579; x_wconf 70' lang='lat' dir='ltr'><strong>m</strong></span> 
     </span>
     <span class='ocr_line' id='line_1_82' title="bbox 2291 2604 3736 2675; baseline 0.012 -22"><span class='ocrx_word' id='word_1_691' title='bbox 2291 2604 2390 2654; x_wconf 89' lang='lat' dir='ltr'><strong>rius</strong></span> <span class='ocrx_word' id='word_1_692' title='bbox 2411 2604 2573 2654; x_wconf 74' lang='lat' dir='ltr'><strong>{ierem</strong></span> <span class='ocrx_word' id='word_1_693' title='bbox 2601 2606 2906 2673; x_wconf 79' lang='lat' dir='ltr'><strong>reipublicoe;</strong></span> <span class='ocrx_word' id='word_1_694' title='bbox 2934 2614 3230 2675; x_wconf 84' lang='lat' dir='ltr'><strong>quapropter</strong></span> <span class='ocrx_word' id='word_1_695' title='bbox 3261 2626 3375 2663; x_wconf 88' lang='lat' dir='ltr'><strong>cum</strong></span> <span class='ocrx_word' id='word_1_696' title='bbox 3409 2612 3477 2662; x_wconf 81' lang='lat' dir='ltr'><strong>his</strong></span> <span class='ocrx_word' id='word_1_697' title='bbox 3495 2612 3539 2661; x_wconf 89' lang='lat' dir='ltr'><strong>in</strong></span> <span class='ocrx_word' id='word_1_698' title='bbox 3561 2612 3642 2674; x_wconf 79' lang='lat' dir='ltr'><strong>jure</strong></span> <span class='ocrx_word' id='word_1_699' title='bbox 3657 2616 3736 2669; x_wconf 64' lang='lat'><strong>³5³³</strong></span> 
     </span>
     <span class='ocr_line' id='line_1_83' title="bbox 2291 2686 3736 2756; baseline 0.008 -23"><span class='ocrx_word' id='word_1_700' title='bbox 2291 2698 2388 2734; x_wconf 88' lang='lat' dir='ltr'><strong>non</strong></span> <span class='ocrx_word' id='word_1_701' title='bbox 2417 2686 2609 2738; x_wconf 82' lang='lat' dir='ltr'><strong>licebat.</strong></span> <span class='ocrx_word' id='word_1_702' title='bbox 2678 2688 2944 2741; x_wconf 81' lang='lat' dir='ltr'><strong>Habuimus</strong></span> <span class='ocrx_word' id='word_1_703' title='bbox 2981 2691 3144 2756; x_wconf 86' lang='lat' dir='ltr'><strong>itaque</strong></span> <span class='ocrx_word' id='word_1_704' title='bbox 3167 2708 3340 2747; x_wconf 85' lang='lat' dir='ltr'><strong>causas</strong></span> <span class='ocrx_word' id='word_1_705' title='bbox 3371 2699 3532 2747; x_wconf 75' lang='lat' dir='ltr'><strong>nostrae</strong></span> <span class='ocrx_word' id='word_1_706' title='bbox 3557 2688 3736 2744; x_wconf 61' lang='lat' dir='ltr'><strong>cessationi!</strong></span> 
     </span>
     <span class='ocr_line' id='line_1_84' title="bbox 2291 2765 3736 2838; baseline 0.006 -23"><span class='ocrx_word' id='word_1_707' title='bbox 2291 2765 2546 2827; x_wconf 82' lang='lat' dir='ltr'><strong>legitimas.</strong></span> <span class='ocrx_word' id='word_1_708' title='bbox 2615 2768 2713 2832; x_wconf 79' lang='lat'><em>(21)</em></span> <span class='ocrx_word' id='word_1_709' title='bbox 2747 2772 2888 2821; x_wconf 80' lang='lat' dir='ltr'><strong>Nunc</strong></span> <span class='ocrx_word' id='word_1_710' title='bbox 2917 2774 3079 2823; x_wconf 83' lang='lat' dir='ltr'><strong>autem</strong></span> <span class='ocrx_word' id='word_1_711' title='bbox 3108 2776 3302 2836; x_wconf 76' lang='lat' dir='ltr'><strong>iustum</strong></span> <span class='ocrx_word' id='word_1_712' title='bbox 3324 2778 3396 2827; x_wconf 80' lang='lat' dir='ltr'><strong>est</strong></span> <span class='ocrx_word' id='word_1_713' title='bbox 3417 2776 3534 2826; x_wconf 87' lang='lat' dir='ltr'><strong>hunc</strong></span> <span class='ocrx_word' id='word_1_714' title='bbox 3555 2774 3736 2838; x_wconf 60' lang='lat' dir='ltr'><strong>[xmae</strong></span> 
     </span>
     <span class='ocr_line' id='line_1_85' title="bbox 2292 2850 3736 2922; baseline 0.01 -23"><span class='ocrx_word' id='word_1_715' title='bbox 2292 2850 2437 2915; x_wconf 89' lang='lat' dir='ltr'><strong>tum]</strong></span> <span class='ocrx_word' id='word_1_716' title='bbox 2475 2852 2664 2916; x_wconf 86' lang='lat' dir='ltr'><strong>dicere,</strong></span> <span class='ocrx_word' id='word_1_717' title='bbox 2710 2854 2932 2918; x_wconf 87' lang='lat' dir='ltr'><strong>quisnam</strong></span> <span class='ocrx_word' id='word_1_718' title='bbox 2957 2856 3003 2907; x_wconf 87' lang='lat' dir='ltr'><strong>ei</strong></span> <span class='ocrx_word' id='word_1_719' title='bbox 3041 2857 3166 2909; x_wconf 80' lang='lat' dir='ltr'><strong>hanc</strong></span> <span class='ocrx_word' id='word_1_720' title='bbox 3217 2861 3524 2913; x_wconf 85' lang='lat' dir='ltr'><strong>hereditatem</strong></span> <span class='ocrx_word' id='word_1_721' title='bbox 3550 2858 3691 2922; x_wconf 75' lang='lat' dir='ltr'><strong>legarit,</strong></span> <span class='ocrx_word' id='word_1_722' title='bbox 3715 2850 3736 2914; x_wconf 60' lang='grc' dir='ltr'><strong>(ί</strong></span> 
     </span>
     <span class='ocr_line' id='line_1_86' title="bbox 2291 2932 3734 3003; baseline 0.011 -26"><span class='ocrx_word' id='word_1_723' title='bbox 2291 2940 2499 2990; x_wconf 86' lang='lat' dir='ltr'><strong>quarum</strong></span> <span class='ocrx_word' id='word_1_724' title='bbox 2540 2932 2698 2993; x_wconf 77' lang='lat' dir='ltr'><strong>legum</strong></span> <span class='ocrx_word' id='word_1_725' title='bbox 2737 2946 2796 2983; x_wconf 83' lang='lat' dir='ltr'><strong>ex</strong></span> <span class='ocrx_word' id='word_1_726' title='bbox 2851 2935 3137 2987; x_wconf 86' lang='lat' dir='ltr'><strong>auctoritate</strong></span> <span class='ocrx_word' id='word_1_727' title='bbox 3181 2938 3239 2989; x_wconf 82' lang='lat' dir='ltr'><strong>in</strong></span> <span class='ocrx_word' id='word_1_728' title='bbox 3280 2940 3520 3003; x_wconf 76' lang='lat' dir='ltr'><strong>collegium</strong></span> <span class='ocrx_word' id='word_1_729' title='bbox 3553 2938 3734 3001; x_wconf 60' lang='lat' dir='ltr'><strong>plantem</strong></span> 
     </span>
     <span class='ocr_line' id='line_1_87' title="bbox 2293 3008 3734 3081; baseline 0.003 -23"><span class='ocrx_word' id='word_1_730' title='bbox 2293 3008 2314 3074; x_wconf 91' lang='lat'>[</span> <span class='ocrx_word' id='word_1_731' title='bbox 2332 3008 2622 3077; x_wconf 76' lang='lat' dir='ltr'><strong>Aristarchi]</strong></span> <span class='ocrx_word' id='word_1_732' title='bbox 2642 3013 2872 3067; x_wconf 84' lang='lat' dir='ltr'><strong>inductus</strong></span> <span class='ocrx_word' id='word_1_733' title='bbox 2887 3016 2976 3081; x_wconf 86' lang='lat' dir='ltr'><strong>sit,</strong></span> <span class='ocrx_word' id='word_1_734' title='bbox 2997 3019 3046 3067; x_wconf 88' lang='lat' dir='ltr'><strong>et</strong></span> <span class='ocrx_word' id='word_1_735' title='bbox 3063 3030 3152 3068; x_wconf 88' lang='lat' dir='ltr'><strong>cur</strong></span> <span class='ocrx_word' id='word_1_736' title='bbox 3173 3022 3336 3071; x_wconf 84' lang='lat' dir='ltr'><strong>mater</strong></span> <span class='ocrx_word' id='word_1_737' title='bbox 3351 3034 3455 3071; x_wconf 87' lang='lat' dir='ltr'><strong>mea</strong></span> <span class='ocrx_word' id='word_1_738' title='bbox 3467 3030 3555 3069; x_wconf 85' lang='lat' dir='ltr'><strong>non</strong></span> <span class='ocrx_word' id='word_1_739' title='bbox 3569 3017 3674 3068; x_wconf 79' lang='lat' dir='ltr'><strong>suerit</strong></span> <span class='ocrx_word' id='word_1_740' title='bbox 3687 3010 3734 3063; x_wconf 73' lang='lat' dir='ltr'>ffi</span> 
     </span>
     <span class='ocr_line' id='line_1_88' title="bbox 2293 3094 3716 3156; baseline 0.002 -13"><span class='ocrx_word' id='word_1_741' title='bbox 2293 3106 2324 3143; x_wconf 87' lang='lat' dir='ltr'><strong>a</strong></span> <span class='ocrx_word' id='word_1_742' title='bbox 2342 3095 2480 3156; x_wconf 84' lang='lat' dir='ltr'><strong>patre</strong></span> <span class='ocrx_word' id='word_1_743' title='bbox 2497 3108 2611 3145; x_wconf 89' lang='lat' dir='ltr'><strong>cum</strong></span> <span class='ocrx_word' id='word_1_744' title='bbox 2631 3094 2896 3149; x_wconf 84' lang='lat' dir='ltr'><strong>hereditate</strong></span> <span class='ocrx_word' id='word_1_745' title='bbox 2917 3099 3101 3151; x_wconf 80' lang='lat' dir='ltr'><strong>relicta.</strong></span> <span class='ocrx_word' id='word_1_746' title='bbox 3167 3104 3296 3152; x_wconf 76' lang='lat' dir='ltr'><strong>Haec</strong></span> <span class='ocrx_word' id='word_1_747' title='bbox 3319 3104 3444 3153; x_wconf 84' lang='lat' dir='ltr'><strong>enim</strong></span> <span class='ocrx_word' id='word_1_748' title='bbox 3459 3103 3559 3153; x_wconf 73' lang='lat' dir='ltr'><strong>sunt</strong></span> <span class='ocrx_word' id='word_1_749' title='bbox 3571 3101 3636 3150; x_wconf 78' lang='lat' dir='ltr'><strong>illa</strong></span> <span class='ocrx_word' id='word_1_750' title='bbox 3649 3112 3686 3146; x_wconf 76' lang='grc' dir='ltr'><strong>α</strong></span> <span class='ocrx_word' id='word_1_751' title='bbox 3707 3096 3716 3107; x_wconf 86' lang='grc'><strong>”</strong></span> 
     </span>
     <span class='ocr_line' id='line_1_89' title="bbox 2293 3178 3676 3251; baseline 0.004 -22"><span class='ocrx_word' id='word_1_752' title='bbox 2293 3178 2354 3229; x_wconf 86' lang='lat' dir='ltr'><strong>de</strong></span> <span class='ocrx_word' id='word_1_753' title='bbox 2370 3180 2546 3243; x_wconf 82' lang='lat' dir='ltr'><strong>quibus</strong></span> <span class='ocrx_word' id='word_1_754' title='bbox 2563 3194 2651 3232; x_wconf 79' lang='lat' dir='ltr'><strong>vos</strong></span> <span class='ocrx_word' id='word_1_755' title='bbox 2676 3184 2890 3246; x_wconf 86' lang='lat' dir='ltr'><strong>oportet,</strong></span> <span class='ocrx_word' id='word_1_756' title='bbox 2909 3183 3094 3245; x_wconf 66' lang='lat' dir='ltr'><strong>iudices</strong></span> <span class='ocrx_word' id='word_1_757' title='bbox 3107 3222 3122 3249; x_wconf 90' lang='lat'><strong>,</strong></span> <span class='ocrx_word' id='word_1_758' title='bbox 3145 3189 3458 3250; x_wconf 80' lang='lat' dir='ltr'><strong>pronuntiare</strong></span> <span class='ocrx_word' id='word_1_759' title='bbox 3472 3226 3487 3251; x_wconf 91' lang='lat'><strong>,</strong></span> <span class='ocrx_word' id='word_1_760' title='bbox 3507 3200 3590 3237; x_wconf 83' lang='lat' dir='ltr'><strong>non</strong></span> <span class='ocrx_word' id='word_1_761' title='bbox 3602 3188 3676 3235; x_wconf 84' lang='lat' dir='ltr'><strong>tem</strong></span> 
     </span>
     <span class='ocr_line' id='line_1_90' title="bbox 2293 3256 3730 3344; baseline 0.006 -33"><span class='ocrx_word' id='word_1_762' title='bbox 2293 3262 2506 3325; x_wconf 83' lang='lat' dir='ltr'><strong>moveri,</strong></span> <span class='ocrx_word' id='word_1_763' title='bbox 2523 3263 2565 3313; x_wconf 86' lang='lat' dir='ltr'><strong>si</strong></span> <span class='ocrx_word' id='word_1_764' title='bbox 2583 3264 2706 3314; x_wconf 77' lang='lat' dir='ltr'><strong>forte</strong></span> <span class='ocrx_word' id='word_1_765' title='bbox 2737 3278 2827 3315; x_wconf 86' lang='lat' dir='ltr'><strong>nos</strong></span> <span class='ocrx_word' id='word_1_766' title='bbox 2852 3264 3100 3329; x_wconf 82' lang='lat' dir='ltr'><strong>aliquanto</strong></span> <span class='ocrx_word' id='word_1_767' title='bbox 3129 3270 3293 3322; x_wconf 83' lang='lat' dir='ltr'><strong>serius</strong></span> <span class='ocrx_word' id='word_1_768' title='bbox 3305 3272 3412 3336; x_wconf 83' lang='lat' dir='ltr'><strong>jura</strong></span> <span class='ocrx_word' id='word_1_769' title='bbox 3435 3274 3578 3323; x_wconf 78' lang='lat' dir='ltr'><strong>nostra</strong></span> <span class='ocrx_word' id='word_1_770' title='bbox 3600 3256 3730 3344; x_wconf 34' lang='lat' dir='ltr'><strong>exseq*</strong></span> 
     </span>
     <span class='ocr_line' id='line_1_91' title="bbox 2293 3346 3728 3420; baseline 0.008 -28"><span class='ocrx_word' id='word_1_771' title='bbox 2293 3356 2422 3396; x_wconf 86' lang='lat' dir='ltr'><strong>mur.</strong></span> <span class='ocrx_word' id='word_1_772' title='bbox 2485 3348 2570 3398; x_wconf 88' lang='lat' dir='ltr'><strong>Sin</strong></span> <span class='ocrx_word' id='word_1_773' title='bbox 2594 3350 2758 3399; x_wconf 87' lang='lat' dir='ltr'><strong>autem</strong></span> <span class='ocrx_word' id='word_1_774' title='bbox 2781 3349 2861 3399; x_wconf 83' lang='lat' dir='ltr'><strong>illa</strong></span> <span class='ocrx_word' id='word_1_775' title='bbox 2891 3349 3222 3405; x_wconf 85' lang='lat' dir='ltr'><strong>demonstrare</strong></span> <span class='ocrx_word' id='word_1_776' title='bbox 3245 3358 3501 3420; x_wconf 82' lang='lat' dir='ltr'><strong>nequeant,</strong></span> <span class='ocrx_word' id='word_1_777' title='bbox 3527 3356 3616 3417; x_wconf 76' lang='lat' dir='ltr'><strong>iure</strong></span> <span class='ocrx_word' id='word_1_778' title='bbox 3638 3346 3728 3399; x_wconf 66' lang='lat' dir='ltr'><strong>meri!</strong></span> 
     </span>
     <span class='ocr_line' id='line_1_92' title="bbox 2291 3426 3727 3494; baseline 0.006 -15"><span class='ocrx_word' id='word_1_779' title='bbox 2291 3442 2382 3480; x_wconf 78' lang='lat' dir='ltr'><strong>vos</strong></span> <span class='ocrx_word' id='word_1_780' title='bbox 2399 3432 2716 3494; x_wconf 86' lang='lat' dir='ltr'><strong>pronuntietis</strong></span> <span class='ocrx_word' id='word_1_781' title='bbox 2731 3432 3047 3485; x_wconf 79' lang='lat' dir='ltr'><strong>hereditatem</strong></span> <span class='ocrx_word' id='word_1_782' title='bbox 3065 3438 3287 3489; x_wconf 75' lang='lat' dir='ltr'><strong>nostram</strong></span> <span class='ocrx_word' id='word_1_783' title='bbox 3305 3452 3420 3491; x_wconf 81' lang='lat' dir='ltr'><strong>esse.</strong></span> <span class='ocrx_word' id='word_1_784' title='bbox 3725 3426 3727 3488; x_wconf 54' lang='lat' dir='ltr'><strong>l</strong></span> 
     </span>
    </p>

    <p class='ocr_par' dir='ltr' id='par_1_8' title="bbox 2289 3508 3690 5327">
     <span class='ocr_line' id='line_1_93' title="bbox 2356 3508 3644 3581; baseline 0.005 -23"><span class='ocrx_word' id='word_1_785' title='bbox 2356 3514 2433 3559; x_wconf 81' lang='lat'><strong>22.</strong></span> <span class='ocrx_word' id='word_1_786' title='bbox 2469 3509 2624 3560; x_wconf 87' lang='lat' dir='ltr'><strong>Probe</strong></span> <span class='ocrx_word' id='word_1_787' title='bbox 2644 3508 2809 3561; x_wconf 72' lang='lat' dir='ltr'><strong>autem</strong></span> <span class='ocrx_word' id='word_1_788' title='bbox 2830 3511 2972 3574; x_wconf 81' lang='lat' dir='ltr'><strong>novi,</strong></span> <span class='ocrx_word' id='word_1_789' title='bbox 2994 3525 3110 3576; x_wconf 75' lang='lat' dir='ltr'><strong>qum</strong></span> <span class='ocrx_word' id='word_1_790' title='bbox 3139 3516 3366 3581; x_wconf 84' lang='lat' dir='ltr'><strong>postulo,</strong></span> <span class='ocrx_word' id='word_1_791' title='bbox 3385 3530 3440 3567; x_wconf 77' lang='lat' dir='ltr'><strong>ea</strong></span> <span class='ocrx_word' id='word_1_792' title='bbox 3453 3518 3644 3580; x_wconf 60' lang='lat' dir='ltr'><strong>prestare</strong></span> 
     </span>
     <span class='ocr_line' id='line_1_94' title="bbox 2293 3585 3672 3654; baseline 0.006 -18"><span class='ocrx_word' id='word_1_793' title='bbox 2293 3586 2402 3636; x_wconf 89' lang='lat' dir='ltr'><strong>tum</strong></span> <span class='ocrx_word' id='word_1_794' title='bbox 2420 3585 2495 3635; x_wconf 88' lang='lat' dir='ltr'><strong>his</strong></span> <span class='ocrx_word' id='word_1_795' title='bbox 2524 3599 2624 3637; x_wconf 86' lang='lat' dir='ltr'><strong>esse</strong></span> <span class='ocrx_word' id='word_1_796' title='bbox 2639 3603 2657 3649; x_wconf 70' lang='grc' dir='ltr'>ς</span> <span class='ocrx_word' id='word_1_797' title='bbox 2688 3586 2882 3639; x_wconf 80' lang='lat' dir='ltr'><strong>difficile</strong></span> <span class='ocrx_word' id='word_1_798' title='bbox 2899 3589 3028 3640; x_wconf 90' lang='lat' dir='ltr'><strong>enim</strong></span> <span class='ocrx_word' id='word_1_799' title='bbox 3045 3592 3120 3641; x_wconf 88' lang='lat' dir='ltr'><strong>est</strong></span> <span class='ocrx_word' id='word_1_800' title='bbox 3139 3592 3308 3654; x_wconf 82' lang='lat' dir='ltr'><strong>legum</strong></span> <span class='ocrx_word' id='word_1_801' title='bbox 3325 3594 3482 3645; x_wconf 85' lang='lat' dir='ltr'><strong>edictis</strong></span> <span class='ocrx_word' id='word_1_802' title='bbox 3507 3596 3551 3643; x_wconf 86' lang='lat' dir='ltr'><strong>et</strong></span> <span class='ocrx_word' id='word_1_803' title='bbox 3566 3604 3672 3654; x_wconf 69' lang='lat' dir='ltr'><strong>aequo</strong></span> 
     </span>
     <span class='ocr_line' id='line_1_95' title="bbox 2293 3671 3690 3741; baseline 0.004 -23"><span class='ocrx_word' id='word_1_804' title='bbox 2293 3682 2554 3733; x_wconf 83' lang='lat' dir='ltr'><strong>repugnare</strong></span> <span class='ocrx_word' id='word_1_805' title='bbox 2575 3674 2660 3721; x_wconf 85' lang='lat' dir='ltr'><strong>:at</strong></span> <span class='ocrx_word' id='word_1_806' title='bbox 2681 3671 2828 3722; x_wconf 77' lang='lat' dir='ltr'><strong>verba</strong></span> <span class='ocrx_word' id='word_1_807' title='bbox 2844 3671 2906 3723; x_wconf 87' lang='lat' dir='ltr'><strong>de</strong></span> <span class='ocrx_word' id='word_1_808' title='bbox 2929 3672 3159 3726; x_wconf 76' lang='lat' dir='ltr'><strong>defuncto</strong></span> <span class='ocrx_word' id='word_1_809' title='bbox 3192 3675 3212 3740; x_wconf 92' lang='lat'><strong>[</strong></span> <span class='ocrx_word' id='word_1_810' title='bbox 3237 3680 3500 3729; x_wconf 74' lang='lat' dir='ltr'><strong>Aristarcho</strong></span> <span class='ocrx_word' id='word_1_811' title='bbox 3514 3672 3690 3741; x_wconf 80' lang='lat' dir='ltr'><strong>juniore}</strong></span> 
     </span>
     <span class='ocr_line' id='line_1_96' title="bbox 2294 3750 3642 3821; baseline 0.004 -19"><span class='ocrx_word' id='word_1_812' title='bbox 2294 3750 2423 3803; x_wconf 88' lang='lat' dir='ltr'><strong>cient</strong></span> <span class='ocrx_word' id='word_1_813' title='bbox 2446 3754 2660 3804; x_wconf 88' lang='lat' dir='ltr'><strong>oratione</strong></span> <span class='ocrx_word' id='word_1_814' title='bbox 2691 3754 2753 3804; x_wconf 79' lang='lat' dir='ltr'><strong>ad</strong></span> <span class='ocrx_word' id='word_1_815' title='bbox 2779 3754 2995 3805; x_wconf 86' lang='lat' dir='ltr'><strong>ciendam</strong></span> <span class='ocrx_word' id='word_1_816' title='bbox 3014 3759 3284 3821; x_wconf 80' lang='lat' dir='ltr'><strong>composita</strong></span> <span class='ocrx_word' id='word_1_817' title='bbox 3310 3762 3642 3818; x_wconf 82' lang='lat' dir='ltr'><strong>miserationem,</strong></span> 
     </span>
     <span class='ocr_line' id='line_1_97' title="bbox 2294 3837 3690 3910; baseline 0.002 -24"><span class='ocrx_word' id='word_1_818' title='bbox 2294 3837 2430 3888; x_wconf 76' lang='lat' dir='ltr'><strong>sortis</strong></span> <span class='ocrx_word' id='word_1_819' title='bbox 2477 3838 2550 3887; x_wconf 79' lang='lat' dir='ltr'><strong>vir</strong></span> <span class='ocrx_word' id='word_1_820' title='bbox 2591 3839 2642 3889; x_wconf 89' lang='lat' dir='ltr'><strong>in</strong></span> <span class='ocrx_word' id='word_1_821' title='bbox 2679 3839 2805 3889; x_wconf 87' lang='lat' dir='ltr'><strong>bello</strong></span> <span class='ocrx_word' id='word_1_822' title='bbox 2835 3838 3149 3906; x_wconf 81' lang='lat' dir='ltr'><strong>occubuerit,</strong></span> <span class='ocrx_word' id='word_1_823' title='bbox 3185 3846 3242 3895; x_wconf 84' lang='lat' dir='ltr'><strong>et</strong></span> <span class='ocrx_word' id='word_1_824' title='bbox 3277 3858 3424 3910; x_wconf 80' lang='lat' dir='ltr'><strong>qnam</strong></span> <span class='ocrx_word' id='word_1_825' title='bbox 3455 3845 3511 3895; x_wconf 83' lang='lat' dir='ltr'><strong>sit</strong></span> <span class='ocrx_word' id='word_1_826' title='bbox 3538 3852 3690 3905; x_wconf 76' lang='lat' dir='ltr'><strong>aequum</strong></span> 
     </span>
     <span class='ocr_line' id='line_1_98' title="bbox 2293 3920 3688 3989; baseline 0.009 -18"><span class='ocrx_word' id='word_1_827' title='bbox 2293 3932 2352 3971; x_wconf 90' lang='lat' dir='ltr'><strong>eo</strong></span> <span class='ocrx_word' id='word_1_828' title='bbox 2368 3933 2454 3984; x_wconf 87' lang='lat' dir='ltr'><strong>per</strong></span> <span class='ocrx_word' id='word_1_829' title='bbox 2479 3922 2821 3972; x_wconf 81' lang='lat' dir='ltr'><strong>testamentum</strong></span> <span class='ocrx_word' id='word_1_830' title='bbox 2844 3924 3109 3975; x_wconf 88' lang='lat' dir='ltr'><strong>constituta</strong></span> <span class='ocrx_word' id='word_1_831' title='bbox 3129 3930 3239 3976; x_wconf 80' lang='lat' dir='ltr'><strong>rata</strong></span> <span class='ocrx_word' id='word_1_832' title='bbox 3263 3940 3384 3979; x_wconf 81' lang='lat' dir='ltr'><strong>esse.</strong></span> <span class='ocrx_word' id='word_1_833' title='bbox 3442 3931 3530 3989; x_wconf 76' lang='lat' dir='ltr'><strong>Ego</strong></span> <span class='ocrx_word' id='word_1_834' title='bbox 3549 3937 3658 3984; x_wconf 74' lang='lat' dir='ltr'><strong>vem,</strong></span> <span class='ocrx_word' id='word_1_835' title='bbox 3675 3920 3688 3931; x_wconf 83' lang='grc'><em>“</em></span> 
     </span>
     <span class='ocr_line' id='line_1_99' title="bbox 2293 4002 3618 4066; baseline 0.006 -17"><span class='ocrx_word' id='word_1_836' title='bbox 2293 4012 2398 4064; x_wconf 87' lang='lat' dir='ltr'><strong>ces,</strong></span> <span class='ocrx_word' id='word_1_837' title='bbox 2432 4002 2531 4065; x_wconf 86' lang='lat' dir='ltr'><strong>ipse</strong></span> <span class='ocrx_word' id='word_1_838' title='bbox 2548 4015 2741 4066; x_wconf 89' lang='lat' dir='ltr'><strong>quoque</strong></span> <span class='ocrx_word' id='word_1_839' title='bbox 2766 4017 2936 4055; x_wconf 85' lang='lat' dir='ltr'><strong>censeo</strong></span> <span class='ocrx_word' id='word_1_840' title='bbox 2965 4006 3314 4058; x_wconf 85' lang='lat' dir='ltr'><strong>testamentum</strong></span> <span class='ocrx_word' id='word_1_841' title='bbox 3349 4020 3446 4058; x_wconf 86' lang='lat' dir='ltr'><strong>esse</strong></span> <span class='ocrx_word' id='word_1_842' title='bbox 3471 4005 3618 4057; x_wconf 83' lang='lat' dir='ltr'><strong>debere</strong></span> 
     </span>
     <span class='ocr_line' id='line_1_100' title="bbox 2293 4076 3674 4151; baseline 0.002 -18"><span class='ocrx_word' id='word_1_843' title='bbox 2293 4081 2412 4133; x_wconf 87' lang='lat' dir='ltr'><strong>illud</strong></span> <span class='ocrx_word' id='word_1_844' title='bbox 2425 4120 2441 4145; x_wconf 92' lang='lat'><strong>,</strong></span> <span class='ocrx_word' id='word_1_845' title='bbox 2476 4096 2576 4148; x_wconf 90' lang='lat' dir='ltr'><strong>quo</strong></span> <span class='ocrx_word' id='word_1_846' title='bbox 2593 4085 2704 4148; x_wconf 87' lang='lat' dir='ltr'><strong>quis</strong></span> <span class='ocrx_word' id='word_1_847' title='bbox 2725 4083 2787 4136; x_wconf 87' lang='lat' dir='ltr'><strong>de</strong></span> <span class='ocrx_word' id='word_1_848' title='bbox 2807 4086 2906 4136; x_wconf 88' lang='lat' dir='ltr'><strong>suis</strong></span> <span class='ocrx_word' id='word_1_849' title='bbox 2922 4085 3058 4137; x_wconf 86' lang='lat' dir='ltr'><strong>bonis</strong></span> <span class='ocrx_word' id='word_1_850' title='bbox 3075 4088 3401 4151; x_wconf 61' lang='lat' dir='ltr'><strong>constitues-in</strong></span> <span class='ocrx_word' id='word_1_851' title='bbox 3423 4076 3622 4151; x_wconf 57' lang='lat' dir='ltr'><strong>dusinodi</strong></span> <span class='ocrx_word' id='word_1_852' title='bbox 3643 4096 3674 4130; x_wconf 72' lang='grc' dir='ltr'><strong>ει</strong></span> 
     </span>
     <span class='ocr_line' id='line_1_101' title="bbox 2291 4168 3671 4234; baseline 0.007 -18"><span class='ocrx_word' id='word_1_853' title='bbox 2291 4168 2661 4232; x_wconf 86' lang='lat' dir='ltr'><strong>testamentum,</strong></span> <span class='ocrx_word' id='word_1_854' title='bbox 2689 4182 2788 4233; x_wconf 85' lang='lat' dir='ltr'><strong>quo</strong></span> <span class='ocrx_word' id='word_1_855' title='bbox 2807 4172 2914 4234; x_wconf 83' lang='lat' dir='ltr'><strong>quis</strong></span> <span class='ocrx_word' id='word_1_856' title='bbox 2938 4169 3000 4221; x_wconf 88' lang='lat' dir='ltr'><strong>de</strong></span> <span class='ocrx_word' id='word_1_857' title='bbox 3025 4172 3194 4223; x_wconf 87' lang='lat' dir='ltr'><strong>alienis</strong></span> <span class='ocrx_word' id='word_1_858' title='bbox 3229 4172 3371 4225; x_wconf 86' lang='lat' dir='ltr'><strong>honis</strong></span> <span class='ocrx_word' id='word_1_859' title='bbox 3399 4168 3671 4225; x_wconf 74' lang='lat' dir='ltr'><strong>constituerit,</strong></span> 
     </span>
     <span class='ocr_line' id='line_1_102' title="bbox 2291 4249 3641 4320; baseline 0.006 -21"><span class='ocrx_word' id='word_1_860' title='bbox 2291 4249 2487 4311; x_wconf 86' lang='lat' dir='ltr'><strong>perinde</strong></span> <span class='ocrx_word' id='word_1_861' title='bbox 2519 4254 2666 4317; x_wconf 82' lang='lat' dir='ltr'><strong>atque</strong></span> <span class='ocrx_word' id='word_1_862' title='bbox 2683 4256 2889 4305; x_wconf 78' lang='lat' dir='ltr'><strong>alterum</strong></span> <span class='ocrx_word' id='word_1_863' title='bbox 2919 4256 3070 4320; x_wconf 86' lang='lat' dir='ltr'><strong>illud,</strong></span> <span class='ocrx_word' id='word_1_864' title='bbox 3094 4260 3258 4309; x_wconf 82' lang='lat' dir='ltr'><strong>ratum</strong></span> <span class='ocrx_word' id='word_1_865' title='bbox 3291 4257 3544 4309; x_wconf 82' lang='lat' dir='ltr'><strong>habendum</strong></span> <span class='ocrx_word' id='word_1_866' title='bbox 3561 4266 3641 4303; x_wconf 53' lang='lat' dir='ltr'><strong>&amp;e</strong></span> 
     </span>
     <span class='ocr_line' id='line_1_103' title="bbox 2292 4334 3682 4406; baseline 0.004 -21"><span class='ocrx_word' id='word_1_867' title='bbox 2292 4334 2390 4397; x_wconf 81' lang='grc'>(23)</span> <span class='ocrx_word' id='word_1_868' title='bbox 2420 4336 2529 4386; x_wconf 80' lang='lat' dir='ltr'><strong>Jam</strong></span> <span class='ocrx_word' id='word_1_869' title='bbox 2551 4337 2658 4388; x_wconf 82' lang='lat' dir='ltr'><strong>haec</strong></span> <span class='ocrx_word' id='word_1_870' title='bbox 2691 4338 2948 4403; x_wconf 76' lang='lat' dir='ltr'><strong>hereditas,</strong></span> <span class='ocrx_word' id='word_1_871' title='bbox 2985 4342 3044 4391; x_wconf 87' lang='lat' dir='ltr'><strong>ut</strong></span> <span class='ocrx_word' id='word_1_872' title='bbox 3073 4354 3204 4392; x_wconf 88' lang='lat' dir='ltr'><strong>nunc</strong></span> <span class='ocrx_word' id='word_1_873' title='bbox 3227 4344 3387 4406; x_wconf 83' lang='lat' dir='ltr'><strong>patet,</strong></span> <span class='ocrx_word' id='word_1_874' title='bbox 3421 4353 3507 4391; x_wconf 85' lang='lat' dir='ltr'><strong>non</strong></span> <span class='ocrx_word' id='word_1_875' title='bbox 3528 4338 3682 4391; x_wconf 68' lang='lat' dir='ltr'><strong>horum,</strong></span> 
     </span>
     <span class='ocr_line' id='line_1_104' title="bbox 2291 4422 3650 4491; baseline -0.003 -19"><span class='ocrx_word' id='word_1_876' title='bbox 2291 4424 2455 4474; x_wconf 84' lang='lat' dir='ltr'><strong>nostra</strong></span> <span class='ocrx_word' id='word_1_877' title='bbox 2476 4425 2569 4476; x_wconf 69' lang='lat' dir='ltr'><strong>oet.</strong></span> <span class='ocrx_word' id='word_1_878' title='bbox 2655 4422 2835 4481; x_wconf 83' lang='lat' dir='ltr'><strong>Quodsi</strong></span> <span class='ocrx_word' id='word_1_879' title='bbox 2853 4438 2966 4489; x_wconf 76' lang='lat' dir='ltr'><strong>ergo</strong></span> <span class='ocrx_word' id='word_1_880' title='bbox 2977 4438 3036 4477; x_wconf 89' lang='lat' dir='ltr'><strong>eo</strong></span> <span class='ocrx_word' id='word_1_881' title='bbox 3053 4428 3320 4491; x_wconf 67' lang='lat' dir='ltr'><strong>confliget-it</strong></span> <span class='ocrx_word' id='word_1_882' title='bbox 3335 4427 3595 4479; x_wconf 78' lang='lat' dir='ltr'><strong>xenaenetus</strong></span> <span class='ocrx_word' id='word_1_883' title='bbox 3611 4424 3650 4469; x_wconf 85' lang='lat' dir='ltr'><strong>ut</strong></span> 
     </span>
     <span class='ocr_line' id='line_1_105' title="bbox 2292 4508 3650 4570; baseline -0.001 -14"><span class='ocrx_word' id='word_1_884' title='bbox 2292 4508 2438 4570; x_wconf 85' lang='lat' dir='ltr'><strong>atque</strong></span> <span class='ocrx_word' id='word_1_885' title='bbox 2455 4508 2740 4559; x_wconf 72' lang='lat' dir='ltr'><strong>testimoniis</strong></span> <span class='ocrx_word' id='word_1_886' title='bbox 2769 4508 2976 4559; x_wconf 81' lang='lat' dir='ltr'><strong>affirmet</strong></span> <span class='ocrx_word' id='word_1_887' title='bbox 2999 4510 3334 4561; x_wconf 73' lang='lat' dir='ltr'><strong>Aristarchum</strong></span> <span class='ocrx_word' id='word_1_888' title='bbox 3363 4508 3650 4561; x_wconf 79' lang='lat' dir='ltr'><strong>testamentum</strong></span> 
     </span>
     <span class='ocr_line' id='line_1_106' title="bbox 2291 4586 3660 4656; baseline 0.002 -15"><span class='ocrx_word' id='word_1_889' title='bbox 2291 4592 2470 4656; x_wconf 83' lang='lat' dir='ltr'><strong>quisse,</strong></span> <span class='ocrx_word' id='word_1_890' title='bbox 2488 4594 2652 4655; x_wconf 83' lang='lat' dir='ltr'><strong>jubete</strong></span> <span class='ocrx_word' id='word_1_891' title='bbox 2673 4608 2784 4645; x_wconf 85' lang='lat' dir='ltr'><strong>eum</strong></span> <span class='ocrx_word' id='word_1_892' title='bbox 2803 4594 2977 4647; x_wconf 76' lang='lat' dir='ltr'><strong>dooere</strong></span> <span class='ocrx_word' id='word_1_893' title='bbox 2994 4596 3326 4647; x_wconf 73' lang='lat' dir='ltr'><strong>Aristarchum</strong></span> <span class='ocrx_word' id='word_1_894' title='bbox 3345 4594 3404 4646; x_wconf 87' lang='lat' dir='ltr'><strong>de</strong></span> <span class='ocrx_word' id='word_1_895' title='bbox 3419 4594 3542 4645; x_wconf 82' lang='lat' dir='ltr'><strong>bonis</strong></span> <span class='ocrx_word' id='word_1_896' title='bbox 3555 4586 3660 4652; x_wconf 79' lang='lat' dir='ltr'><strong>quaei</strong></span> 
     </span>
     <span class='ocr_line' id='line_1_107' title="bbox 2292 4678 3668 4743; baseline -0.002 -14"><span class='ocrx_word' id='word_1_897' title='bbox 2292 4680 2484 4743; x_wconf 83' lang='lat' dir='ltr'><strong>propria</strong></span> <span class='ocrx_word' id='word_1_898' title='bbox 2499 4682 2655 4731; x_wconf 85' lang='lat' dir='ltr'><strong>essent</strong></span> <span class='ocrx_word' id='word_1_899' title='bbox 2676 4680 2977 4743; x_wconf 78' lang='lat' dir='ltr'><strong>disposuisse.</strong></span> <span class='ocrx_word' id='word_1_900' title='bbox 3041 4680 3096 4731; x_wconf 83' lang='lat' dir='ltr'><strong>Id</strong></span> <span class='ocrx_word' id='word_1_901' title='bbox 3115 4681 3242 4731; x_wconf 87' lang='lat' dir='ltr'><strong>enim</strong></span> <span class='ocrx_word' id='word_1_902' title='bbox 3257 4680 3440 4743; x_wconf 79' lang='lat' dir='ltr'><strong>iustum</strong></span> <span class='ocrx_word' id='word_1_903' title='bbox 3457 4678 3500 4727; x_wconf 90' lang='lat' dir='ltr'><strong>et</strong></span> <span class='ocrx_word' id='word_1_904' title='bbox 3517 4680 3668 4735; x_wconf 71' lang='lat' dir='ltr'><strong>aequum</strong></span> 
     </span>
     <span class='ocr_line' id='line_1_108' title="bbox 2293 4748 3670 4829; baseline -0.004 -14"><span class='ocrx_word' id='word_1_905' title='bbox 2293 4764 2652 4828; x_wconf 82' lang='lat' dir='ltr'><strong>Iniquissimum</strong></span> <span class='ocrx_word' id='word_1_906' title='bbox 2669 4766 2798 4816; x_wconf 87' lang='lat' dir='ltr'><strong>enim</strong></span> <span class='ocrx_word' id='word_1_907' title='bbox 2817 4766 2942 4815; x_wconf 80' lang='lat' dir='ltr'><strong>soret</strong></span> <span class='ocrx_word' id='word_1_908' title='bbox 2957 4766 2999 4816; x_wconf 79' lang='grc' dir='ltr'><strong>εἰ</strong></span> <span class='ocrx_word' id='word_1_909' title='bbox 3029 4764 3292 4829; x_wconf 79' lang='lat' dir='ltr'><strong>cyronides</strong></span> <span class='ocrx_word' id='word_1_910' title='bbox 3311 4768 3362 4815; x_wconf 87' lang='lat' dir='ltr'><strong>et</strong></span> <span class='ocrx_word' id='word_1_911' title='bbox 3377 4764 3426 4814; x_wconf 81' lang='lat' dir='ltr'><strong>hi</strong></span> <span class='ocrx_word' id='word_1_912' title='bbox 3444 4775 3502 4812; x_wconf 82' lang='lat' dir='ltr'><strong>ex</strong></span> <span class='ocrx_word' id='word_1_913' title='bbox 3525 4772 3574 4809; x_wconf 86' lang='lat' dir='ltr'><strong>eo</strong></span> <span class='ocrx_word' id='word_1_914' title='bbox 3595 4748 3670 4805; x_wconf 67' lang='lat' dir='ltr'><strong>n&#39;ifi</strong></span> 
     </span>
     <span class='ocr_line' id='line_1_109' title="bbox 2291 4838 3638 4915; baseline -0.005 -15"><span class='ocrx_word' id='word_1_915' title='bbox 2291 4850 2448 4901; x_wconf 86' lang='lat' dir='ltr'><strong>solum</strong></span> <span class='ocrx_word' id='word_1_916' title='bbox 2461 4849 2704 4899; x_wconf 79' lang='lat' dir='ltr'><strong>Xenreneti</strong></span> <span class='ocrx_word' id='word_1_917' title='bbox 2723 4848 2988 4915; x_wconf 80' lang='lat' dir='ltr'><strong>[senioris]</strong></span> <span class='ocrx_word' id='word_1_918' title='bbox 3007 4862 3110 4899; x_wconf 87' lang='lat' dir='ltr'><strong>rem</strong></span> <span class='ocrx_word' id='word_1_919' title='bbox 3121 4838 3616 4910; x_wconf 72' lang='lat' dir='ltr'><strong>habeantquattuortal</strong></span> <span class='ocrx_word' id='word_1_920' title='bbox 3636 4874 3638 4877; x_wconf 56' lang='lat'>&gt;</span> 
     </span>
     <span class='ocr_line' id='line_1_110' title="bbox 2291 4926 3677 4997; baseline -0.011 -10"><span class='ocrx_word' id='word_1_921' title='bbox 2291 4938 2418 4987; x_wconf 81' lang='lat' dir='ltr'><strong>ultra</strong></span> <span class='ocrx_word' id='word_1_922' title='bbox 2435 4937 2749 4997; x_wconf 61' lang='lat' dir='ltr'><strong>estimatum,</strong></span> <span class='ocrx_word' id='word_1_923' title='bbox 2767 4933 2852 4984; x_wconf 86' lang='lat' dir='ltr'><strong>sed</strong></span> <span class='ocrx_word' id='word_1_924' title='bbox 2877 4935 3004 4985; x_wconf 76' lang='lat' dir='ltr'><strong>hanc</strong></span> <span class='ocrx_word' id='word_1_925' title='bbox 3036 4932 3294 4985; x_wconf 76' lang='lat' dir='ltr'><strong>Aristarchi</strong></span> <span class='ocrx_word' id='word_1_926' title='bbox 3320 4943 3500 4996; x_wconf 85' lang='lat' dir='ltr'><strong>quoque</strong></span> <span class='ocrx_word' id='word_1_927' title='bbox 3523 4926 3677 4984; x_wconf 65' lang='lat' dir='ltr'><strong>iamper</strong></span> 
     </span>
     <span class='ocr_line' id='line_1_111' title="bbox 2291 5016 3640 5085; baseline -0.006 -12"><span class='ocrx_word' id='word_1_928' title='bbox 2291 5022 2480 5074; x_wconf 79' lang='lat' dir='ltr'><strong>serant:</strong></span> <span class='ocrx_word' id='word_1_929' title='bbox 2515 5034 2602 5085; x_wconf 81' lang='lat' dir='ltr'><strong>ego</strong></span> <span class='ocrx_word' id='word_1_930' title='bbox 2620 5033 2734 5071; x_wconf 83' lang='lat' dir='ltr'><strong>vero</strong></span> <span class='ocrx_word' id='word_1_931' title='bbox 2759 5018 2927 5071; x_wconf 83' lang='lat' dir='ltr'><strong>eadem</strong></span> <span class='ocrx_word' id='word_1_932' title='bbox 2948 5031 3062 5069; x_wconf 84' lang='lat' dir='ltr'><strong>cum</strong></span> <span class='ocrx_word' id='word_1_933' title='bbox 3085 5016 3321 5083; x_wconf 71' lang='lat' dir='ltr'><strong>cyronide</strong></span> <span class='ocrx_word' id='word_1_934' title='bbox 3337 5017 3475 5079; x_wconf 84' lang='lat' dir='ltr'><strong>stirpe</strong></span> <span class='ocrx_word' id='word_1_935' title='bbox 3493 5021 3640 5075; x_wconf 63' lang='lat' dir='ltr'><strong>prosu-‘¹</strong></span> 
     </span>
     <span class='ocr_line' id='line_1_112' title="bbox 2289 5084 3644 5165; baseline -0.006 -13"><span class='ocrx_word' id='word_1_936' title='bbox 2289 5102 2460 5153; x_wconf 81' lang='lat' dir='ltr'><strong>matris</strong></span> <span class='ocrx_word' id='word_1_937' title='bbox 2487 5100 2683 5165; x_wconf 83' lang='lat' dir='ltr'><strong>quidem</strong></span> <span class='ocrx_word' id='word_1_938' title='bbox 2709 5113 2858 5162; x_wconf 74' lang='lat' dir='ltr'><strong>mem,</strong></span> <span class='ocrx_word' id='word_1_939' title='bbox 2887 5097 3026 5161; x_wconf 75' lang='lat' dir='ltr'><strong>cuius</strong></span> <span class='ocrx_word' id='word_1_940' title='bbox 3056 5098 3290 5161; x_wconf 86' lang='lat' dir='ltr'><strong>optimum</strong></span> <span class='ocrx_word' id='word_1_941' title='bbox 3312 5097 3389 5159; x_wconf 71' lang='lat' dir='ltr'><strong>ius</strong></span> <span class='ocrx_word' id='word_1_942' title='bbox 3403 5096 3495 5155; x_wconf 69' lang='lat' dir='ltr'><strong>est,</strong></span> <span class='ocrx_word' id='word_1_943' title='bbox 3511 5084 3644 5138; x_wconf 71' lang='lat' dir='ltr'><strong>hewffl</strong></span> 
     </span>
     <span class='ocr_line' id='line_1_113' title="bbox 2291 5176 3648 5249; baseline -0.005 -12"><span class='ocrx_word' id='word_1_944' title='bbox 2291 5187 2424 5237; x_wconf 82' lang='lat' dir='ltr'><strong>adire</strong></span> <span class='ocrx_word' id='word_1_945' title='bbox 2451 5184 2657 5249; x_wconf 87' lang='lat' dir='ltr'><strong>possim,</strong></span> <span class='ocrx_word' id='word_1_946' title='bbox 2687 5183 2834 5247; x_wconf 86' lang='lat' dir='ltr'><strong>idque</strong></span> <span class='ocrx_word' id='word_1_947' title='bbox 2856 5195 3008 5246; x_wconf 83' lang='lat' dir='ltr'><strong>quum</strong></span> <span class='ocrx_word' id='word_1_948' title='bbox 3033 5180 3204 5231; x_wconf 86' lang='lat' dir='ltr'><strong>docere</strong></span> <span class='ocrx_word' id='word_1_949' title='bbox 3219 5179 3270 5229; x_wconf 90' lang='lat' dir='ltr'><strong>hi</strong></span> <span class='ocrx_word' id='word_1_950' title='bbox 3287 5176 3538 5241; x_wconf 74' lang='lat' dir='ltr'><strong>nequeant,</strong></span> <span class='ocrx_word' id='word_1_951' title='bbox 3558 5180 3648 5230; x_wconf 64' lang='grc' dir='ltr'><strong>ΝΠ</strong></span> 
     </span>
     <span class='ocr_line' id='line_1_114' title="bbox 2289 5246 3604 5327; baseline -0.006 -12"><span class='ocrx_word' id='word_1_952' title='bbox 2289 5264 2418 5315; x_wconf 83' lang='lat' dir='ltr'><strong>bona</strong></span> <span class='ocrx_word' id='word_1_953' title='bbox 2440 5262 2532 5314; x_wconf 79' lang='lat' dir='ltr'><strong>ista</strong></span> <span class='ocrx_word' id='word_1_954' title='bbox 2548 5262 2831 5327; x_wconf 80' lang='lat' dir='ltr'><strong>acceperint.</strong></span> <span class='ocrx_word' id='word_1_955' title='bbox 2894 5260 2994 5324; x_wconf 78' lang='lat'>(2⁴)</span> <span class='ocrx_word' id='word_1_956' title='bbox 3017 5258 3184 5323; x_wconf 70' lang='lat' dir='ltr'><strong>Atqui,</strong></span> <span class='ocrx_word' id='word_1_957' title='bbox 3199 5256 3399 5320; x_wconf 74' lang='lat' dir='ltr'><strong>jndices,</strong></span> <span class='ocrx_word' id='word_1_958' title='bbox 3422 5246 3604 5316; x_wconf 69' lang='lat' dir='ltr'><strong>quumd</strong></span> 
     </span>
    </p>
   </div>
   <div class='ocr_carea' id='block_1_8' title="bbox 3607 3490 3730 5449">
    <p class='ocr_par' dir='ltr' id='par_1_9' title="bbox 3607 3490 3730 5449">
     <span class='ocr_line' id='line_1_115' title="bbox 3655 3490 3730 3617; baseline 0 0"><span class='ocrx_word' id='word_1_959' title='bbox 3655 3490 3730 3617; x_wconf 95' lang='lat' dir='ltr'><strong>  </strong></span> 
     </span>
     <span class='ocr_line' id='line_1_116' title="bbox 3653 3617 3730 3801; baseline 0 0"><span class='ocrx_word' id='word_1_960' title='bbox 3653 3617 3730 3801; x_wconf 95' lang='lat' dir='ltr'><strong>    </strong></span> 
     </span>
     <span class='ocr_line' id='line_1_117' title="bbox 3671 3801 3727 3970; baseline 0 0"><span class='ocrx_word' id='word_1_961' title='bbox 3671 3801 3727 3970; x_wconf 95' lang='lat' dir='ltr'><strong>   </strong></span> 
     </span>
     <span class='ocr_line' id='line_1_118' title="bbox 3643 3970 3724 4098; baseline 0 -59"><span class='ocrx_word' id='word_1_962' title='bbox 3643 3970 3724 4098; x_wconf 95' lang='lat' dir='ltr'><strong>   </strong></span> 
     </span>
     <span class='ocr_line' id='line_1_119' title="bbox 3655 4098 3720 4355; baseline 0 -57"><span class='ocrx_word' id='word_1_963' title='bbox 3655 4098 3720 4355; x_wconf 95' lang='lat' dir='ltr'><strong>    </strong></span> 
     </span>
     <span class='ocr_line' id='line_1_120' title="bbox 3659 4355 3720 4551; baseline 0 -109"><span class='ocrx_word' id='word_1_964' title='bbox 3659 4355 3720 4551; x_wconf 95' lang='lat' dir='ltr'><strong>   </strong></span> 
     </span>
     <span class='ocr_line' id='line_1_121' title="bbox 3661 4551 3714 4691; baseline 0 -45"><span class='ocrx_word' id='word_1_965' title='bbox 3661 4551 3714 4691; x_wconf 95' lang='lat' dir='ltr'><strong>   </strong></span> 
     </span>
     <span class='ocr_line' id='line_1_122' title="bbox 3619 4691 3714 4891; baseline 0 0"><span class='ocrx_word' id='word_1_966' title='bbox 3619 4691 3714 4891; x_wconf 95' lang='lat' dir='ltr'><strong>   </strong></span> 
     </span>
     <span class='ocr_line' id='line_1_123' title="bbox 3688 4891 3712 4982; baseline 0 0"><span class='ocrx_word' id='word_1_967' title='bbox 3688 4891 3712 4982; x_wconf 95' lang='lat' dir='ltr'><strong>  </strong></span> 
     </span>
     <span class='ocr_line' id='line_1_124' title="bbox 3643 4982 3710 5140; baseline 0 -96"><span class='ocrx_word' id='word_1_968' title='bbox 3643 4982 3710 5140; x_wconf 95' lang='lat' dir='ltr'><strong>    </strong></span> 
     </span>
     <span class='ocr_line' id='line_1_125' title="bbox 3607 5140 3704 5449; baseline -0.031 -161"><span class='ocrx_word' id='word_1_969' title='bbox 3607 5140 3704 5449; x_wconf 95' lang='lat' dir='ltr'><strong>    </strong></span> 
     </span>
    </p>
   </div>
  </div>
 </body>
</html>
