3825 5842
925 426 1314 491 isoenAns
1355 426 1640 488 οιιΑΤιο
1683 426 1784 486 DE
1825 396 2479 486 ΡΕιιιιυΤΑτιοΝΕ.’

82 576 170 635 καὶ
192 572 498 657 φιλοσοφίας
516 576 625 642 τοῖς
641 572 736 652 μὲν
753 570 874 653 περὶ
893 570 1068 631 ἄλλοιν
1089 575 1241 630 τινῶν
1261 569 1651 649 ἀγωνιζομένοις

80 670 174 724 οὐκ
194 664 262 723 ἂν
281 662 534 746 ἁρμόσειε
553 662 725 741 λέγειν
747 660 866 743 περὶ
884 663 988 720 τῶν
1011 659 1282 739 ὀνομάτων
1303 658 1498 719 τούτων
1521 658 1650 738 (ἔστι

79 752 180 834 γὰρ
201 752 456 832 ἀλλότρια
473 750 670 819 πάσαις
694 758 809 819 ταῖς
828 748 1256 831 πραγματείαις),
1273 748 1389 825 ἐμοὶ
1409 750 1453 807 δ’
1470 746 1649 819 ἐπειδὴ

79 840 172 900 καὶ
209 839 460 922 κρίνομαι
493 838 615 921 περὶ
651 841 753 897 τῶν
793 836 1041 898 τοιούτων
1070 837 1161 897 καὶ
1186 836 1282 909 τὴν
1323 835 1651 915 καλουμένην

35 948 60 987 s
77 930 179 991 ὖπό
201 954 360 990 τινων
379 927 687 1012 φιλοσοφίαν
709 930 805 987 οὐκ
823 918 957 987 εἶναι
978 924 1143 1009 φημί,
1173 926 1429 1008 προσήκει
1447 926 1542 998 τὴν
1569 928 1651 985 δι-

77 1020 241 1087 καίως
275 1018 340 1077 ἂν
375 1016 720 1097 νομιζομένην
743 1017 918 1099 ὁρίσαι
955 1016 1046 1076 καὶ
1074 1017 1307 1089 δηλῶσαι
1339 1016 1468 1099 πρὸς
1491 1020 1647 1094 ὑμᾶς.

83 1110 202 1186 (271)
236 1106 441 1174 Ἁπλῶς
476 1104 534 1165 δέ
554 1130 666 1174 πως
686 1104 933 1185 τυγχάνω
971 1103 1273 1183 γιγνώσκων
1306 1105 1426 1185 περὶ
1455 1106 1649 1165 αὐτῶν.

83 1192 312 1267 Ἐπειδὴ
340 1192 444 1275 γὰρ
467 1196 562 1254 οὔκ
589 1192 787 1253 ἔνεστιν
808 1196 864 1251 ἐν
885 1197 951 1274 τῇ
974 1192 1124 1275 φύσει
1147 1197 1212 1275 τῇ
1236 1198 1340 1253 τῶν
1361 1193 1648 1275 ἀνθρώπων

85 1283 387 1362 ἐπιστήμην
408 1281 590 1342 λαὸεῖν
613 1282 680 1355 ἣν
704 1279 908 1362 ἔχοντες
931 1280 995 1339 ἂν
1019 1283 1239 1361 εἰδεῖμεν
1267 1280 1299 1340 ὅ
1319 1306 1370 1341 τι
1395 1281 1654 1362 πρακτέον

11 1388 58 1427 ιο
81 1373 118 1445 ἢ
136 1371 354 1433 λεκτέον
377 1370 540 1449 ἐστίν,
566 1374 626 1431 ἐκ
644 1374 747 1430 τῶν
771 1370 970 1430 λοιπῶν
993 1368 1179 1451 σοφοὺς
1205 1368 1298 1445 μὲν
1323 1370 1516 1448 νομίζω
1540 1370 1654 1438 τοὺς

81 1469 198 1529 ταῖς
228 1460 402 1531 δόξαις
429 1458 795 1539 ἐπιτυγχάνειν
818 1461 888 1527 ὥς
915 1456 1002 1517 ἐπὶ
1023 1457 1084 1517 τὸ
1111 1456 1244 1518 πολὺ
1273 1465 1362 1519 τοῦ
1387 1460 1656 1539 βελτίστου

84 1547 427 1626 δυναμένους,
447 1546 758 1630 φιλοσόφους
773 1545 828 1606 δὲ
849 1544 968 1614 τοὺς
988 1550 1042 1607 ἐν
1065 1546 1267 1616 τούτοις
1294 1548 1656 1630 διατρίὸοντας

85 1638 138 1707 ἐξ
165 1629 240 1697 ὧν
259 1636 490 1717 τάχιστα
507 1635 766 1717 λήψονται
788 1634 884 1707 τὴν
911 1633 1157 1709 τοιαύτην
1182 1634 1445 1717 φρόνησιν.
1533 1640 1652 1717 (272)

81 1727 146 1787 Ἃ
175 1726 220 1783 δ’
245 1725 358 1786 ἐστὶ
379 1729 482 1784 τῶν
506 1724 931 1801 ἐπιτηδευμάτων
951 1722 1148 1796 ταύτην
1172 1722 1364 1804 ἔχοντα
1389 1723 1483 1796 τὴν
1509 1724 1656 1783 δύνα·

15 1834 58 1871 15
88 1838 196 1892 μιν,
239 1813 352 1895 ἔχω
393 1814 488 1891 μὲν
516 1814 699 1885 εἰπεῖν,
743 1814 879 1872 ὀκνῶ
918 1810 974 1871 δὲ
1000 1810 1190 1890 λέγειν·
1230 1811 1368 1871 οὕτω
1402 1812 1504 1893 γάρ
1547 1816 1658 1873 ἐστι

85 1901 290 1982 σφόδρα
303 1900 396 1961 καὶ
408 1899 680 1983 παράδοξα
694 1900 786 1959 καὶ
806 1902 940 1959 πολὺ
959 1903 1050 1971 τῆς
1064 1903 1168 1957 τῶν
1190 1898 1363 1958 ἄλλων
1381 1901 1658 1981 ἀφεστῶτα

85 1990 351 2066 διανοίας,
380 1986 516 2048 ὥστε
553 1988 818 2070 φοὸοῢμαι
848 1987 923 2065 μὴ
958 1988 1054 2060 τὴν
1084 1988 1253 2068 ἀρχὴν
1289 1990 1460 2047 αὐτῶν
1491 1988 1655 2048 ἀκού-

86 2102 274 2147 σαντες
295 2077 517 2159 θορύὸου
545 2078 636 2139 καὶ
662 2082 786 2157 βοῆς
817 2076 958 2136 ἅπαν
987 2076 1292 2154 ἐμπλήσητε
1318 2075 1378 2135 τὸ
1405 2075 1656 2149 δικαστή-

89 2191 216 2247 ριον.
299 2165 494 2245 Ὀμως
521 2165 576 2226 δὲ
599 2165 791 2247 καίπερ
815 2164 950 2225 οὕτω
989 2164 1308 2243 διακείμενος
1338 2164 1660 2245 ἐπιχειρήσω

13 2270 66 2308 ²⁰
92 2258 436 2337 διαλεχθῆναι
462 2254 585 2335 περὶ
608 2256 798 2314 αὐτῶν·
833 2253 1151 2334 αἰσχύνομαι
1181 2252 1284 2333 γὰρ
1321 2252 1370 2313 εἴ
1401 2276 1506 2312 τισι
1529 2253 1659 2322 δόξω

90 2344 272 2412 δεδιὼς
297 2340 430 2425 ὑπὲρ
456 2342 632 2425 γήρως
657 2342 750 2403 καὶ
779 2349 966 2424 μικροῦ
1008 2342 1123 2422 βίου
1149 2340 1450 2424 προδιδόναι
1471 2340 1566 2413 τὴν
1599 2346 1658 2400 ἀ-

87 2433 326 2505 λήθειαν.
412 2434 536 2509 (273)
557 2428 758 2510 Δέομαι
775 2432 818 2490 δ’
841 2436 986 2508 ὑμῶν
1008 2431 1083 2511 μὴ
1104 2428 1539 2511 προκαταγνῶναί
1559 2455 1660 2508 μου

87 2520 334 2595 τοιαύτην
372 2519 590 2598 μανίαν,
616 2524 686 2587 ὡς
715 2518 800 2600 ἄρ’
842 2518 944 2597 ἐγὼ
986 2518 1296 2579 κινδυνεύων
1339 2518 1661 2601 προειλόμην

91 2610 154 2670 ἂν
180 2609 370 2688 λόγους
398 2610 562 2669 εἰπεῖν
598 2607 860 2677 ἐναντίους
885 2616 1001 2675 ταῖς
1023 2608 1298 2690 ὑμετέραις
1319 2607 1580 2687 γνώμαις,
1617 2610 1660 2667 εἷ

24 2716 72 2755 25
97 2698 170 2777 μὴ
193 2697 290 2757 καὶ
325 2705 434 2765 τοῖς
459 2696 854 2778 προειρημένοις
891 2696 1201 2765 ἀκολούθους
1224 2695 1409 2763 αὐτοὺς
1431 2695 1661 2774 ἐνόμιζον

93 2779 226 2846 εἶναι
239 2831 257 2861 ,
282 2785 375 2845 καὶ
391 2784 486 2853 τὰς
508 2786 791 2855 ἀποδείξεις
809 2788 1016 2859 ἀληθεῖς
1034 2786 1125 2845 καὶ
1150 2786 1331 2866 σαφεῖς
1349 2783 1502 2866 ᾤμην
1525 2785 1660 2865 ἔχειν

93 2876 224 2956 ὑπὲρ
251 2876 442 2935 αὐτῶν.
528 2874 644 2957 (274)
676 2874 946 2955 Ἥγοῧμαι
977 2873 1032 2934 δὲ
1060 2874 1304 2947 τοιαύτην
1333 2873 1427 2951 μὲν
1457 2874 1663 2954 τέχνην,

93 2964 202 3036 ἥτις
232 2972 342 3031 τοῖς
369 2966 544 3031 κακῶς
565 2964 851 3047 πεφυκόσιν
876 2962 1065 3045 ἀρετὴν
1103 2961 1426 3045 ἐνεργάσαιτ’
1468 2962 1531 3023 ἂν
1573 2964 1664 3023 καὶ

93 3050 451 3125 δικαιοσύνην,
491 3050 608 3111 οὔτε
635 3050 885 3134 πρότερον
923 3050 1039 3111 οὔτε
1083 3058 1172 3109 νῦν
1210 3050 1455 3129 οὐδεμίαν
1497 3042 1662 3125 εἶναι,

17 3159 68 3199 ³⁰
92 3138 212 3209 τούς
231 3164 292 3201 τε
315 3138 412 3209 τὰς
430 3139 735 3221 ὕποσχέσεις
753 3142 1093 3218 ποιουμένους
1121 3142 1242 3223 περὶ
1270 3142 1334 3198 αὗ
1343 3144 1442 3198 τῶν
1471 3140 1666 3221 πρότε-

94 3254 182 3311 ρον
207 3230 422 3311 ἀπερεῖν
449 3229 539 3288 καὶ
575 3227 869 3289 παύσεσθαι
898 3231 1208 3311 ληροῦντας,
1238 3228 1358 3312 πρὶν
1389 3228 1663 3310 εὑρεθῆναί

89 3342 210 3378 τινα
235 3316 480 3378 παιδείαν
507 3315 773 3391 τοιαύτην,
800 3318 918 3397 (275)
942 3319 1002 3377 οὔ
1024 3316 1128 3396 μὴν
1155 3316 1270 3376 ἀλλ’
1293 3316 1478 3385 αὐτούς
1501 3317 1549 3397 γ’
1570 3322 1664 3377 αὖ·

91 3412 196 3467 τῶν
229 3405 465 3485 βελτίους
487 3404 550 3466 ἂν
585 3406 850 3486 γίγνεσθαι
876 3404 968 3465 καὶ
994 3404 1209 3474 πλέονος
1232 3404 1432 3479 ἀξίους,
1461 3408 1506 3465 εἶ
1539 3406 1668 3486 πρός

93 3518 152 3555 τε
193 3494 256 3553 τὸ
297 3491 466 3573 λέγειν
494 3486 552 3553 εὗ
577 3492 858 3575 φιλοτίμως
892 3496 1194 3572 διατεθεῖεν,
1239 3493 1329 3553 καὶ
1356 3500 1448 3553 τοῦ
1474 3494 1667 3554 πείθειν

19 3600 68 3639 ³5
95 3582 353 3641 δύνασθαι
389 3579 510 3649 τοὺς
549 3579 834 3649 ἀκούοντας
875 3584 1157 3664 ἐρασθεῖεν,
1185 3580 1277 3641 καὶ
1305 3582 1434 3662 πρὸς
1465 3582 1554 3643 τού
1566 3608 1668 3653 τοις

97 3677 192 3743 τῆς
219 3668 518 3739 πλεονεξίας
543 3667 938 3748 ἐπιθυμήσαιεν,
960 3668 1035 3747 μὴ
1059 3674 1152 3741 τῆς
1176 3667 1276 3729 ὑπὸ
1301 3672 1406 3727 τῶν
1435 3671 1668 3739 ἀνοήτων

99 3758 477 3837 νομιζομένης,
500 3756 638 3818 ἀλλὰ
663 3762 757 3831 τῆς
783 3761 854 3825 ὡς
883 3759 1089 3830 ἀληθῶς
1113 3756 1205 3830 τὴν
1232 3756 1448 3835 δύναμιν
1470 3759 1667 3833 ταύτην

99 3844 348 3925 ἐχούσης.
395 3842 508 3925 (276)
593 3845 703 3906 Καὶ
741 3848 887 3903 ταῦθ’
926 3847 996 3913 ὡς
1026 3844 1161 3905 οὕτω
1200 3845 1396 3927 πέφυκε
1411 3892 1428 3919 ,
1466 3848 1669 3929 ταχέως

97 3924 248 4013 οἶμαι
277 3931 559 4005 δηλώσειν.
646 3936 870 4016 Πρῶτον
901 3932 994 4011 μὲν
1027 3934 1130 4014 γὰρ
1153 3937 1181 3992 ὃ
1203 3932 1372 4012 λέγειν
1395 3932 1432 4006 ἢ
1452 3936 1667 4018 γράφειν

25 4043 75 4083 ιο
95 4021 511 4104 προαιρούμενος
534 4019 718 4100 λόγους
739 4020 909 4091 ἀξίους
935 4021 1148 4082 ἐπαίνου
1177 4022 1268 4082 καὶ
1293 4027 1448 4101 τιμῆς
1484 4025 1579 4084 οὐκ
1611 4023 1668 4083 ἔ-

96 4137 212 4175 στιν
233 4112 380 4179 ὅπως
403 4111 678 4184 ποιήσεται
703 4111 796 4180 τὰς
822 4112 1088 4180 ὑποθέσεις
1119 4112 1326 4181 ἀδίκους
1351 4110 1386 4185 ἢ
1417 4111 1608 4196 μικρὰς
1634 4113 1669 4188 ἢ

95 4202 224 4282 περὶ
249 4205 358 4260 τῶν
395 4200 538 4259 ἰδίων
567 4199 924 4274 συμὸολαίων,
959 4198 1098 4259 ἀλλὰ
1126 4202 1360 4280 μεγάλας
1386 4200 1478 4261 καὶ
1505 4202 1673 4271 καλὰς

97 4290 190 4349 καὶ
211 4287 608 4371 φιλανθρώπους
631 4288 722 4349 καὶ
745 4289 865 4370 περὶ
885 4292 989 4347 τῶν
1021 4292 1206 4349 κοινῶν
1228 4289 1572 4371 πραγμάτων·
1593 4291 1669 4369 μὴ

95 4378 202 4459 γὰρ
223 4376 473 4445 τοιαύτας
501 4377 752 4457 εὑρίσκων
782 4376 928 4437 οὐδὲν
944 4376 1284 4457 διαπράξεται
1303 4382 1404 4437 τῶν
1428 4377 1668 4439 δεόντων.

23 4486 70 4526 ιε
99 4468 218 4544 (277)
253 4464 492 4526 Ἔπειτα
515 4468 621 4524 τῶν
647 4465 885 4553 πράξεων
914 4468 1016 4525 τῶν
1038 4470 1407 4526 συντεινουσῶν
1433 4466 1558 4548 πρὸς
1577 4467 1671 4540 τὴν

99 4553 350 4613 ὑπόθεσιν
399 4552 660 4623 ἐκλέξεται
693 4554 787 4623 τὰς
822 4554 1262 4637 πρεπωδεστάτας
1306 4555 1398 4615 καὶ
1440 4556 1673 4636 μάλιστα

97 4643 487 4726 συμφερούσας·
517 4647 547 4703 ὁ
581 4643 636 4703 δὲ
664 4644 758 4713 τὰς
785 4644 1029 4713 τοιαύτας
1056 4644 1440 4724 συνεθιζόμενος
1467 4649 1673 4725 θεωρεῖν

97 4734 190 4793 καὶ
213 4732 516 4813 δοκιμάζειν
537 4736 596 4793 οὗ
622 4733 778 4813 μόνον
801 4734 922 4817 περὶ
944 4734 1032 4794 τὸν
1057 4736 1316 4795 ἐνεστῶτα
1339 4734 1511 4813 λόγον,
1538 4734 1674 4795 ἀλλὰ

101 4824 194 4883 καὶ
220 4822 346 4903 περὶ
377 4819 473 4889 τὰς
502 4821 667 4891 ἄλλας
693 4821 908 4901 πράξεις
930 4822 1024 4894 τὴν
1049 4822 1210 4897 αὐτὴν
1239 4823 1338 4893 ἕξει
1367 4823 1562 4897 ταύτην
1589 4822 1672 4884 δύ-

27 4936 74 4973 εο
97 4936 278 4992 ναμιν,
307 4910 438 4971 ὥσθ’
475 4910 592 4989 ἅμα
619 4908 680 4970 τὸ
706 4910 871 4990 λέγειν
897 4905 955 4971 εὖ
978 4912 1070 4971 καὶ
1110 4911 1170 4972 τὸ
1197 4914 1398 4994 φρονεῖν
1433 4936 1675 4994 παραγε-

101 5001 316 5073 νήσεται
339 5003 450 5068 τοῖς
477 4998 770 5081 φιλοσόφως
797 5002 885 5059 καὶ
914 4998 1194 5079 φιλοτίμως
1215 4999 1344 5081 πρὸς
1360 5000 1476 5069 τοὺς
1497 5001 1680 5080 λόγους

103 5087 466 5168 διακειμένοις.
554 5089 676 5168 (278)
711 5089 820 5149 Καὶ
843 5087 948 5167 μὴν
975 5090 1084 5147 οὐδ’
1109 5092 1138 5147 ὁ
1161 5089 1354 5149 πείθειν
1383 5090 1524 5157 τινὰς
1555 5095 1676 5170 βου-

3184 430 3292 481 237

1742 574 1927 639 sophiae
1948 574 2224 627 nominibus
2246 588 2342 625 non
2364 572 2621 625 conveniat
2643 571 2803 623 dicere
2824 570 2908 635 qui
2934 569 3040 621 aliis
3074 568 3136 622 de
3158 570 3304 621 rebus

1741 679 1989 745 disputant
2006 680 2139 745 (sunt
2156 680 2283 730 euim
2306 679 2461 730 aliena
2480 677 2707 729 omnibus
2727 675 3167 740 contentionibus);
3188 675 3307 726 mibi

1739 798 1856 835 vero
1869 784 1953 849 qui
1972 785 2045 835 his
2058 784 2119 835 de
2138 784 2281 835 rebus
2295 782 2343 833 in
2357 782 2589 845 iudicium
2602 786 2802 833 vocatus
2817 794 2926 831 sum
2941 780 3310 845 philosophiam·

1738 901 1834 951 que
1856 901 1962 937 eam
1982 900 2086 938 esse
2105 900 2250 951 nego,
2276 900 2387 951 quoe
2406 886 2551 949 vulgo
2574 886 2667 936 hoc
2690 885 2880 936 nomine
2901 885 3185 949 appellatur,
3203 896 3309 935 eam

1739 994 1937 1045 delinire
1957 994 2195 1058 vobisque
2216 994 2458 1045 declarare
2475 994 2725 1055 convenit,
2749 1007 2861 1057 quoe
2872 993 2979 1055 jure
3008 992 3313 1057 philosophia

1740 1100 1989 1152 habeatur.
2054 1102 2185 1166 (271)
2213 1100 2429 1165 simplex
2446 1102 2609 1152 autem
2638 1114 2747 1151 mea
2770 1100 3007 1152 sententia
3030 1106 3121 1151 est.
3188 1100 3313 1159 Quia

1739 1207 1870 1257 enim
1881 1206 1933 1256 in
1948 1207 2115 1257 natura
2129 1207 2340 1257 humana
2354 1219 2449 1256 non
2463 1205 2591 1272 inest
2599 1218 2703 1257 eam
2714 1206 2960 1270 acquirere
2974 1205 3312 1267 cognitionem,

1741 1322 1838 1375 qua
1863 1311 2087 1362 instructi
2128 1311 2336 1362 sciamus
2362 1310 2481 1373 quid
2516 1310 2786 1361 faciendum
2809 1312 2897 1361 aut
2934 1308 3192 1360 dicendum
3222 1308 3314 1371 sit,

1742 1428 1804 1465 ex
1822 1414 2021 1479 reliquis
2038 1416 2225 1481 Sophos
2244 1415 2539 1480 (sapientes)
2562 1428 2646 1467 eos
2669 1428 2775 1467 esse
2788 1429 2961 1467 censeo
2973 1451 2990 1479 ,
3006 1415 3192 1480 quiana
3207 1428 3313 1466 sen·

1748 1520 1896 1569 tentia
1914 1519 2197 1584 plerumque
2212 1520 2450 1584 optimum
2469 1519 2681 1585 quidque
2702 1521 2893 1585 assequi
2914 1523 3145 1585 possunt3
3166 1520 3317 1584 philo·

1746 1623 1925 1687 sophos
1946 1598 2109 1675 autem
2133 1624 2290 1689 quiin
2310 1624 2387 1675 his
2404 1625 2549 1676 rebus
2582 1629 2853 1689 versantur,
2878 1625 3056 1690 quibus
3074 1624 3318 1677 celerrime

1743 1731 1890 1781 talem
1905 1730 2153 1781 scientiam
2166 1730 2430 1795 acquirant.
2460 1732 2588 1797 (272)
2608 1735 2731 1791 Qum
2746 1737 2907 1783 autem
2920 1732 3081 1783 studia
3097 1743 3205 1782 eam
3219 1730 3319 1781 vim

1747 1834 1978 1897 habeant,
2002 1849 2153 1899 quum
2168 1834 2326 1887 dicere
2346 1836 2525 1901 possim
2540 1872 2555 1899 ,
2573 1835 2813 1887 declarare
2836 1848 3031 1899 vereor5
3047 1834 3166 1887 adeo
3188 1835 3318 1888 eninr

1745 1940 1892 1991 nimia
1913 1946 2030 1993 sunt
2054 1942 2104 1992 et
2138 1941 2260 1991 mira
2289 1942 2341 1993 et
2365 1952 2394 1991 a
2418 1946 2579 1992 mente
2601 1940 2946 2006 plerorumque
2984 1940 3289 1992 abhorrentia
3305 1976 3320 2003 ,

1747 2047 1802 2095 ut
1823 2048 2035 2095 metuam
2052 2058 2113 2096 ne
2134 2044 2271 2095 initio
2292 2058 2457 2096 eorum
2474 2044 2639 2097 audito
2659 2043 2869 2095 tumultu
2881 2050 2932 2096 et
2944 2044 3150 2096 clamore
3164 2046 3321 2097 totum

1742 2149 1981 2212 judicium
2016 2149 2275 2215 impleatis.
2360 2152 2739 2212 Verumtamen,
2768 2164 3043 2215 quanquam
3080 2150 3171 2202 ista
3214 2164 3324 2203 mea

1745 2256 1957 2306 conditio
1984 2261 2083 2319 est,
2116 2257 2178 2308 de
2203 2258 2265 2308 iis
2300 2256 2536 2309 disserere
2568 2256 2792 2320 tentab03
2816 2257 2969 2321 pudet
2995 2257 3125 2308 enim
3148 2258 3189 2307 si
3221 2258 3326 2321 qui-

1747 2359 1955 2411 busdam
1980 2362 2217 2413 senectuti
2247 2375 2371 2413 mere
2406 2363 2641 2427 brevique
2673 2364 2785 2414 vitae
2816 2366 3037 2414 metuens
3071 2363 3315 2438 veritatem

1748 2468 2019 2531 prodidisse
2040 2468 2222 2519 videar.
2306 2469 2439 2547 (2η)
2466 2469 2679 2521 Obsecro
2698 2483 2812 2520 vero
2831 2482 2944 2532 vos,
2962 2482 3024 2520 ne
3044 2470 3163 2520 mihi
3181 2469 3323 2520 istam

1747 2574 1985 2624 insaniam
2008 2572 2285 2637 imputetis,
2306 2576 2362 2625 ut
2383 2574 2432 2623 in
2453 2570 2919 2637 iudicium'voeatus
2943 2575 3089 2626 verba
3126 2574 3325 2640 eloquar

1747 2677 1925 2727 vestris
1956 2677 2204 2729 sententiis
2225 2677 2489 2739 contraria,
2512 2677 2602 2728 nisi
2636 2677 2697 2728 iis
2723 2692 2835 2743 quae
2858 2680 2999 2729 antea
3020 2678 3149 2731 dicta
3182 2686 3325 2742 sunt,

1747 2784 2066 2833 consentanea
2088 2787 2309 2847 putarem
2328 2786 2378 2833 et
2399 2786 2679 2844 argumenta
2700 2796 2867 2833 eorum
2889 2796 3001 2835 vera
3018 2788 3069 2834 et
3084 2782 3329 2835 evidentia
3404 2756 3411 2763 “

1751 2885 1927 2937 habere
1950 2886 2293 2937 existimarem.
2361 2886 2493 2951 (274)
2526 2889 2650 2937 Puto
2682 2900 2797 2937 vero
2826 2887 2971 2937 talem
3004 2892 3184 2950 artem,
3214 2901 3329 2951 quoe

1750 2990 1876 3041 male
1893 3005 1923 3039 a
1938 2994 2105 3041 natura
2125 2991 2361 3043 institutis
2382 2992 2611 3043 virtutem
2630 2992 2800 3043 afferat
2816 2994 2867 3043 et
2878 2993 3115 3055 iustitiam
3131 3029 3148 3056 ,
3166 3006 3327 3057 neque

1750 3096 1864 3147 olim
1899 3098 2045 3147 ullam
2068 3098 2218 3148 luisse
2245 3112 2400 3162 neque
2436 3112 2566 3148 nunc
2594 3098 2740 3149 ullam
2760 3112 2894 3162 esse,
2923 3112 3101 3163 eosque
3119 3098 3206 3166 qui
3237 3098 3329 3151 ista

1753 3203 2084 3267 polliceantur,
2105 3205 2241 3269 prius
2258 3202 2497 3255 desituros
2510 3217 2539 3253 a
2559 3203 2793 3267 uugisque
2807 3208 3080 3255 cessaturos
3093 3218 3239 3268 quam
3260 3206 3329 3255 ta·

1751 3308 1812 3357 lis
1843 3308 2095 3372 disciplina
2126 3308 2425 3372 inveniatur;
2515 3309 2645 3373 (275)
2678 3314 3007 3359 verumtamen
3040 3323 3126 3360 eos
3155 3322 3329 3361 censeo

1752 3412 1975 3463 meliores
2006 3412 2107 3463 lieri
2138 3416 2189 3463 et
2208 3413 2471 3477 digniores,
2494 3412 2537 3463 si
2554 3412 2615 3463 ad
2640 3412 2895 3463 dicendum
2912 3413 3071 3464 studio
3092 3411 3332 3463 ducantur

1754 3530 1906 3579 eoque
1924 3517 2228 3580 incumbant,
2251 3522 2307 3567 ut
2324 3518 2621 3569 auditoribus
2646 3515 2933 3581 persuadere
2952 3518 3163 3581 possint,
3186 3521 3333 3581 atque

1755 3626 1985 3684 praeterea
2006 3622 2123 3672 alios
2145 3626 2447 3673 antevertere
2472 3622 2666 3687 cupiant
2696 3636 2791 3671 nou
2817 3622 2899 3672 illo
2926 3622 3121 3685 quidem
3156 3622 3332 3686 modo,

1755 3738 1852 3788 quo
1871 3725 2107 3788 imperitis
2129 3725 2431 3776 admirationi
2455 3726 2551 3776 sint
2562 3762 2579 3789 ,
2606 3725 2690 3776 sed
2707 3740 2803 3789 quo
2822 3740 2875 3775 ro
2889 3738 3003 3776 vera
3017 3725 3122 3777 aliis
3136 3726 3234 3777 sint
3254 3740 3333 3777 su-

1757 3832 1990 3893 periores.
2032 3830 2164 3895 (276)
2186 3833 2345 3894 Atque
2373 3830 2478 3880 baec
2493 3830 2561 3879 ita
2575 3834 2847 3894 comparata
2866 3842 3001 3893 esse,
3024 3830 3241 3881 celeriter
3256 3844 3334 3881 me

1760 3938 2067 3985 ostensurum
2094 3948 2199 3985 esse
2237 3937 2372 3999 puto.
2438 3934 2657 3984 Primum
2699 3934 2784 4000 qui
2810 3933 2969 3986 dicere
3004 3936 3090 3985 aut
3125 3934 3333 3986 seribere

1761 4034 2033 4101 aggreditur
2050 4038 2288 4088 orationes
2307 4018 2446 4088 laude
2460 4036 2705 4087 ethonore
2721 4036 2885 4099 dignas
2896 4072 2911 4099 ,
2924 4036 3028 4089 lieri
3052 4049 3147 4087 non
3176 4040 3337 4101 potest

1763 4147 1818 4196 ut
1846 4146 2092 4195 materiam
2124 4144 2351 4207 iniustam
2381 4149 2467 4194 ant
2498 4148 2693 4195 tenuem
2724 4149 2810 4194 aut
2830 4144 2891 4195 de
2911 4144 3111 4209 privatis
3134 4144 3337 4208 negotiis

1763 4250 2013 4313 repetitam
2042 4253 2227 4311 sumat,
2269 4249 2355 4300 sed
2390 4248 2687 4312 magnificam
2722 4251 2771 4299 et
2804 4248 3057 4299 honestam
3090 4251 3140 4299 et
3170 4247 3336 4312 generi

1765 4352 1975 4402 humano
1995 4352 2161 4402 utilem
2180 4354 2229 4403 et
2246 4351 2307 4403 de
2328 4353 2473 4403 rebus
2492 4352 2553 4402 ad
2571 4365 2740 4404 omnes
2757 4353 3077 4404 communiter
3097 4352 3336 4417 pertinen·

1765 4453 1913 4504 tibus.
1980 4456 2135 4511 Quam
2160 4453 2200 4501 si
2220 4467 2314 4503 uon
2336 4454 2598 4515 invenerit,
2616 4454 2735 4504 nihil
2758 4454 2887 4518 quod
2907 4469 2934 4506 ε
2952 4469 3003 4506 re
3022 4456 3084 4505 sit
3104 4455 3336 4520 perficiet.

1765 4552 1895 4615 (277)
1915 4552 2098 4604 Deinde
2118 4532 2279 4605 rerum
2298 4568 2409 4618 quae
2428 4567 2538 4605 cum
2558 4559 2840 4619 argumento
2861 4570 3091 4608 counexae
3109 4558 3233 4619 sint,
3256 4557 3338 4607 ho·

1765 4654 2063 4706 nestissimas
2079 4656 2447 4720 utilissimasque
2464 4658 2603 4720 eliget
2615 4674 2631 4720 3
2650 4658 2735 4722 qui
2755 4658 2873 4709 tales
2894 4659 3127 4722 dispicere
3152 4662 3201 4708 et
3227 4672 3341 4722 per-

1768 4754 1975 4819 pendere
2003 4754 2275 4817 consuevit,
2302 4769 2399 4805 non
2424 4758 2579 4811 solum
2607 4756 2807 4807 orationi
2826 4757 3053 4817 instanti,
3088 4756 3170 4806 sed
3194 4757 3339 4807 etiam

1767 4854 1898 4918 quod
1922 4854 1983 4905 ad
2005 4856 2121 4905 alias
2156 4870 2235 4907 res
2260 4856 2461 4920 pertinet
2483 4855 2685 4906 eandem
2710 4855 2984 4905 facultatem
3014 4853 3263 4914 retinebit,
3286 4858 3338 4903 ut

1771 4972 1866 5008 una
1883 4961 1933 5009 et
1951 4960 2071 5011 bene
2098 4960 2255 5011 dicere
2279 4964 2329 5011 et
2348 4974 2513 5025 sapere
2532 4961 2590 5010 iis
2608 4959 2875 5021 contingat,
2902 4957 2984 5021 qui
3014 4956 3341 5021 philosophice

1772 5069 1824 5115 et
1847 5065 2062 5116 studiose
2092 5066 2139 5117 in
2160 5067 2483 5131 eloquentiam
2512 5065 2809 5116 incumbant.
2876 5064 3007 5128 (278)
3031 5065 3098 5113 At
3120 5076 3232 5113 vero
3255 5062 3341 5126 qui

102 5180 315 5257 λόμενος
352 5175 616 5257 ἀμελήσει
657 5181 749 5249 τῆς
787 5179 1004 5260 ἀρετῆς,
1051 5177 1188 5237 ἀλλὰ
1231 5178 1399 5261 τούτῳ
1445 5178 1678 5257 μάλιστα
1771 5172 1877 5222 aliis
1918 5172 2204 5235 persuadere
2234 5174 2394 5237 cupit,
2428 5171 2653 5223 virtutem
2690 5184 2787 5220 uon
2828 5168 3136 5233 vilipendet,
3171 5167 3255 5218 sed
3280 5167 3340 5217 ad

105 5268 344 5353 προσέξει
371 5266 462 5326 τὸν
486 5272 632 5347 νοῦν,
658 5262 798 5334 ὅπως
825 5266 975 5337 δόξαν
999 5271 1069 5335 ὡς
1094 5267 1487 5341 ἐπιεικεστάτην
1514 5267 1678 5351 λήψε-

1775 5278 1895 5328 illud
1936 5278 2236 5343 potissimum
2275 5277 2487 5331 animum
2526 5276 2772 5340 advertet,
2796 5278 2852 5327 ut
2890 5274 3016 5339 apud
3061 5274 3193 5326 cives
3228 5287 3339 5325 suos
