<?xml version="1.0" encoding="UTF-8"?>
<!DOCTYPE html PUBLIC "-//W3C//DTD XHTML 1.0 Transitional//EN"
    "http://www.w3.org/TR/xhtml1/DTD/xhtml1-transitional.dtd">
<html xmlns="http://www.w3.org/1999/xhtml" xml:lang="en" lang="en">
 <head>
  <title>
</title>
<meta http-equiv="Content-Type" content="text/html;charset=utf-8" />
  <meta name='ocr-system' content='tesseract 3.04.00' />
  <meta name='ocr-capabilities' content='ocr_page ocr_carea ocr_par ocr_line ocrx_word'/>
</head>
<body>
  <div class='ocr_page' id='page_1' title='image "./oratoresatticia03unkngoog/oratoresatticia03unkngoog_0650.png"; bbox 0 0 3825 5842; ppageno 0'>
   <div class='ocr_carea' id='block_1_1' title="bbox 505 448 616 499">
    <p class='ocr_par' dir='ltr' id='par_1_1' title="bbox 505 448 616 499">
     <span class='ocr_line' id='line_1_1' title="bbox 505 448 616 499; baseline 0 0"><span class='ocrx_word' id='word_1_1' title='bbox 505 448 616 499; x_wconf 74' lang='lat'>294</span> 
     </span>
    </p>
   </div>
   <div class='ocr_carea' id='block_1_2' title="bbox 501 580 2040 661">
    <p class='ocr_par' dir='ltr' id='par_1_2' title="bbox 501 580 2040 661">
     <span class='ocr_line' id='line_1_2' title="bbox 501 580 2040 661; baseline -0.002 -21"><span class='ocrx_word' id='word_1_2' title='bbox 501 582 713 661; x_wconf 75' lang='grc' dir='ltr'>ἀπέχειν</span> <span class='ocrx_word' id='word_1_3' title='bbox 753 586 842 639; x_wconf 78' lang='grc' dir='ltr'>τοῦ</span> <span class='ocrx_word' id='word_1_4' title='bbox 881 584 984 639; x_wconf 75' lang='grc' dir='ltr'>τῶν</span> <span class='ocrx_word' id='word_1_5' title='bbox 1021 582 1242 639; x_wconf 82' lang='grc' dir='ltr'>πολιτῶν</span> <span class='ocrx_word' id='word_1_6' title='bbox 1283 604 1424 647; x_wconf 82' lang='grc' dir='ltr'>τινας</span> <span class='ocrx_word' id='word_1_7' title='bbox 1461 580 1776 639; x_wconf 73' lang='grc' dir='ltr'>ἀποκτείνειν</span> <span class='ocrx_word' id='word_1_8' title='bbox 1805 580 1838 651; x_wconf 84' lang='grc' dir='ltr'>ἢ</span> <span class='ocrx_word' id='word_1_9' title='bbox 1869 602 2040 659; x_wconf 83' lang='grc' dir='ltr'>φυγα-</span> 
     </span>
    </p>
   </div>
   <div class='ocr_carea' id='block_1_3' title="bbox 1513 433 2590 509">
    <p class='ocr_par' dir='ltr' id='par_1_3' title="bbox 1513 433 2590 509">
     <span class='ocr_line' id='line_1_3' title="bbox 1513 433 2590 509; baseline -0.002 -14"><span class='ocrx_word' id='word_1_10' title='bbox 1513 434 1999 509; x_wconf 74' lang='grc' dir='ltr'>ΙΣΟΚΡΑΤΟΥΣ</span> <span class='ocrx_word' id='word_1_11' title='bbox 2038 433 2475 495; x_wconf 81' lang='grc' dir='ltr'><strong>ΕΠΙΣΤΟΛΑΙ.</strong></span> <span class='ocrx_word' id='word_1_12' title='bbox 2518 437 2590 494; x_wconf 84' lang='grc' dir='ltr'>Η.</span> 
     </span>
    </p>
   </div>
   <div class='ocr_carea' id='block_1_4' title="bbox 2128 588 3679 651">
    <p class='ocr_par' dir='ltr' id='par_1_4' title="bbox 2128 588 3679 651">
     <span class='ocr_line' id='line_1_4' title="bbox 2128 588 3679 651; baseline 0.004 -16"><span class='ocrx_word' id='word_1_13' title='bbox 2128 590 2311 635; x_wconf 86' lang='lat' dir='ltr'>tantum</span> <span class='ocrx_word' id='word_1_14' title='bbox 2336 588 2503 639; x_wconf 79' lang='lat' dir='ltr'>abesse</span> <span class='ocrx_word' id='word_1_15' title='bbox 2530 592 2583 635; x_wconf 91' lang='lat' dir='ltr'>ut</span> <span class='ocrx_word' id='word_1_16' title='bbox 2604 588 2780 637; x_wconf 82' lang='lat' dir='ltr'>civium</span> <span class='ocrx_word' id='word_1_17' title='bbox 2803 600 3068 651; x_wconf 80' lang='lat' dir='ltr'><strong>quosquam</strong></span> <span class='ocrx_word' id='word_1_18' title='bbox 3086 590 3272 639; x_wconf 79' lang='lat' dir='ltr'>occidat</span> <span class='ocrx_word' id='word_1_19' title='bbox 3298 591 3455 640; x_wconf 87' lang='lat' dir='ltr'>autin</span> <span class='ocrx_word' id='word_1_20' title='bbox 3476 592 3679 641; x_wconf 71' lang='lat' dir='ltr'>exilium</span> 
     </span>
    </p>
   </div>
   <div class='ocr_carea' id='block_1_5' title="bbox 393 664 3687 749">
    <p class='ocr_par' dir='ltr' id='par_1_5' title="bbox 393 664 3687 749">
     <span class='ocr_line' id='line_1_5' title="bbox 393 664 3687 749; baseline 0.003 -22"><span class='ocrx_word' id='word_1_21' title='bbox 393 670 661 729; x_wconf 59' lang='lat' dir='ltr'>wascum</span> <span class='ocrx_word' id='word_1_22' title='bbox 690 668 724 738; x_wconf 80' lang='grc' dir='ltr'>ἢ</span> <span class='ocrx_word' id='word_1_23' title='bbox 753 665 1002 743; x_wconf 77' lang='grc' dir='ltr'>δημεύειν.</span> <span class='ocrx_word' id='word_1_24' title='bbox 1027 667 1118 735; x_wconf 81' lang='grc' dir='ltr'>τὰς</span> <span class='ocrx_word' id='word_1_25' title='bbox 1145 667 1318 733; x_wconf 80' lang='grc' dir='ltr'>οὐσίαις</span> <span class='ocrx_word' id='word_1_26' title='bbox 1343 666 1377 737; x_wconf 81' lang='grc' dir='ltr'>ἢ</span> <span class='ocrx_word' id='word_1_27' title='bbox 1405 672 1568 726; x_wconf 81' lang='grc' dir='ltr'>ποιεῖν</span> <span class='ocrx_word' id='word_1_28' title='bbox 1605 668 1732 727; x_wconf 78' lang='grc' dir='ltr'>ἄλλο</span> <span class='ocrx_word' id='word_1_29' title='bbox 1770 691 1822 724; x_wconf 87' lang='grc' dir='ltr'>τι</span> <span class='ocrx_word' id='word_1_30' title='bbox 1860 664 2039 738; x_wconf 89' lang='grc' dir='ltr'>κακόν,</span> <span class='ocrx_word' id='word_1_31' title='bbox 2065 688 2101 727; x_wconf 84' lang='lat' dir='ltr'>a</span> <span class='ocrx_word' id='word_1_32' title='bbox 2122 687 2229 745; x_wconf 77' lang='lat' dir='ltr'>agat</span> <span class='ocrx_word' id='word_1_33' title='bbox 2247 690 2331 733; x_wconf 85' lang='lat' dir='ltr'>aut</span> <span class='ocrx_word' id='word_1_34' title='bbox 2352 684 2611 746; x_wconf 81' lang='lat' dir='ltr'>proscribat</span> <span class='ocrx_word' id='word_1_35' title='bbox 2628 689 2711 734; x_wconf 83' lang='lat' dir='ltr'>aut</span> <span class='ocrx_word' id='word_1_36' title='bbox 2732 686 2823 735; x_wconf 77' lang='lat' dir='ltr'>alia</span> <span class='ocrx_word' id='word_1_37' title='bbox 2842 686 2937 735; x_wconf 90' lang='lat' dir='ltr'>ulla</span> <span class='ocrx_word' id='word_1_38' title='bbox 2954 686 3089 735; x_wconf 83' lang='lat' dir='ltr'>clade</span> <span class='ocrx_word' id='word_1_39' title='bbox 3110 687 3309 747; x_wconf 79' lang='lat' dir='ltr'>afficiat,</span> <span class='ocrx_word' id='word_1_40' title='bbox 3334 692 3391 735; x_wconf 86' lang='lat' dir='ltr'>ut</span> <span class='ocrx_word' id='word_1_41' title='bbox 3418 689 3549 737; x_wconf 60' lang='lat' dir='ltr'>cives</span> <span class='ocrx_word' id='word_1_42' title='bbox 3574 692 3687 749; x_wconf 72' lang='lat' dir='ltr'>ejus</span> 
     </span>
    </p>
   </div>
   <div class='ocr_carea' id='block_1_6' title="bbox 497 754 2041 1359">
    <p class='ocr_par' dir='ltr' id='par_1_6' title="bbox 497 754 2041 1359">
     <span class='ocr_line' id='line_1_6' title="bbox 497 754 2039 835; baseline -0.002 -22"><span class='ocrx_word' id='word_1_43' title='bbox 497 756 632 815; x_wconf 78' lang='grc' dir='ltr'>ὥστε</span> <span class='ocrx_word' id='word_1_44' title='bbox 659 754 854 827; x_wconf 83' lang='grc' dir='ltr'>πολλὴν</span> <span class='ocrx_word' id='word_1_45' title='bbox 884 754 977 831; x_wconf 83' lang='grc' dir='ltr'>μὲν</span> <span class='ocrx_word' id='word_1_46' title='bbox 998 754 1300 835; x_wconf 78' lang='grc' dir='ltr'>,ἀσφάλειαν</span> <span class='ocrx_word' id='word_1_47' title='bbox 1336 754 1585 833; x_wconf 80' lang='grc' dir='ltr'>παρέχειν</span> <span class='ocrx_word' id='word_1_48' title='bbox 1629 763 1733 819; x_wconf 89' lang='grc' dir='ltr'>τοῖς</span> <span class='ocrx_word' id='word_1_49' title='bbox 1773 756 2039 830; x_wconf 82' lang='grc' dir='ltr'>συμπολι-</span> 
     </span>
     <span class='ocr_line' id='line_1_7' title="bbox 497 840 2039 922; baseline -0.003 -22"><span class='ocrx_word' id='word_1_50' title='bbox 497 842 810 919; x_wconf 84' lang='grc' dir='ltr'>τευομένοις,</span> <span class='ocrx_word' id='word_1_51' title='bbox 835 840 1077 918; x_wconf 76' lang='grc' dir='ltr'>κατάγειν</span> <span class='ocrx_word' id='word_1_52' title='bbox 1103 842 1157 899; x_wconf 87' lang='grc' dir='ltr'>δὲ</span> <span class='ocrx_word' id='word_1_53' title='bbox 1184 841 1298 907; x_wconf 77' lang='grc' dir='ltr'>τοὺς</span> <span class='ocrx_word' id='word_1_54' title='bbox 1322 841 1597 922; x_wconf 78' lang='grc' dir='ltr'>φεύγοντας</span> <span class='ocrx_word' id='word_1_55' title='bbox 1613 886 1628 913; x_wconf 91' lang='grc'>,</span> <span class='ocrx_word' id='word_1_56' title='bbox 1656 844 1716 915; x_wconf 67' lang='grc' dir='ltr'>(ν)</span> <span class='ocrx_word' id='word_1_57' title='bbox 1741 840 2039 899; x_wconf 81' lang='grc' dir='ltr'>ἀποδιδόναι</span> 
     </span>
     <span class='ocr_line' id='line_1_8' title="bbox 498 920 2041 1007; baseline -0.002 -20"><span class='ocrx_word' id='word_1_58' title='bbox 498 929 552 987; x_wconf 78' lang='grc' dir='ltr'>δὲ</span> <span class='ocrx_word' id='word_1_59' title='bbox 578 938 684 996; x_wconf 84' lang='grc' dir='ltr'>τοῖς</span> <span class='ocrx_word' id='word_1_60' title='bbox 711 930 804 1007; x_wconf 86' lang='grc' dir='ltr'>μὲν</span> <span class='ocrx_word' id='word_1_61' title='bbox 841 935 1076 988; x_wconf 76' lang='grc' dir='ltr'>κατιοῦσι</span> <span class='ocrx_word' id='word_1_62' title='bbox 1103 928 1194 994; x_wconf 79' lang='grc' dir='ltr'>τὰς</span> <span class='ocrx_word' id='word_1_63' title='bbox 1233 930 1437 997; x_wconf 71' lang='grc' dir='ltr'>κτήσεις</span> <span class='ocrx_word' id='word_1_64' title='bbox 1469 928 1518 995; x_wconf 80' lang='grc' dir='ltr'>ἐξ</span> <span class='ocrx_word' id='word_1_65' title='bbox 1545 920 1618 987; x_wconf 71' lang='grc' dir='ltr'>ὧν</span> <span class='ocrx_word' id='word_1_66' title='bbox 1647 928 1898 999; x_wconf 82' lang='grc' dir='ltr'>ἐξέπεσον,</span> <span class='ocrx_word' id='word_1_67' title='bbox 1936 932 2041 994; x_wconf 83' lang='grc' dir='ltr'>τοῖς</span> 
     </span>
     <span class='ocr_line' id='line_1_9' title="bbox 497 1014 2041 1095; baseline -0.001 -21"><span class='ocrx_word' id='word_1_68' title='bbox 497 1016 552 1075; x_wconf 80' lang='grc' dir='ltr'>δὲ</span> <span class='ocrx_word' id='word_1_69' title='bbox 574 1016 874 1095; x_wconf 85' lang='grc' dir='ltr'>πριαμένοις</span> <span class='ocrx_word' id='word_1_70' title='bbox 899 1016 990 1082; x_wconf 81' lang='grc' dir='ltr'>τὰς</span> <span class='ocrx_word' id='word_1_71' title='bbox 1012 1015 1163 1091; x_wconf 75' lang='grc' dir='ltr'>τιμὰς</span> <span class='ocrx_word' id='word_1_72' title='bbox 1186 1016 1275 1081; x_wconf 76' lang='grc' dir='ltr'>τὰς</span> <span class='ocrx_word' id='word_1_73' title='bbox 1303 1016 1537 1082; x_wconf 78' lang='grc' dir='ltr'>ἑκάστοις</span> <span class='ocrx_word' id='word_1_74' title='bbox 1559 1014 1861 1093; x_wconf 75' lang='grc' dir='ltr'>γιγνομένας</span> <span class='ocrx_word' id='word_1_75' title='bbox 1875 1060 1890 1087; x_wconf 92' lang='grc'>,</span> <span class='ocrx_word' id='word_1_76' title='bbox 1914 1015 2041 1094; x_wconf 84' lang='grc' dir='ltr'>πρὸς</span> 
     </span>
     <span class='ocr_line' id='line_1_10' title="bbox 497 1102 2037 1172; baseline -0.002 -10"><span class='ocrx_word' id='word_1_77' title='bbox 497 1104 552 1162; x_wconf 89' lang='grc' dir='ltr'>δὲ</span> <span class='ocrx_word' id='word_1_78' title='bbox 579 1103 773 1170; x_wconf 80' lang='grc' dir='ltr'>τούτοις</span> <span class='ocrx_word' id='word_1_79' title='bbox 811 1104 1134 1171; x_wconf 82' lang='grc' dir='ltr'>καθοπλίζειν</span> <span class='ocrx_word' id='word_1_80' title='bbox 1163 1103 1394 1168; x_wconf 79' lang='grc' dir='ltr'>ἅπαντας</span> <span class='ocrx_word' id='word_1_81' title='bbox 1419 1102 1536 1169; x_wconf 79' lang='grc' dir='ltr'>τοὺς</span> <span class='ocrx_word' id='word_1_82' title='bbox 1558 1103 1802 1172; x_wconf 81' lang='grc' dir='ltr'>πολίτας,</span> <span class='ocrx_word' id='word_1_83' title='bbox 1845 1106 1914 1168; x_wconf 83' lang='grc' dir='ltr'>ὡς</span> <span class='ocrx_word' id='word_1_84' title='bbox 1950 1105 2037 1160; x_wconf 83' lang='grc' dir='ltr'>οὐ·</span> 
     </span>
     <span class='ocr_line' id='line_1_11' title="bbox 497 1189 2034 1270; baseline -0.001 -21"><span class='ocrx_word' id='word_1_85' title='bbox 497 1192 636 1258; x_wconf 84' lang='grc' dir='ltr'>δενὸς</span> <span class='ocrx_word' id='word_1_86' title='bbox 662 1190 754 1267; x_wconf 80' lang='grc' dir='ltr'>μὲν</span> <span class='ocrx_word' id='word_1_87' title='bbox 780 1189 1191 1270; x_wconf 79' lang='grc' dir='ltr'>ἐπιχειρήσοντος</span> <span class='ocrx_word' id='word_1_88' title='bbox 1213 1191 1330 1269; x_wconf 81' lang='grc' dir='ltr'>περὶ</span> <span class='ocrx_word' id='word_1_89' title='bbox 1359 1192 1512 1249; x_wconf 81' lang='grc' dir='ltr'>αὐτὸν</span> <span class='ocrx_word' id='word_1_90' title='bbox 1539 1190 1867 1269; x_wconf 79' lang='grc' dir='ltr'>νεωτερίζειν·</span> <span class='ocrx_word' id='word_1_91' title='bbox 1899 1189 1964 1259; x_wconf 75' lang='grc' dir='ltr'>ἢν</span> <span class='ocrx_word' id='word_1_92' title='bbox 1992 1192 2034 1247; x_wconf 84' lang='grc' dir='ltr'>δ’</span> 
     </span>
     <span class='ocr_line' id='line_1_12' title="bbox 499 1276 2037 1359; baseline -0.002 -22"><span class='ocrx_word' id='word_1_93' title='bbox 499 1278 602 1359; x_wconf 79' lang='grc' dir='ltr'>ἄρα</span> <span class='ocrx_word' id='word_1_94' title='bbox 627 1278 756 1343; x_wconf 82' lang='grc' dir='ltr'>τινὲς</span> <span class='ocrx_word' id='word_1_95' title='bbox 787 1278 1133 1353; x_wconf 82' lang='grc' dir='ltr'>τολμήσωσιν,</span> <span class='ocrx_word' id='word_1_96' title='bbox 1163 1276 1441 1353; x_wconf 81' lang='grc' dir='ltr'>ἡγούμενος</span> <span class='ocrx_word' id='word_1_97' title='bbox 1477 1279 1756 1335; x_wconf 84' lang='grc' dir='ltr'>λυσιτελεῖν</span> <span class='ocrx_word' id='word_1_98' title='bbox 1786 1280 1927 1357; x_wconf 77' lang='grc' dir='ltr'>αὑτῷ</span> <span class='ocrx_word' id='word_1_99' title='bbox 1957 1300 2037 1335; x_wconf 87' lang='grc' dir='ltr'>τε·</span> 
     </span>
    </p>
   </div>
   <div class='ocr_carea' id='block_1_7' title="bbox 2125 782 3689 1138">
    <p class='ocr_par' dir='ltr' id='par_1_7' title="bbox 2125 782 3689 1138">
     <span class='ocr_line' id='line_1_13' title="bbox 2126 782 3689 847; baseline 0.004 -18"><span class='ocrx_word' id='word_1_100' title='bbox 2126 782 2175 830; x_wconf 88' lang='lat' dir='ltr'>in</span> <span class='ocrx_word' id='word_1_101' title='bbox 2202 794 2391 831; x_wconf 81' lang='lat' dir='ltr'>summa</span> <span class='ocrx_word' id='word_1_102' title='bbox 2413 784 2667 832; x_wconf 72' lang='lat' dir='ltr'>securitate</span> <span class='ocrx_word' id='word_1_103' title='bbox 2680 783 2849 844; x_wconf 84' lang='lat' dir='ltr'>degant</span> <span class='ocrx_word' id='word_1_104' title='bbox 2862 820 2874 842; x_wconf 89' lang='lat'><em>,</em></span> <span class='ocrx_word' id='word_1_105' title='bbox 2892 789 2945 832; x_wconf 88' lang='lat' dir='ltr'>ut</span> <span class='ocrx_word' id='word_1_106' title='bbox 2962 784 3113 847; x_wconf 82' lang='lat' dir='ltr'>patria</span> <span class='ocrx_word' id='word_1_107' title='bbox 3130 785 3295 846; x_wconf 81' lang='lat' dir='ltr'>pulsos</span> <span class='ocrx_word' id='word_1_108' title='bbox 3312 786 3377 834; x_wconf 78' lang='lat' dir='ltr'>ab</span> <span class='ocrx_word' id='word_1_109' title='bbox 3392 787 3537 836; x_wconf 78' lang='lat' dir='ltr'>exilio</span> <span class='ocrx_word' id='word_1_110' title='bbox 3556 801 3689 838; x_wconf 74' lang='lat' dir='ltr'>revo-</span> 
     </span>
     <span class='ocr_line' id='line_1_14' title="bbox 2126 880 3689 943; baseline 0.006 -17"><span class='ocrx_word' id='word_1_111' title='bbox 2126 884 2217 937; x_wconf 81' lang='lat' dir='ltr'>cet,</span> <span class='ocrx_word' id='word_1_112' title='bbox 2229 880 2297 939; x_wconf 83' lang='grc'>(9)</span> <span class='ocrx_word' id='word_1_113' title='bbox 2316 885 2368 929; x_wconf 88' lang='grc' dir='ltr'>ιιι</span> <span class='ocrx_word' id='word_1_114' title='bbox 2382 882 2609 931; x_wconf 83' lang='lat' dir='ltr'>restitutis</span> <span class='ocrx_word' id='word_1_115' title='bbox 2624 882 2943 943; x_wconf 78' lang='lat' dir='ltr'>possessiones</span> <span class='ocrx_word' id='word_1_116' title='bbox 2958 882 3082 931; x_wconf 89' lang='lat' dir='ltr'>unde</span> <span class='ocrx_word' id='word_1_117' title='bbox 3100 884 3379 933; x_wconf 83' lang='lat' dir='ltr'>exciderunt</span> <span class='ocrx_word' id='word_1_118' title='bbox 3400 885 3590 939; x_wconf 78' lang='lat' dir='ltr'>reddat,</span> <span class='ocrx_word' id='word_1_119' title='bbox 3608 887 3689 935; x_wconf 68' lang='lat' dir='ltr'>liis</span> 
     </span>
     <span class='ocr_line' id='line_1_15' title="bbox 2126 976 3689 1044; baseline 0.008 -23"><span class='ocrx_word' id='word_1_120' title='bbox 2126 986 2237 1023; x_wconf 77' lang='lat' dir='ltr'>vero</span> <span class='ocrx_word' id='word_1_121' title='bbox 2254 976 2335 1038; x_wconf 88' lang='lat' dir='ltr'>qui</span> <span class='ocrx_word' id='word_1_122' title='bbox 2375 990 2456 1027; x_wconf 77' lang='lat' dir='ltr'>eas</span> <span class='ocrx_word' id='word_1_123' title='bbox 2493 984 2734 1041; x_wconf 85' lang='lat' dir='ltr'>emerant,</span> <span class='ocrx_word' id='word_1_124' title='bbox 2776 984 2963 1029; x_wconf 84' lang='lat' dir='ltr'>tantum</span> <span class='ocrx_word' id='word_1_125' title='bbox 3000 995 3084 1043; x_wconf 89' lang='lat' dir='ltr'>pro</span> <span class='ocrx_word' id='word_1_126' title='bbox 3120 982 3191 1030; x_wconf 81' lang='lat' dir='ltr'>eis</span> <span class='ocrx_word' id='word_1_127' title='bbox 3226 988 3478 1044; x_wconf 77' lang='lat' dir='ltr'>numeret,</span> <span class='ocrx_word' id='word_1_128' title='bbox 3516 986 3689 1044; x_wconf 79' lang='lat' dir='ltr'>quanti</span> 
     </span>
     <span class='ocr_line' id='line_1_16' title="bbox 2125 1076 3689 1138; baseline 0.006 -18"><span class='ocrx_word' id='word_1_129' title='bbox 2125 1078 2362 1129; x_wconf 86' lang='lat' dir='ltr'>emerunt,</span> <span class='ocrx_word' id='word_1_130' title='bbox 2390 1088 2543 1135; x_wconf 86' lang='lat' dir='ltr'>neque</span> <span class='ocrx_word' id='word_1_131' title='bbox 2566 1076 2640 1126; x_wconf 88' lang='lat' dir='ltr'>his</span> <span class='ocrx_word' id='word_1_132' title='bbox 2658 1081 2937 1138; x_wconf 88' lang='lat' dir='ltr'>contentus,</span> <span class='ocrx_word' id='word_1_133' title='bbox 2958 1078 3090 1127; x_wconf 75' lang='lat' dir='ltr'>cives</span> <span class='ocrx_word' id='word_1_134' title='bbox 3107 1090 3277 1129; x_wconf 76' lang='lat' dir='ltr'>omues</span> <span class='ocrx_word' id='word_1_135' title='bbox 3297 1080 3449 1128; x_wconf 72' lang='lat' dir='ltr'>armis</span> <span class='ocrx_word' id='word_1_136' title='bbox 3474 1082 3689 1129; x_wconf 76' lang='lat' dir='ltr'>instruat</span> 
     </span>
    </p>
   </div>
   <div class='ocr_carea' id='block_1_8' title="bbox 2124 1172 3689 1331">
    <p class='ocr_par' dir='ltr' id='par_1_8' title="bbox 2124 1172 3689 1331">
     <span class='ocr_line' id='line_1_17' title="bbox 2124 1172 3685 1235; baseline 0.003 -14"><span class='ocrx_word' id='word_1_137' title='bbox 2124 1178 2173 1221; x_wconf 88' lang='lat' dir='ltr'>et</span> <span class='ocrx_word' id='word_1_138' title='bbox 2193 1176 2413 1233; x_wconf 81' lang='lat' dir='ltr'>exornet,</span> <span class='ocrx_word' id='word_1_139' title='bbox 2438 1172 2555 1222; x_wconf 84' lang='lat' dir='ltr'>nibil</span> <span class='ocrx_word' id='word_1_140' title='bbox 2582 1177 2797 1223; x_wconf 84' lang='lat' dir='ltr'>metuens</span> <span class='ocrx_word' id='word_1_141' title='bbox 2818 1186 2878 1223; x_wconf 90' lang='lat' dir='ltr'>ne</span> <span class='ocrx_word' id='word_1_142' title='bbox 2905 1174 2991 1235; x_wconf 86' lang='lat' dir='ltr'>qui</span> <span class='ocrx_word' id='word_1_143' title='bbox 3024 1187 3255 1223; x_wconf 78' lang='lat' dir='ltr'>novarum</span> <span class='ocrx_word' id='word_1_144' title='bbox 3283 1187 3444 1223; x_wconf 84' lang='lat' dir='ltr'>rerum</span> <span class='ocrx_word' id='word_1_145' title='bbox 3472 1176 3685 1225; x_wconf 77' lang='lat' dir='ltr'>studiosi</span> 
     </span>
     <span class='ocr_line' id='line_1_18' title="bbox 2127 1265 3689 1331; baseline 0.002 -18"><span class='ocrx_word' id='word_1_146' title='bbox 2127 1265 2317 1314; x_wconf 80' lang='lat' dir='ltr'>insidias</span> <span class='ocrx_word' id='word_1_147' title='bbox 2338 1266 2427 1327; x_wconf 84' lang='lat' dir='ltr'>ipsi</span> <span class='ocrx_word' id='word_1_148' title='bbox 2449 1269 2649 1314; x_wconf 86' lang='lat' dir='ltr'>struant.</span> <span class='ocrx_word' id='word_1_149' title='bbox 2738 1266 2921 1325; x_wconf 82' lang='lat' dir='ltr'><strong>Quodsi</strong></span> <span class='ocrx_word' id='word_1_150' title='bbox 2944 1267 3028 1329; x_wconf 88' lang='lat' dir='ltr'>qui</span> <span class='ocrx_word' id='word_1_151' title='bbox 3054 1267 3287 1326; x_wconf 81' lang='lat' dir='ltr'>audeant,</span> <span class='ocrx_word' id='word_1_152' title='bbox 3310 1273 3519 1317; x_wconf 87' lang='lat' dir='ltr'>mortem</span> <span class='ocrx_word' id='word_1_153' title='bbox 3544 1283 3689 1331; x_wconf 81' lang='lat' dir='ltr'>oppe-</span> 
     </span>
    </p>
   </div>
   <div class='ocr_carea' id='block_1_9' title="bbox 425 1358 3689 1445">
    <p class='ocr_par' dir='ltr' id='par_1_9' title="bbox 425 1358 3689 1445">
     <span class='ocr_line' id='line_1_19' title="bbox 425 1358 3689 1445; baseline 0.001 -24"><span class='ocrx_word' id='word_1_154' title='bbox 425 1382 474 1421; x_wconf 84' lang='grc' dir='ltr'>Ιο</span> <span class='ocrx_word' id='word_1_155' title='bbox 497 1366 924 1439; x_wconf 82' lang='grc' dir='ltr'>θνάναιτοιαύτην</span> <span class='ocrx_word' id='word_1_156' title='bbox 941 1364 1126 1444; x_wconf 74' lang='grc' dir='ltr'>ἀρετὴν</span> <span class='ocrx_word' id='word_1_157' title='bbox 1137 1364 1586 1445; x_wconf 79' lang='grc' dir='ltr'>ἐνδειξαμένῳτοῖς</span> <span class='ocrx_word' id='word_1_158' title='bbox 1596 1365 1830 1429; x_wconf 87' lang='grc' dir='ltr'>πολίταις</span> <span class='ocrx_word' id='word_1_159' title='bbox 1841 1366 2038 1441; x_wconf 79' lang='grc' dir='ltr'>μᾶλλον</span> <span class='ocrx_word' id='word_1_160' title='bbox 2062 1364 2103 1425; x_wconf 91' lang='lat' dir='ltr'>b</span> <span class='ocrx_word' id='word_1_161' title='bbox 2126 1360 2224 1409; x_wconf 56' lang='lat'><strong>[0¹⁹0</strong></span> <span class='ocrx_word' id='word_1_162' title='bbox 2254 1360 2403 1409; x_wconf 58' lang='lat'><strong>“²5⁰⁸</strong></span> <span class='ocrx_word' id='word_1_163' title='bbox 2430 1373 2536 1408; x_wconf 70' lang='lat'>0⁸⁵⁶</span> <span class='ocrx_word' id='word_1_164' title='bbox 2562 1358 2694 1409; x_wconf 58' lang='lat' dir='ltr'>(¹¹¹⁰st</span> <span class='ocrx_word' id='word_1_165' title='bbox 2722 1360 2771 1407; x_wconf 64' lang='lat'>5⁰</span> <span class='ocrx_word' id='word_1_166' title='bbox 2802 1364 2931 1409; x_wconf 56' lang='grc' dir='ltr'>ΨΜ</span> <span class='ocrx_word' id='word_1_167' title='bbox 2972 1359 3265 1409; x_wconf 57' lang='lat' dir='ltr'>humanitate</span> <span class='ocrx_word' id='word_1_168' title='bbox 3301 1365 3351 1409; x_wconf 70' lang='lat'>⁰2</span> <span class='ocrx_word' id='word_1_169' title='bbox 3386 1360 3689 1422; x_wconf 63' lang='lat' dir='ltr'>hssffiguilale</span> 
     </span>
    </p>
   </div>
   <div class='ocr_carea' id='block_1_10' title="bbox 417 1451 2039 2055">
    <p class='ocr_par' dir='ltr' id='par_1_10' title="bbox 493 1451 2037 1619">
     <span class='ocr_line' id='line_1_20' title="bbox 495 1451 2037 1532; baseline -0.001 -21"><span class='ocrx_word' id='word_1_170' title='bbox 495 1452 528 1523; x_wconf 82' lang='grc' dir='ltr'>ἢ</span> <span class='ocrx_word' id='word_1_171' title='bbox 553 1456 642 1523; x_wconf 81' lang='grc' dir='ltr'>ζῆν</span> <span class='ocrx_word' id='word_1_172' title='bbox 661 1453 825 1511; x_wconf 87' lang='grc' dir='ltr'>πλείω</span> <span class='ocrx_word' id='word_1_173' title='bbox 843 1452 1024 1532; x_wconf 84' lang='grc' dir='ltr'>χρόνον</span> <span class='ocrx_word' id='word_1_174' title='bbox 1045 1456 1108 1531; x_wconf 78' lang='grc' dir='ltr'>τῇ</span> <span class='ocrx_word' id='word_1_175' title='bbox 1128 1451 1274 1509; x_wconf 87' lang='grc' dir='ltr'>πόλει</span> <span class='ocrx_word' id='word_1_176' title='bbox 1297 1455 1397 1509; x_wconf 84' lang='grc' dir='ltr'>τῶν</span> <span class='ocrx_word' id='word_1_177' title='bbox 1421 1454 1675 1529; x_wconf 87' lang='grc' dir='ltr'>μεγίστων</span> <span class='ocrx_word' id='word_1_178' title='bbox 1695 1456 1868 1510; x_wconf 81' lang='grc' dir='ltr'>κακῶν</span> <span class='ocrx_word' id='word_1_179' title='bbox 1887 1451 2037 1531; x_wconf 81' lang='grc' dir='ltr'>αἰτίῳ</span> 
     </span>
     <span class='ocr_line' id='line_1_21' title="bbox 493 1538 769 1619; baseline 0.004 -21"><span class='ocrx_word' id='word_1_180' title='bbox 493 1538 769 1619; x_wconf 85' lang='grc' dir='ltr'>γενομένῳ.</span> 
     </span>
    </p>

    <p class='ocr_par' dir='ltr' id='par_1_11' title="bbox 417 1625 2039 2055">
     <span class='ocr_line' id='line_1_22' title="bbox 573 1625 2035 1705; baseline -0.003 -17"><span class='ocrx_word' id='word_1_181' title='bbox 573 1648 646 1688; x_wconf 86' lang='lat'>10.</span> <span class='ocrx_word' id='word_1_182' title='bbox 687 1625 811 1686; x_wconf 83' lang='grc' dir='ltr'>Ἔτι</span> <span class='ocrx_word' id='word_1_183' title='bbox 836 1628 880 1683; x_wconf 86' lang='grc' dir='ltr'>δ’</span> <span class='ocrx_word' id='word_1_184' title='bbox 915 1626 978 1684; x_wconf 77' lang='grc' dir='ltr'>ἂν</span> <span class='ocrx_word' id='word_1_185' title='bbox 1014 1626 1178 1683; x_wconf 85' lang='grc' dir='ltr'>πλείω</span> <span class='ocrx_word' id='word_1_186' title='bbox 1213 1649 1293 1685; x_wconf 84' lang='grc' dir='ltr'>σοι</span> <span class='ocrx_word' id='word_1_187' title='bbox 1343 1626 1462 1702; x_wconf 87' lang='grc' dir='ltr'>περὶ</span> <span class='ocrx_word' id='word_1_188' title='bbox 1512 1626 1702 1684; x_wconf 80' lang='grc' dir='ltr'>τούτων</span> <span class='ocrx_word' id='word_1_189' title='bbox 1751 1626 2035 1705; x_wconf 82' lang='grc' dir='ltr'>διελέχθην,</span> 
     </span>
     <span class='ocr_line' id='line_1_23' title="bbox 493 1708 2036 1792; baseline -0.001 -19"><span class='ocrx_word' id='word_1_190' title='bbox 493 1716 616 1783; x_wconf 80' lang='grc' dir='ltr'>ἴσως</span> <span class='ocrx_word' id='word_1_191' title='bbox 645 1716 689 1775; x_wconf 84' lang='grc' dir='ltr'>δ’</span> <span class='ocrx_word' id='word_1_192' title='bbox 715 1714 776 1773; x_wconf 84' lang='grc' dir='ltr'>διν</span> <span class='ocrx_word' id='word_1_193' title='bbox 807 1714 893 1771; x_wconf 80' lang='grc' dir='ltr'>καὶ</span> <span class='ocrx_word' id='word_1_194' title='bbox 919 1714 1276 1792; x_wconf 71' lang='grc' dir='ltr'>χαριέστερον,</span> <span class='ocrx_word' id='word_1_195' title='bbox 1305 1716 1350 1771; x_wconf 83' lang='grc' dir='ltr'>εἰ</span> <span class='ocrx_word' id='word_1_196' title='bbox 1375 1708 1804 1789; x_wconf 71' lang='grc' dir='ltr'>μὴ’παντάπασῖν</span> <span class='ocrx_word' id='word_1_197' title='bbox 1833 1712 1936 1773; x_wconf 77' lang='grc' dir='ltr'>ἔδει</span> <span class='ocrx_word' id='word_1_198' title='bbox 1970 1736 2036 1787; x_wconf 86' lang='grc' dir='ltr'>με</span> 
     </span>
     <span class='ocr_line' id='line_1_24' title="bbox 417 1800 2035 1881; baseline 0.001 -24"><span class='ocrx_word' id='word_1_199' title='bbox 417 1818 469 1857; x_wconf 72' lang='lat'>1⁶</span> <span class='ocrx_word' id='word_1_200' title='bbox 496 1802 580 1862; x_wconf 77' lang='grc' dir='ltr'>διὰ</span> <span class='ocrx_word' id='word_1_201' title='bbox 605 1802 805 1881; x_wconf 42' lang='grc' dir='ltr'>ταχέων</span> <span class='ocrx_word' id='word_1_202' title='bbox 833 1803 1030 1881; x_wconf 70' lang='grc' dir='ltr'>γράψαι</span> <span class='ocrx_word' id='word_1_203' title='bbox 1071 1824 1149 1858; x_wconf 88' lang='grc' dir='ltr'>σοι</span> <span class='ocrx_word' id='word_1_204' title='bbox 1198 1800 1291 1871; x_wconf 75' lang='grc' dir='ltr'>τὴν</span> <span class='ocrx_word' id='word_1_205' title='bbox 1329 1800 1619 1872; x_wconf 74' lang='grc' dir='ltr'>ἐπιστολήν.</span> <span class='ocrx_word' id='word_1_206' title='bbox 1702 1804 1811 1861; x_wconf 77' lang='grc' dir='ltr'>Νῦν</span> <span class='ocrx_word' id='word_1_207' title='bbox 1858 1800 1911 1859; x_wconf 83' lang='grc' dir='ltr'>δὲ</span> <span class='ocrx_word' id='word_1_208' title='bbox 1956 1800 2035 1859; x_wconf 86' lang='grc' dir='ltr'>σοὶ</span> 
     </span>
     <span class='ocr_line' id='line_1_25' title="bbox 497 1886 2039 1966; baseline -0.002 -18"><span class='ocrx_word' id='word_1_209' title='bbox 497 1888 588 1966; x_wconf 79' lang='grc' dir='ltr'>μὲν</span> <span class='ocrx_word' id='word_1_210' title='bbox 619 1894 759 1953; x_wconf 89' lang='grc' dir='ltr'>αυθις</span> <span class='ocrx_word' id='word_1_211' title='bbox 787 1887 1258 1963; x_wconf 70' lang='grc' dir='ltr'>συμὸουλεύσομεν,</span> <span class='ocrx_word' id='word_1_212' title='bbox 1298 1886 1385 1944; x_wconf 76' lang='grc' dir='ltr'>ἐὰν</span> <span class='ocrx_word' id='word_1_213' title='bbox 1415 1886 1487 1961; x_wconf 82' lang='grc' dir='ltr'>μὴ</span> <span class='ocrx_word' id='word_1_214' title='bbox 1516 1886 1723 1965; x_wconf 76' lang='grc' dir='ltr'>κωλύσῃ</span> <span class='ocrx_word' id='word_1_215' title='bbox 1755 1912 1820 1962; x_wconf 88' lang='grc' dir='ltr'>με</span> <span class='ocrx_word' id='word_1_216' title='bbox 1847 1888 1905 1945; x_wconf 84' lang='grc' dir='ltr'>τὸ</span> <span class='ocrx_word' id='word_1_217' title='bbox 1943 1892 2039 1965; x_wconf 83' lang='grc' dir='ltr'>γῆ-</span> 
     </span>
     <span class='ocr_line' id='line_1_26' title="bbox 497 1974 2038 2055; baseline -0.001 -22"><span class='ocrx_word' id='word_1_218' title='bbox 497 2000 616 2055; x_wconf 90' lang='grc' dir='ltr'>ρας,</span> <span class='ocrx_word' id='word_1_219' title='bbox 649 1979 699 2033; x_wconf 83' lang='grc' dir='ltr'>ἐν</span> <span class='ocrx_word' id='word_1_220' title='bbox 725 1974 778 2032; x_wconf 83' lang='grc' dir='ltr'>δὲ</span> <span class='ocrx_word' id='word_1_221' title='bbox 803 1978 877 2053; x_wconf 81' lang='grc' dir='ltr'>τῷ</span> <span class='ocrx_word' id='word_1_222' title='bbox 900 1974 1114 2053; x_wconf 86' lang='grc' dir='ltr'>παρόντι</span> <span class='ocrx_word' id='word_1_223' title='bbox 1137 1975 1254 2052; x_wconf 76' lang='grc' dir='ltr'>περὶ</span> <span class='ocrx_word' id='word_1_224' title='bbox 1277 1978 1376 2031; x_wconf 79' lang='grc' dir='ltr'>τῶν</span> <span class='ocrx_word' id='word_1_225' title='bbox 1400 1976 1539 2031; x_wconf 80' lang='grc' dir='ltr'>ἰδίων</span> <span class='ocrx_word' id='word_1_226' title='bbox 1563 1976 1883 2050; x_wconf 82' lang='grc' dir='ltr'>δηλώσομεν.</span> <span class='ocrx_word' id='word_1_227' title='bbox 1938 1978 2038 2034; x_wconf 82' lang='grc' dir='ltr'>Αὖ-</span> 
     </span>
    </p>
   </div>
   <div class='ocr_carea' id='block_1_11' title="bbox 2124 1451 3687 1701">
    <p class='ocr_par' dir='ltr' id='par_1_12' title="bbox 2124 1451 3687 1701">
     <span class='ocr_line' id='line_1_27' title="bbox 2124 1451 3687 1517; baseline 0.003 -19"><span class='ocrx_word' id='word_1_228' title='bbox 2124 1464 2232 1511; x_wconf 80' lang='lat' dir='ltr'>erga</span> <span class='ocrx_word' id='word_1_229' title='bbox 2249 1452 2377 1501; x_wconf 76' lang='lat' dir='ltr'>cives</span> <span class='ocrx_word' id='word_1_230' title='bbox 2393 1485 2409 1510; x_wconf 85' lang='lat'>‚</span> <span class='ocrx_word' id='word_1_231' title='bbox 2440 1464 2585 1513; x_wconf 86' lang='lat' dir='ltr'>quam</span> <span class='ocrx_word' id='word_1_232' title='bbox 2618 1451 2871 1501; x_wconf 86' lang='lat' dir='ltr'>crudeliter</span> <span class='ocrx_word' id='word_1_233' title='bbox 2902 1452 2953 1501; x_wconf 88' lang='lat' dir='ltr'>in</span> <span class='ocrx_word' id='word_1_234' title='bbox 2972 1454 3165 1505; x_wconf 84' lang='lat' dir='ltr'>eosdem</span> <span class='ocrx_word' id='word_1_235' title='bbox 3200 1456 3493 1517; x_wconf 77' lang='lat' dir='ltr'>grassando,</span> <span class='ocrx_word' id='word_1_236' title='bbox 3534 1458 3687 1505; x_wconf 78' lang='lat' dir='ltr'>vitam</span> 
     </span>
     <span class='ocr_line' id='line_1_28' title="bbox 2127 1541 2547 1605; baseline 0.007 -15"><span class='ocrx_word' id='word_1_237' title='bbox 2127 1541 2249 1591; x_wconf 88' lang='lat' dir='ltr'>ultra</span> <span class='ocrx_word' id='word_1_238' title='bbox 2274 1542 2547 1605; x_wconf 85' lang='lat' dir='ltr'>producere.</span> 
     </span>
     <span class='ocr_line' id='line_1_29' title="bbox 2192 1638 3681 1701; baseline 0.005 -16"><span class='ocrx_word' id='word_1_239' title='bbox 2192 1643 2262 1685; x_wconf 89' lang='grc'>10.</span> <span class='ocrx_word' id='word_1_240' title='bbox 2286 1638 2425 1685; x_wconf 86' lang='lat' dir='ltr'>Plura</span> <span class='ocrx_word' id='word_1_241' title='bbox 2440 1640 2499 1685; x_wconf 89' lang='lat' dir='ltr'>de</span> <span class='ocrx_word' id='word_1_242' title='bbox 2515 1638 2587 1687; x_wconf 74' lang='lat' dir='ltr'>liis</span> <span class='ocrx_word' id='word_1_243' title='bbox 2602 1643 2649 1687; x_wconf 90' lang='lat' dir='ltr'>et</span> <span class='ocrx_word' id='word_1_244' title='bbox 2667 1638 2863 1687; x_wconf 85' lang='lat' dir='ltr'>sortasse</span> <span class='ocrx_word' id='word_1_245' title='bbox 2878 1639 3136 1699; x_wconf 78' lang='lat' dir='ltr'>elegantius</span> <span class='ocrx_word' id='word_1_246' title='bbox 3150 1644 3307 1689; x_wconf 85' lang='lat' dir='ltr'>tecum</span> <span class='ocrx_word' id='word_1_247' title='bbox 3322 1641 3681 1701; x_wconf 68' lang='lat' dir='ltr'>diss-eruissem,</span> 
     </span>
    </p>
   </div>
   <div class='ocr_carea' id='block_1_12' title="bbox 2122 1739 3678 2010">
    <p class='ocr_par' dir='ltr' id='par_1_13' title="bbox 2122 1739 3678 2010">
     <span class='ocr_line' id='line_1_30' title="bbox 2130 1739 3678 1803; baseline 0.004 -14"><span class='ocrx_word' id='word_1_248' title='bbox 2130 1740 2221 1789; x_wconf 87' lang='lat' dir='ltr'>nisi</span> <span class='ocrx_word' id='word_1_249' title='bbox 2240 1740 2355 1789; x_wconf 77' lang='lat' dir='ltr'>milii</span> <span class='ocrx_word' id='word_1_250' title='bbox 2378 1739 2453 1789; x_wconf 78' lang='lat' dir='ltr'>11ae</span> <span class='ocrx_word' id='word_1_251' title='bbox 2477 1741 2625 1789; x_wconf 82' lang='lat' dir='ltr'>literoe</span> <span class='ocrx_word' id='word_1_252' title='bbox 2652 1754 2763 1789; x_wconf 88' lang='lat' dir='ltr'>cum</span> <span class='ocrx_word' id='word_1_253' title='bbox 2794 1754 2962 1803; x_wconf 83' lang='lat' dir='ltr'>magna</span> <span class='ocrx_word' id='word_1_254' title='bbox 2984 1742 3281 1793; x_wconf 77' lang='lat' dir='ltr'>festinatione</span> <span class='ocrx_word' id='word_1_255' title='bbox 3318 1746 3583 1795; x_wconf 61' lang='lat' dir='ltr'>scribendae</span> <span class='ocrx_word' id='word_1_256' title='bbox 3602 1760 3678 1795; x_wconf 77' lang='lat' dir='ltr'>es·</span> 
     </span>
     <span class='ocr_line' id='line_1_31' title="bbox 2122 1842 3675 1907; baseline 0.003 -16"><span class='ocrx_word' id='word_1_257' title='bbox 2122 1846 2245 1891; x_wconf 81' lang='lat' dir='ltr'>sent.</span> <span class='ocrx_word' id='word_1_258' title='bbox 2308 1842 2399 1891; x_wconf 86' lang='lat' dir='ltr'>Sed</span> <span class='ocrx_word' id='word_1_259' title='bbox 2436 1842 2550 1891; x_wconf 84' lang='lat' dir='ltr'>alias</span> <span class='ocrx_word' id='word_1_260' title='bbox 2580 1842 2755 1891; x_wconf 87' lang='lat' dir='ltr'>iterum</span> <span class='ocrx_word' id='word_1_261' title='bbox 2778 1842 2894 1903; x_wconf 88' lang='lat' dir='ltr'>tibi,</span> <span class='ocrx_word' id='word_1_262' title='bbox 2919 1844 3005 1892; x_wconf 86' lang='lat' dir='ltr'>nisi</span> <span class='ocrx_word' id='word_1_263' title='bbox 3036 1857 3113 1893; x_wconf 88' lang='lat' dir='ltr'>me</span> <span class='ocrx_word' id='word_1_264' title='bbox 3134 1846 3325 1894; x_wconf 86' lang='lat' dir='ltr'>senium</span> <span class='ocrx_word' id='word_1_265' title='bbox 3362 1848 3675 1907; x_wconf 76' lang='lat' dir='ltr'>prohibuerit,</span> 
     </span>
     <span class='ocr_line' id='line_1_32' title="bbox 2126 1944 3675 2010; baseline 0.003 -18"><span class='ocrx_word' id='word_1_266' title='bbox 2126 1946 2375 1993; x_wconf 82' lang='lat' dir='ltr'>consilium</span> <span class='ocrx_word' id='word_1_267' title='bbox 2409 1944 2627 1993; x_wconf 79' lang='lat' dir='ltr'>dabimus</span> <span class='ocrx_word' id='word_1_268' title='bbox 2662 1945 2748 1992; x_wconf 89' lang='lat' dir='ltr'>:in</span> <span class='ocrx_word' id='word_1_269' title='bbox 2781 1946 3033 2007; x_wconf 81' lang='lat' dir='ltr'>praesentia</span> <span class='ocrx_word' id='word_1_270' title='bbox 3064 1959 3175 1996; x_wconf 82' lang='lat' dir='ltr'>vero</span> <span class='ocrx_word' id='word_1_271' title='bbox 3206 1947 3268 1995; x_wconf 87' lang='lat' dir='ltr'>de</span> <span class='ocrx_word' id='word_1_272' title='bbox 3296 1949 3499 2010; x_wconf 75' lang='lat' dir='ltr'>privatis</span> <span class='ocrx_word' id='word_1_273' title='bbox 3536 1950 3675 1999; x_wconf 72' lang='lat' dir='ltr'>rebus</span> 
     </span>
    </p>
   </div>
   <div class='ocr_carea' id='block_1_13' title="bbox 495 2048 3669 2139">
    <p class='ocr_par' dir='ltr' id='par_1_14' title="bbox 495 2048 3669 2139">
     <span class='ocr_line' id='line_1_33' title="bbox 495 2048 3669 2139; baseline 0.004 -51"><span class='ocrx_word' id='word_1_274' title='bbox 495 2061 759 2139; x_wconf 64' lang='grc' dir='ltr'>τοχράτωρ</span> <span class='ocrx_word' id='word_1_275' title='bbox 787 2060 884 2137; x_wconf 64' lang='grc' dir='ltr'>γὰρ</span> <span class='ocrx_word' id='word_1_276' title='bbox 909 2065 936 2117; x_wconf 67' lang='grc' dir='ltr'>ὁ</span> <span class='ocrx_word' id='word_1_277' title='bbox 956 2059 1022 2116; x_wconf 64' lang='grc' dir='ltr'>τὰ</span> <span class='ocrx_word' id='word_1_278' title='bbox 1044 2060 1331 2138; x_wconf 64' lang='grc' dir='ltr'>γράμματα</span> <span class='ocrx_word' id='word_1_279' title='bbox 1357 2060 1522 2139; x_wconf 62' lang='grc' dir='ltr'>φέρων</span> <span class='ocrx_word' id='word_1_280' title='bbox 1547 2060 1742 2126; x_wconf 60' lang='grc' dir='ltr'>οἰκείως</span> <span class='ocrx_word' id='word_1_281' title='bbox 1764 2066 1892 2135; x_wconf 61' lang='grc' dir='ltr'>ἡμῖν</span> <span class='ocrx_word' id='word_1_282' title='bbox 1913 2060 2037 2139; x_wconf 62' lang='grc' dir='ltr'>ἔχει.</span> <span class='ocrx_word' id='word_1_283' title='bbox 2058 2088 2095 2127; x_wconf 71' lang='lat' dir='ltr'><strong>c</strong></span> <span class='ocrx_word' id='word_1_284' title='bbox 2125 2060 2334 2105; x_wconf 74' lang='lat' dir='ltr'>agemus.</span> <span class='ocrx_word' id='word_1_285' title='bbox 2398 2050 2679 2095; x_wconf 83' lang='lat' dir='ltr'>Autocrator</span> <span class='ocrx_word' id='word_1_286' title='bbox 2698 2048 2843 2108; x_wconf 88' lang='lat' dir='ltr'>enim,</span> <span class='ocrx_word' id='word_1_287' title='bbox 2870 2048 2953 2109; x_wconf 90' lang='lat' dir='ltr'>qui</span> <span class='ocrx_word' id='word_1_288' title='bbox 2972 2048 3131 2097; x_wconf 82' lang='lat' dir='ltr'>literas</span> <span class='ocrx_word' id='word_1_289' title='bbox 3154 2049 3241 2098; x_wconf 74' lang='lat' dir='ltr'>lias</span> <span class='ocrx_word' id='word_1_290' title='bbox 3262 2050 3354 2098; x_wconf 83' lang='lat' dir='ltr'>tibi</span> <span class='ocrx_word' id='word_1_291' title='bbox 3392 2050 3577 2111; x_wconf 82' lang='lat' dir='ltr'>reddit,</span> <span class='ocrx_word' id='word_1_292' title='bbox 3604 2059 3669 2099; x_wconf 74' lang='lat' dir='ltr'>est</span> 
     </span>
    </p>
   </div>
   <div class='ocr_carea' id='block_1_14' title="bbox 413 2144 2043 2834">
    <p class='ocr_par' dir='ltr' id='par_1_15' title="bbox 413 2144 2043 2749">
     <span class='ocr_line' id='line_1_34' title="bbox 499 2144 2039 2225; baseline 0 -20"><span class='ocrx_word' id='word_1_293' title='bbox 499 2149 590 2223; x_wconf 84' lang='lat' dir='ltr'>(tt)</span> <span class='ocrx_word' id='word_1_294' title='bbox 619 2150 739 2223; x_wconf 87' lang='grc' dir='ltr'>περί</span> <span class='ocrx_word' id='word_1_295' title='bbox 784 2170 840 2204; x_wconf 88' lang='grc' dir='ltr'>τε</span> <span class='ocrx_word' id='word_1_296' title='bbox 883 2147 984 2225; x_wconf 76' lang='grc' dir='ltr'>γὰρ</span> <span class='ocrx_word' id='word_1_297' title='bbox 1015 2147 1105 2211; x_wconf 82' lang='grc' dir='ltr'>τὰς</span> <span class='ocrx_word' id='word_1_298' title='bbox 1150 2146 1416 2225; x_wconf 78' lang='grc' dir='ltr'>διατριὸὰς</span> <span class='ocrx_word' id='word_1_299' title='bbox 1447 2144 1540 2211; x_wconf 77' lang='grc' dir='ltr'>τὰς</span> <span class='ocrx_word' id='word_1_300' title='bbox 1559 2146 1724 2213; x_wconf 68' lang='grc' dir='ltr'>,αὐτὰς</span> <span class='ocrx_word' id='word_1_301' title='bbox 1755 2147 2039 2225; x_wconf 86' lang='grc' dir='ltr'>γεγόναμεν</span> 
     </span>
     <span class='ocr_line' id='line_1_35' title="bbox 415 2232 2043 2312; baseline 0.002 -24"><span class='ocrx_word' id='word_1_302' title='bbox 415 2246 472 2287; x_wconf 64' lang='lat' dir='ltr'>a)</span> <span class='ocrx_word' id='word_1_303' title='bbox 496 2234 584 2291; x_wconf 79' lang='grc' dir='ltr'>καὶ</span> <span class='ocrx_word' id='word_1_304' title='bbox 611 2238 674 2311; x_wconf 84' lang='grc' dir='ltr'>τῇ</span> <span class='ocrx_word' id='word_1_305' title='bbox 696 2234 854 2311; x_wconf 80' lang='grc' dir='ltr'>τέχνῃ</span> <span class='ocrx_word' id='word_1_306' title='bbox 885 2233 1134 2298; x_wconf 79' lang='grc' dir='ltr'>πολλάκις</span> <span class='ocrx_word' id='word_1_307' title='bbox 1164 2236 1316 2307; x_wconf 73' lang='grc' dir='ltr'>αὐτοῦ</span> <span class='ocrx_word' id='word_1_308' title='bbox 1351 2232 1642 2312; x_wconf 84' lang='grc' dir='ltr'>κέχρημαι,</span> <span class='ocrx_word' id='word_1_309' title='bbox 1667 2234 1754 2291; x_wconf 84' lang='grc' dir='ltr'>καὶ</span> <span class='ocrx_word' id='word_1_310' title='bbox 1783 2232 1840 2290; x_wconf 81' lang='grc' dir='ltr'>τὸ</span> <span class='ocrx_word' id='word_1_311' title='bbox 1869 2236 2043 2293; x_wconf 77' lang='grc' dir='ltr'>τελευ·</span> 
     </span>
     <span class='ocr_line' id='line_1_36' title="bbox 494 2320 2039 2401; baseline 0 -22"><span class='ocrx_word' id='word_1_312' title='bbox 494 2330 637 2379; x_wconf 87' lang='grc' dir='ltr'>ταῖον</span> <span class='ocrx_word' id='word_1_313' title='bbox 669 2322 786 2401; x_wconf 83' lang='grc' dir='ltr'>περὶ</span> <span class='ocrx_word' id='word_1_314' title='bbox 814 2326 904 2392; x_wconf 80' lang='grc' dir='ltr'>τῆς</span> <span class='ocrx_word' id='word_1_315' title='bbox 930 2322 1223 2397; x_wconf 82' lang='grc' dir='ltr'>ἀποδημίας</span> <span class='ocrx_word' id='word_1_316' title='bbox 1243 2326 1334 2391; x_wconf 73' lang='grc' dir='ltr'>τῆς</span> <span class='ocrx_word' id='word_1_317' title='bbox 1361 2325 1427 2387; x_wconf 83' lang='grc' dir='ltr'>ὡς</span> <span class='ocrx_word' id='word_1_318' title='bbox 1458 2320 1514 2378; x_wconf 86' lang='grc' dir='ltr'>σὲ</span> <span class='ocrx_word' id='word_1_319' title='bbox 1545 2320 1831 2395; x_wconf 71' lang='grc' dir='ltr'>σύμὸουλος</span> <span class='ocrx_word' id='word_1_320' title='bbox 1866 2323 2039 2397; x_wconf 80' lang='grc' dir='ltr'>ἐγενό-</span> 
     </span>
     <span class='ocr_line' id='line_1_37' title="bbox 497 2408 2039 2492; baseline 0.001 -28"><span class='ocrx_word' id='word_1_321' title='bbox 497 2432 598 2485; x_wconf 85' lang='grc' dir='ltr'>μην</span> <span class='ocrx_word' id='word_1_322' title='bbox 620 2411 777 2489; x_wconf 82' lang='grc' dir='ltr'>αὗτῷ.</span> <span class='ocrx_word' id='word_1_323' title='bbox 819 2408 920 2467; x_wconf 78' lang='grc' dir='ltr'>Διὰ</span> <span class='ocrx_word' id='word_1_324' title='bbox 944 2408 1006 2479; x_wconf 79' lang='grc' dir='ltr'>δὴ</span> <span class='ocrx_word' id='word_1_325' title='bbox 1030 2415 1195 2467; x_wconf 80' lang='grc' dir='ltr'>ταῦτα</span> <span class='ocrx_word' id='word_1_326' title='bbox 1216 2409 1388 2492; x_wconf 81' lang='grc' dir='ltr'>πάντα</span> <span class='ocrx_word' id='word_1_327' title='bbox 1412 2408 1690 2486; x_wconf 82' lang='grc' dir='ltr'>βουλοίμην</span> <span class='ocrx_word' id='word_1_328' title='bbox 1711 2408 1772 2465; x_wconf 78' lang='grc' dir='ltr'>ἄν</span> <span class='ocrx_word' id='word_1_329' title='bbox 1794 2431 1850 2465; x_wconf 92' lang='grc' dir='ltr'>σε</span> <span class='ocrx_word' id='word_1_330' title='bbox 1870 2412 2039 2475; x_wconf 84' lang='grc' dir='ltr'>καλῶς</span> 
     </span>
     <span class='ocr_line' id='line_1_38' title="bbox 495 2486 2038 2576; baseline 0.001 -24"><span class='ocrx_word' id='word_1_331' title='bbox 495 2498 636 2572; x_wconf 76' lang='grc' dir='ltr'>αὐτῷ</span> <span class='ocrx_word' id='word_1_332' title='bbox 657 2494 955 2574; x_wconf 75' lang='grc' dir='ltr'>χρήσασθαι</span> <span class='ocrx_word' id='word_1_333' title='bbox 977 2496 1065 2553; x_wconf 75' lang='grc' dir='ltr'>καὶ</span> <span class='ocrx_word' id='word_1_334' title='bbox 1083 2486 1440 2575; x_wconf 65' lang='grc' dir='ltr'>συμφερόντως</span> <span class='ocrx_word' id='word_1_335' title='bbox 1465 2493 1768 2576; x_wconf 72' lang='grc' dir='ltr'>ἀμφοτέροις</span> <span class='ocrx_word' id='word_1_336' title='bbox 1787 2499 1927 2571; x_wconf 78' lang='grc' dir='ltr'>ὑμῖν,</span> <span class='ocrx_word' id='word_1_337' title='bbox 1950 2496 2038 2553; x_wconf 86' lang='grc' dir='ltr'>καὶ</span> 
     </span>
     <span class='ocr_line' id='line_1_39' title="bbox 494 2580 2037 2661; baseline -0.001 -22"><span class='ocrx_word' id='word_1_338' title='bbox 494 2581 728 2659; x_wconf 86' lang='grc' dir='ltr'>γενέσθαι</span> <span class='ocrx_word' id='word_1_339' title='bbox 757 2581 972 2661; x_wconf 81' lang='grc' dir='ltr'>φανερὸν</span> <span class='ocrx_word' id='word_1_340' title='bbox 999 2582 1078 2640; x_wconf 80' lang='grc' dir='ltr'>ὅτι</span> <span class='ocrx_word' id='word_1_341' title='bbox 1109 2581 1258 2661; x_wconf 83' lang='grc' dir='ltr'>μέρος</span> <span class='ocrx_word' id='word_1_342' title='bbox 1289 2604 1340 2638; x_wconf 89' lang='grc' dir='ltr'>τι</span> <span class='ocrx_word' id='word_1_343' title='bbox 1365 2581 1453 2637; x_wconf 85' lang='grc' dir='ltr'>καὶ</span> <span class='ocrx_word' id='word_1_344' title='bbox 1479 2581 1542 2638; x_wconf 90' lang='grc' dir='ltr'>δι’</span> <span class='ocrx_word' id='word_1_345' title='bbox 1563 2580 1656 2656; x_wconf 83' lang='grc' dir='ltr'>ἐμὲ</span> <span class='ocrx_word' id='word_1_346' title='bbox 1679 2580 1908 2658; x_wconf 85' lang='grc' dir='ltr'>γίγνεται</span> <span class='ocrx_word' id='word_1_347' title='bbox 1936 2586 2037 2639; x_wconf 82' lang='grc' dir='ltr'>τῶν</span> 
     </span>
     <span class='ocr_line' id='line_1_40' title="bbox 413 2667 896 2749; baseline 0.012 -27"><span class='ocrx_word' id='word_1_348' title='bbox 413 2682 468 2722; x_wconf 73' lang='lat'>25</span> <span class='ocrx_word' id='word_1_349' title='bbox 495 2667 708 2726; x_wconf 84' lang='grc' dir='ltr'>δεόντων</span> <span class='ocrx_word' id='word_1_350' title='bbox 738 2672 896 2749; x_wconf 80' lang='grc' dir='ltr'>αὐτῷ.</span> 
     </span>
    </p>

    <p class='ocr_par' dir='ltr' id='par_1_16' title="bbox 571 2753 2037 2834">
     <span class='ocr_line' id='line_1_41' title="bbox 571 2753 2037 2834; baseline 0.001 -19"><span class='ocrx_word' id='word_1_351' title='bbox 571 2774 641 2816; x_wconf 85' lang='lat'>12.</span> <span class='ocrx_word' id='word_1_352' title='bbox 688 2756 794 2815; x_wconf 79' lang='grc' dir='ltr'>Καὶ</span> <span class='ocrx_word' id='word_1_353' title='bbox 819 2756 892 2832; x_wconf 78' lang='grc' dir='ltr'>μὴ</span> <span class='ocrx_word' id='word_1_354' title='bbox 923 2755 1222 2834; x_wconf 76' lang='grc' dir='ltr'>θαυμάσῃς,</span> <span class='ocrx_word' id='word_1_355' title='bbox 1252 2758 1296 2813; x_wconf 82' lang='grc' dir='ltr'>εἰ</span> <span class='ocrx_word' id='word_1_356' title='bbox 1323 2755 1404 2813; x_wconf 81' lang='grc' dir='ltr'>σοὶ</span> <span class='ocrx_word' id='word_1_357' title='bbox 1431 2754 1524 2831; x_wconf 80' lang='grc' dir='ltr'>μὲν</span> <span class='ocrx_word' id='word_1_358' title='bbox 1553 2753 1714 2820; x_wconf 75' lang='grc' dir='ltr'>οὕτως</span> <span class='ocrx_word' id='word_1_359' title='bbox 1750 2755 2037 2815; x_wconf 78' lang='grc' dir='ltr'>ἐπιστέλλω</span> 
     </span>
    </p>
   </div>
   <div class='ocr_carea' id='block_1_15' title="bbox 2124 2148 3687 2842">
    <p class='ocr_par' dir='ltr' id='par_1_17' title="bbox 2124 2148 3685 2732">
     <span class='ocr_line' id='line_1_42' title="bbox 2130 2148 3665 2213; baseline 0.003 -14"><span class='ocrx_word' id='word_1_360' title='bbox 2130 2149 2245 2199; x_wconf 85' lang='lat' dir='ltr'>mihi</span> <span class='ocrx_word' id='word_1_361' title='bbox 2270 2148 2507 2197; x_wconf 82' lang='lat' dir='ltr'>familiaris</span> <span class='ocrx_word' id='word_1_362' title='bbox 2527 2168 2538 2199; x_wconf 91' lang='lat'><strong>:</strong></span> <span class='ocrx_word' id='word_1_363' title='bbox 2563 2151 2660 2213; x_wconf 82' lang='grc' dir='ltr'>(ιι)</span> <span class='ocrx_word' id='word_1_364' title='bbox 2676 2164 2785 2197; x_wconf 89' lang='lat' dir='ltr'>nam</span> <span class='ocrx_word' id='word_1_365' title='bbox 2803 2150 2917 2199; x_wconf 87' lang='lat' dir='ltr'>etin</span> <span class='ocrx_word' id='word_1_366' title='bbox 2934 2150 3101 2199; x_wconf 87' lang='lat' dir='ltr'>iisdem</span> <span class='ocrx_word' id='word_1_367' title='bbox 3120 2152 3295 2201; x_wconf 83' lang='lat' dir='ltr'>studiis</span> <span class='ocrx_word' id='word_1_368' title='bbox 3318 2155 3490 2203; x_wconf 80' lang='lat' dir='ltr'>versati</span> <span class='ocrx_word' id='word_1_369' title='bbox 3506 2168 3665 2203; x_wconf 82' lang='lat' dir='ltr'>sumus</span> 
     </span>
     <span class='ocr_line' id='line_1_43' title="bbox 2128 2255 3667 2317; baseline 0.003 -14"><span class='ocrx_word' id='word_1_370' title='bbox 2128 2258 2177 2303; x_wconf 80' lang='lat' dir='ltr'>et</span> <span class='ocrx_word' id='word_1_371' title='bbox 2192 2255 2297 2315; x_wconf 86' lang='lat' dir='ltr'>ejus</span> <span class='ocrx_word' id='word_1_372' title='bbox 2318 2258 2417 2303; x_wconf 86' lang='lat' dir='ltr'>arte</span> <span class='ocrx_word' id='word_1_373' title='bbox 2434 2266 2563 2315; x_wconf 79' lang='lat' dir='ltr'>saepe</span> <span class='ocrx_word' id='word_1_374' title='bbox 2582 2267 2698 2303; x_wconf 80' lang='lat' dir='ltr'>usus</span> <span class='ocrx_word' id='word_1_375' title='bbox 2719 2268 2854 2315; x_wconf 86' lang='lat' dir='ltr'>sum;</span> <span class='ocrx_word' id='word_1_376' title='bbox 2878 2255 3080 2317; x_wconf 81' lang='lat' dir='ltr'>denique</span> <span class='ocrx_word' id='word_1_377' title='bbox 3102 2269 3219 2305; x_wconf 79' lang='lat' dir='ltr'>vero</span> <span class='ocrx_word' id='word_1_378' title='bbox 3238 2256 3313 2306; x_wconf 85' lang='lat' dir='ltr'>illi</span> <span class='ocrx_word' id='word_1_379' title='bbox 3334 2264 3497 2308; x_wconf 71' lang='lat' dir='ltr'>auctor</span> <span class='ocrx_word' id='word_1_380' title='bbox 3518 2260 3667 2307; x_wconf 78' lang='lat' dir='ltr'>suiad</span> 
     </span>
     <span class='ocr_line' id='line_1_44' title="bbox 2134 2357 3681 2421; baseline 0.004 -14"><span class='ocrx_word' id='word_1_381' title='bbox 2134 2364 2183 2407; x_wconf 85' lang='lat' dir='ltr'>te</span> <span class='ocrx_word' id='word_1_382' title='bbox 2200 2357 2540 2421; x_wconf 72' lang='lat' dir='ltr'>proficiscendi.</span> <span class='ocrx_word' id='word_1_383' title='bbox 2562 2358 2649 2409; x_wconf 79' lang='lat' dir='ltr'>His</span> <span class='ocrx_word' id='word_1_384' title='bbox 2672 2360 2892 2409; x_wconf 85' lang='lat' dir='ltr'>omnibus</span> <span class='ocrx_word' id='word_1_385' title='bbox 2906 2360 2967 2409; x_wconf 84' lang='lat' dir='ltr'>de</span> <span class='ocrx_word' id='word_1_386' title='bbox 2982 2360 3141 2410; x_wconf 68' lang='lat' dir='ltr'>musis</span> <span class='ocrx_word' id='word_1_387' title='bbox 3160 2374 3275 2411; x_wconf 87' lang='lat' dir='ltr'>eum</span> <span class='ocrx_word' id='word_1_388' title='bbox 3298 2363 3557 2413; x_wconf 76' lang='lat' dir='ltr'>honorifice</span> <span class='ocrx_word' id='word_1_389' title='bbox 3574 2366 3681 2412; x_wconf 79' lang='lat' dir='ltr'>tra-</span> 
     </span>
     <span class='ocr_line' id='line_1_45' title="bbox 2126 2460 3685 2527; baseline 0.004 -18"><span class='ocrx_word' id='word_1_390' title='bbox 2126 2464 2227 2509; x_wconf 85' lang='lat' dir='ltr'>ctes</span> <span class='ocrx_word' id='word_1_391' title='bbox 2248 2460 2389 2509; x_wconf 82' lang='lat' dir='ltr'>velim</span> <span class='ocrx_word' id='word_1_392' title='bbox 2402 2497 2415 2520; x_wconf 89' lang='lat'>,</span> <span class='ocrx_word' id='word_1_393' title='bbox 2436 2465 2485 2509; x_wconf 86' lang='lat' dir='ltr'>et</span> <span class='ocrx_word' id='word_1_394' title='bbox 2504 2463 2560 2509; x_wconf 85' lang='lat' dir='ltr'>ut</span> <span class='ocrx_word' id='word_1_395' title='bbox 2580 2462 2797 2510; x_wconf 81' lang='lat' dir='ltr'>nostrum</span> <span class='ocrx_word' id='word_1_396' title='bbox 2820 2463 3007 2525; x_wconf 84' lang='lat' dir='ltr'>utrique</span> <span class='ocrx_word' id='word_1_397' title='bbox 3024 2462 3246 2525; x_wconf 81' lang='lat' dir='ltr'>expedit,</span> <span class='ocrx_word' id='word_1_398' title='bbox 3269 2477 3331 2514; x_wconf 83' lang='lat' dir='ltr'>ac</span> <span class='ocrx_word' id='word_1_399' title='bbox 3346 2478 3453 2527; x_wconf 62' lang='lat' dir='ltr'>prat</span> <span class='ocrx_word' id='word_1_400' title='bbox 3468 2470 3518 2515; x_wconf 69' lang='lat' dir='ltr'>te</span> <span class='ocrx_word' id='word_1_401' title='bbox 3538 2468 3685 2527; x_wconf 67' lang='lat' dir='ltr'>seraa,</span> 
     </span>
     <span class='ocr_line' id='line_1_46' title="bbox 2127 2564 3685 2633; baseline 0.007 -22"><span class='ocrx_word' id='word_1_402' title='bbox 2127 2564 2350 2627; x_wconf 85' lang='lat' dir='ltr'>quicquid</span> <span class='ocrx_word' id='word_1_403' title='bbox 2370 2564 2635 2615; x_wconf 80' lang='lat' dir='ltr'>officiorum</span> <span class='ocrx_word' id='word_1_404' title='bbox 2655 2566 2703 2615; x_wconf 89' lang='lat' dir='ltr'>in</span> <span class='ocrx_word' id='word_1_405' title='bbox 2724 2580 2833 2616; x_wconf 89' lang='lat' dir='ltr'>eum</span> <span class='ocrx_word' id='word_1_406' title='bbox 2852 2568 3137 2628; x_wconf 85' lang='lat' dir='ltr'>contuleris,</span> <span class='ocrx_word' id='word_1_407' title='bbox 3160 2568 3318 2631; x_wconf 75' lang='lat' dir='ltr'>aliqua</span> <span class='ocrx_word' id='word_1_408' title='bbox 3337 2583 3396 2619; x_wconf 83' lang='lat' dir='ltr'>ex</span> <span class='ocrx_word' id='word_1_409' title='bbox 3418 2574 3557 2633; x_wconf 81' lang='lat' dir='ltr'>parte</span> <span class='ocrx_word' id='word_1_410' title='bbox 3574 2586 3685 2621; x_wconf 78' lang='lat' dir='ltr'>mea</span> 
     </span>
     <span class='ocr_line' id='line_1_47' title="bbox 2124 2668 2627 2732; baseline 0.002 -13"><span class='ocrx_word' id='word_1_411' title='bbox 2124 2684 2314 2732; x_wconf 84' lang='lat' dir='ltr'>quoque</span> <span class='ocrx_word' id='word_1_412' title='bbox 2340 2670 2489 2731; x_wconf 83' lang='lat' dir='ltr'>gratia</span> <span class='ocrx_word' id='word_1_413' title='bbox 2510 2668 2627 2720; x_wconf 80' lang='lat' dir='ltr'>fieri.</span> 
     </span>
    </p>

    <p class='ocr_par' dir='ltr' id='par_1_18' title="bbox 2190 2774 3687 2842">
     <span class='ocr_line' id='line_1_48' title="bbox 2190 2774 3687 2842; baseline 0.006 -21"><span class='ocrx_word' id='word_1_414' title='bbox 2190 2778 2262 2821; x_wconf 88' lang='lat'>12.</span> <span class='ocrx_word' id='word_1_415' title='bbox 2296 2776 2459 2835; x_wconf 85' lang='lat' dir='ltr'>Neque</span> <span class='ocrx_word' id='word_1_416' title='bbox 2482 2774 2667 2824; x_wconf 86' lang='lat' dir='ltr'>mireris</span> <span class='ocrx_word' id='word_1_417' title='bbox 2686 2788 2763 2823; x_wconf 85' lang='lat' dir='ltr'>me</span> <span class='ocrx_word' id='word_1_418' title='bbox 2786 2779 2885 2823; x_wconf 81' lang='lat' dir='ltr'>tam</span> <span class='ocrx_word' id='word_1_419' title='bbox 2908 2775 3127 2837; x_wconf 78' lang='lat' dir='ltr'>expedite</span> <span class='ocrx_word' id='word_1_420' title='bbox 3140 2777 3205 2825; x_wconf 86' lang='lat' dir='ltr'>ad</span> <span class='ocrx_word' id='word_1_421' title='bbox 3226 2780 3273 2825; x_wconf 83' lang='lat' dir='ltr'>te</span> <span class='ocrx_word' id='word_1_422' title='bbox 3288 2778 3525 2841; x_wconf 79' lang='lat' dir='ltr'>scribere,</span> <span class='ocrx_word' id='word_1_423' title='bbox 3546 2782 3633 2842; x_wconf 84' lang='lat' dir='ltr'>qui</span> <span class='ocrx_word' id='word_1_424' title='bbox 3650 2794 3687 2829; x_wconf 77' lang='lat' dir='ltr'>a</span> 
     </span>
    </p>
   </div>
   <div class='ocr_carea' id='block_1_16' title="bbox 492 2834 3683 2938">
    <p class='ocr_par' dir='ltr' id='par_1_19' title="bbox 492 2834 3683 2938">
     <span class='ocr_line' id='line_1_49' title="bbox 492 2834 3683 2938; baseline 0.005 -30"><span class='ocrx_word' id='word_1_425' title='bbox 492 2842 764 2921; x_wconf 73' lang='grc' dir='ltr'>προθύμως</span> <span class='ocrx_word' id='word_1_426' title='bbox 783 2888 798 2917; x_wconf 66' lang='grc' dir='ltr'>ι,</span> <span class='ocrx_word' id='word_1_427' title='bbox 828 2842 1101 2921; x_wconf 70' lang='grc' dir='ltr'>Κλεάρχου</span> <span class='ocrx_word' id='word_1_428' title='bbox 1132 2840 1186 2899; x_wconf 67' lang='grc' dir='ltr'>δὲ</span> <span class='ocrx_word' id='word_1_429' title='bbox 1213 2840 1372 2918; x_wconf 67' lang='grc' dir='ltr'>μηδὲν</span> <span class='ocrx_word' id='word_1_430' title='bbox 1399 2840 1602 2899; x_wconf 65' lang='grc' dir='ltr'>πώποτ’</span> <span class='ocrx_word' id='word_1_431' title='bbox 1623 2840 1856 2911; x_wconf 66' lang='grc' dir='ltr'>ἐδεήθην·</span> <span class='ocrx_word' id='word_1_432' title='bbox 1902 2844 2035 2920; x_wconf 69' lang='grc' dir='ltr'><strong>Σχε·</strong></span> <span class='ocrx_word' id='word_1_433' title='bbox 2059 2834 2099 2898; x_wconf 78' lang='lat' dir='ltr'>d</span> <span class='ocrx_word' id='word_1_434' title='bbox 2124 2866 2357 2915; x_wconf 75' lang='lat' dir='ltr'>clearcho</span> <span class='ocrx_word' id='word_1_435' title='bbox 2394 2868 2511 2917; x_wconf 86' lang='lat' dir='ltr'>nihil</span> <span class='ocrx_word' id='word_1_436' title='bbox 2540 2880 2748 2929; x_wconf 79' lang='lat' dir='ltr'>unquam</span> <span class='ocrx_word' id='word_1_437' title='bbox 2789 2868 3023 2931; x_wconf 85' lang='lat' dir='ltr'>petierim.</span> <span class='ocrx_word' id='word_1_438' title='bbox 3108 2872 3227 2921; x_wconf 72' lang='lat' dir='ltr'>Nam</span> <span class='ocrx_word' id='word_1_439' title='bbox 3252 2871 3353 2921; x_wconf 80' lang='lat' dir='ltr'>fere</span> <span class='ocrx_word' id='word_1_440' title='bbox 3381 2886 3561 2923; x_wconf 63' lang='lat' dir='ltr'>omuae</span> <span class='ocrx_word' id='word_1_441' title='bbox 3590 2878 3683 2938; x_wconf 84' lang='lat' dir='ltr'>qui</span> 
     </span>
    </p>
   </div>
   <div class='ocr_carea' id='block_1_17' title="bbox 405 2928 2040 3965">
    <p class='ocr_par' dir='ltr' id='par_1_20' title="bbox 405 2928 2040 3965">
     <span class='ocr_line' id='line_1_50' title="bbox 494 2928 2036 3015; baseline 0.001 -29"><span class='ocrx_word' id='word_1_442' title='bbox 494 2930 578 2986; x_wconf 84' lang='grc' dir='ltr'>δὸν</span> <span class='ocrx_word' id='word_1_443' title='bbox 609 2930 708 3009; x_wconf 82' lang='grc' dir='ltr'>γὰρ</span> <span class='ocrx_word' id='word_1_444' title='bbox 755 2929 976 2997; x_wconf 82' lang='grc' dir='ltr'>ἅπαντες</span> <span class='ocrx_word' id='word_1_445' title='bbox 1021 2933 1065 2987; x_wconf 74' lang='grc' dir='ltr'>οἱ</span> <span class='ocrx_word' id='word_1_446' title='bbox 1111 2929 1233 3009; x_wconf 90' lang='grc' dir='ltr'>παρ’</span> <span class='ocrx_word' id='word_1_447' title='bbox 1260 2932 1402 3013; x_wconf 76' lang='grc' dir='ltr'>ὑμῶν</span> <span class='ocrx_word' id='word_1_448' title='bbox 1448 2928 1822 3015; x_wconf 77' lang='grc' dir='ltr'>καταπλέοντες</span> <span class='ocrx_word' id='word_1_449' title='bbox 1850 2930 1907 2987; x_wconf 85' lang='grc' dir='ltr'>σὲ</span> <span class='ocrx_word' id='word_1_450' title='bbox 1944 2929 2036 3005; x_wconf 83' lang='grc' dir='ltr'>μὲν</span> 
     </span>
     <span class='ocr_line' id='line_1_51' title="bbox 492 3008 2040 3096; baseline 0.001 -23"><span class='ocrx_word' id='word_1_451' title='bbox 492 3016 665 3091; x_wconf 77' lang='grc' dir='ltr'>ὅμοιόν</span> <span class='ocrx_word' id='word_1_452' title='bbox 693 3040 846 3096; x_wconf 84' lang='grc' dir='ltr'>φασιν</span> <span class='ocrx_word' id='word_1_453' title='bbox 877 3008 1003 3073; x_wconf 70' lang='grc' dir='ltr'>εἶναι</span> <span class='ocrx_word' id='word_1_454' title='bbox 1030 3021 1135 3083; x_wconf 81' lang='grc' dir='ltr'>τοῖς</span> <span class='ocrx_word' id='word_1_455' title='bbox 1170 3014 1450 3095; x_wconf 86' lang='grc' dir='ltr'>βελτίστοις</span> <span class='ocrx_word' id='word_1_456' title='bbox 1476 3019 1577 3072; x_wconf 79' lang='grc' dir='ltr'>τῶν</span> <span class='ocrx_word' id='word_1_457' title='bbox 1605 3015 1720 3091; x_wconf 76' lang='grc' dir='ltr'>ἐμοὶ</span> <span class='ocrx_word' id='word_1_458' title='bbox 1748 3018 2040 3087; x_wconf 83' lang='grc' dir='ltr'>πεπλησια·</span> 
     </span>
     <span class='ocr_line' id='line_1_52' title="bbox 413 3102 2036 3183; baseline 0 -24"><span class='ocrx_word' id='word_1_459' title='bbox 413 3126 467 3166; x_wconf 79' lang='lat'>³0</span> <span class='ocrx_word' id='word_1_460' title='bbox 491 3103 672 3174; x_wconf 87' lang='grc' dir='ltr'>κότων,</span> <span class='ocrx_word' id='word_1_461' title='bbox 724 3104 992 3183; x_wconf 78' lang='grc' dir='ltr'>Κλέαρχον</span> <span class='ocrx_word' id='word_1_462' title='bbox 1047 3103 1100 3161; x_wconf 80' lang='grc' dir='ltr'>δὲ</span> <span class='ocrx_word' id='word_1_463' title='bbox 1149 3102 1284 3162; x_wconf 80' lang='grc' dir='ltr'>κατὰ</span> <span class='ocrx_word' id='word_1_464' title='bbox 1329 3102 1422 3179; x_wconf 83' lang='grc' dir='ltr'>μὲν</span> <span class='ocrx_word' id='word_1_465' title='bbox 1461 3104 1650 3160; x_wconf 80' lang='grc' dir='ltr'>ἐκεῖνον</span> <span class='ocrx_word' id='word_1_466' title='bbox 1703 3103 1789 3161; x_wconf 84' lang='grc' dir='ltr'>τὸν</span> <span class='ocrx_word' id='word_1_467' title='bbox 1828 3104 2036 3183; x_wconf 71' lang='grc' dir='ltr'>χρόνον,</span> 
     </span>
     <span class='ocr_line' id='line_1_53' title="bbox 491 3182 2037 3269; baseline 0.002 -23"><span class='ocrx_word' id='word_1_468' title='bbox 491 3189 565 3247; x_wconf 79' lang='grc' dir='ltr'>ὅτ’</span> <span class='ocrx_word' id='word_1_469' title='bbox 590 3182 654 3261; x_wconf 71' lang='grc' dir='ltr'>ἦν</span> <span class='ocrx_word' id='word_1_470' title='bbox 680 3194 804 3268; x_wconf 86' lang='grc' dir='ltr'>παρ’</span> <span class='ocrx_word' id='word_1_471' title='bbox 829 3196 980 3266; x_wconf 83' lang='grc' dir='ltr'>ἡμῖν,</span> <span class='ocrx_word' id='word_1_472' title='bbox 1001 3191 1320 3266; x_wconf 79' lang='grc' dir='ltr'>ὡμολόγουν,</span> <span class='ocrx_word' id='word_1_473' title='bbox 1351 3189 1461 3247; x_wconf 81' lang='grc' dir='ltr'>ὅσοι</span> <span class='ocrx_word' id='word_1_474' title='bbox 1484 3212 1580 3269; x_wconf 87' lang='grc' dir='ltr'>περ</span> <span class='ocrx_word' id='word_1_475' title='bbox 1608 3189 1868 3269; x_wconf 78' lang='grc' dir='ltr'>ἐνέτυχον,</span> <span class='ocrx_word' id='word_1_476' title='bbox 1901 3194 2037 3249; x_wconf 79' lang='grc' dir='ltr'>ἐλευ-</span> 
     </span>
     <span class='ocr_line' id='line_1_54' title="bbox 491 3269 2033 3357; baseline 0.001 -22"><span class='ocrx_word' id='word_1_477' title='bbox 491 3277 795 3356; x_wconf 79' lang='grc' dir='ltr'>θεριώτατον</span> <span class='ocrx_word' id='word_1_478' title='bbox 824 3269 955 3336; x_wconf 78' lang='grc' dir='ltr'>εἶναι</span> <span class='ocrx_word' id='word_1_479' title='bbox 985 3278 1074 3336; x_wconf 86' lang='grc' dir='ltr'>καὶ</span> <span class='ocrx_word' id='word_1_480' title='bbox 1102 3278 1391 3356; x_wconf 88' lang='grc' dir='ltr'>πραότατον</span> <span class='ocrx_word' id='word_1_481' title='bbox 1433 3276 1522 3334; x_wconf 79' lang='grc' dir='ltr'>καὶ</span> <span class='ocrx_word' id='word_1_482' title='bbox 1550 3279 2033 3357; x_wconf 80' lang='grc' dir='ltr'>φιλανθρωπότατον</span> 
     </span>
     <span class='ocr_line' id='line_1_55' title="bbox 489 3364 2031 3443; baseline 0.001 -22"><span class='ocrx_word' id='word_1_483' title='bbox 489 3368 591 3421; x_wconf 80' lang='grc' dir='ltr'>τῶν</span> <span class='ocrx_word' id='word_1_484' title='bbox 635 3364 954 3443; x_wconf 82' lang='grc' dir='ltr'>μετεχόντων</span> <span class='ocrx_word' id='word_1_485' title='bbox 999 3370 1092 3434; x_wconf 65' lang='grc' dir='ltr'>τῆς</span> <span class='ocrx_word' id='word_1_486' title='bbox 1141 3365 1435 3443; x_wconf 71' lang='grc' dir='ltr'>διατριὸἧς·</span> <span class='ocrx_word' id='word_1_487' title='bbox 1487 3365 1663 3435; x_wconf 83' lang='grc' dir='ltr'>ἐπειδὴ</span> <span class='ocrx_word' id='word_1_488' title='bbox 1723 3365 1774 3422; x_wconf 84' lang='grc' dir='ltr'>δὲ</span> <span class='ocrx_word' id='word_1_489' title='bbox 1819 3364 2031 3442; x_wconf 83' lang='grc' dir='ltr'>δύναμιν</span> 
     </span>
     <span class='ocr_line' id='line_1_56' title="bbox 487 3450 2032 3527; baseline 0.001 -18"><span class='ocrx_word' id='word_1_490' title='bbox 487 3451 673 3526; x_wconf 72' lang='grc' dir='ltr'>ἔλαὸε,</span> <span class='ocrx_word' id='word_1_491' title='bbox 703 3458 942 3509; x_wconf 77' lang='grc' dir='ltr'>τοσοῦτον</span> <span class='ocrx_word' id='word_1_492' title='bbox 975 3450 1110 3519; x_wconf 80' lang='grc' dir='ltr'>ἔδοξε</span> <span class='ocrx_word' id='word_1_493' title='bbox 1155 3453 1486 3527; x_wconf 81' lang='grc' dir='ltr'>μεταπεσεῖν,</span> <span class='ocrx_word' id='word_1_494' title='bbox 1517 3450 1652 3508; x_wconf 82' lang='grc' dir='ltr'>ὥστε</span> <span class='ocrx_word' id='word_1_495' title='bbox 1673 3451 1873 3518; x_wconf 85' lang='grc' dir='ltr'>πάντας</span> <span class='ocrx_word' id='word_1_496' title='bbox 1902 3458 2032 3511; x_wconf 89' lang='grc' dir='ltr'>θαυ-</span> 
     </span>
     <span class='ocr_line' id='line_1_57' title="bbox 405 3536 2027 3617; baseline 0.001 -20"><span class='ocrx_word' id='word_1_497' title='bbox 405 3558 458 3597; x_wconf 70' lang='lat'>85</span> <span class='ocrx_word' id='word_1_498' title='bbox 490 3536 667 3614; x_wconf 85' lang='grc' dir='ltr'>μάζειν</span> <span class='ocrx_word' id='word_1_499' title='bbox 726 3537 843 3603; x_wconf 80' lang='grc' dir='ltr'>τοὺς</span> <span class='ocrx_word' id='word_1_500' title='bbox 907 3538 1154 3615; x_wconf 86' lang='grc' dir='ltr'>πρότερον</span> <span class='ocrx_word' id='word_1_501' title='bbox 1209 3538 1362 3595; x_wconf 81' lang='grc' dir='ltr'>αὐτὸν</span> <span class='ocrx_word' id='word_1_502' title='bbox 1417 3538 1812 3614; x_wconf 84' lang='grc' dir='ltr'>γιγνώσκοντας.</span> <span class='ocrx_word' id='word_1_503' title='bbox 1940 3542 2027 3617; x_wconf 77' lang='lat'>(13)</span> 
     </span>
     <span class='ocr_line' id='line_1_58' title="bbox 495 3616 2031 3703; baseline 0.001 -20"><span class='ocrx_word' id='word_1_504' title='bbox 495 3624 635 3703; x_wconf 84' lang='grc' dir='ltr'>Πρὸς</span> <span class='ocrx_word' id='word_1_505' title='bbox 660 3622 753 3698; x_wconf 80' lang='grc' dir='ltr'>μὲν</span> <span class='ocrx_word' id='word_1_506' title='bbox 775 3616 861 3681; x_wconf 65' lang='grc' dir='ltr'>οὖν</span> <span class='ocrx_word' id='word_1_507' title='bbox 891 3626 1080 3681; x_wconf 76' lang='grc' dir='ltr'>ἐκεῖνον</span> <span class='ocrx_word' id='word_1_508' title='bbox 1123 3621 1207 3681; x_wconf 76' lang='grc' dir='ltr'>διὰ</span> <span class='ocrx_word' id='word_1_509' title='bbox 1235 3622 1426 3689; x_wconf 79' lang='grc' dir='ltr'>ταύτας</span> <span class='ocrx_word' id='word_1_510' title='bbox 1464 3623 1554 3689; x_wconf 81' lang='grc' dir='ltr'>τὰς</span> <span class='ocrx_word' id='word_1_511' title='bbox 1593 3624 1759 3689; x_wconf 78' lang='grc' dir='ltr'>αἰτίας</span> <span class='ocrx_word' id='word_1_512' title='bbox 1797 3627 2031 3696; x_wconf 76' lang='grc' dir='ltr'>ἀπηλλο-</span> 
     </span>
     <span class='ocr_line' id='line_1_59' title="bbox 487 3709 2029 3791; baseline 0.001 -22"><span class='ocrx_word' id='word_1_513' title='bbox 487 3710 726 3791; x_wconf 82' lang='grc' dir='ltr'>τριώθην·</span> <span class='ocrx_word' id='word_1_514' title='bbox 751 3710 807 3769; x_wconf 81' lang='grc' dir='ltr'>σὲ</span> <span class='ocrx_word' id='word_1_515' title='bbox 835 3712 878 3768; x_wconf 87' lang='grc' dir='ltr'>δ’</span> <span class='ocrx_word' id='word_1_516' title='bbox 907 3711 1233 3790; x_wconf 83' lang='grc' dir='ltr'>ἀποδέχομαι</span> <span class='ocrx_word' id='word_1_517' title='bbox 1257 3710 1345 3769; x_wconf 84' lang='grc' dir='ltr'>καὶ</span> <span class='ocrx_word' id='word_1_518' title='bbox 1369 3709 1470 3791; x_wconf 84' lang='grc' dir='ltr'>πρὸ</span> <span class='ocrx_word' id='word_1_519' title='bbox 1488 3712 1682 3769; x_wconf 79' lang='grc' dir='ltr'>πολλοῦ</span> <span class='ocrx_word' id='word_1_520' title='bbox 1706 3712 2029 3790; x_wconf 82' lang='grc' dir='ltr'>ποιησαίμην</span> 
     </span>
     <span class='ocr_line' id='line_1_60' title="bbox 463 3797 2030 3879; baseline 0.003 -25"><span class='ocrx_word' id='word_1_521' title='bbox 463 3797 550 3877; x_wconf 37' lang='grc' dir='ltr'>,ἂν</span> <span class='ocrx_word' id='word_1_522' title='bbox 579 3797 774 3862; x_wconf 85' lang='grc' dir='ltr'>οἰκείως</span> <span class='ocrx_word' id='word_1_523' title='bbox 803 3798 1096 3869; x_wconf 73' lang='grc' dir='ltr'>διατεθῆναι</span> <span class='ocrx_word' id='word_1_524' title='bbox 1124 3798 1248 3879; x_wconf 82' lang='grc' dir='ltr'>πρὸς</span> <span class='ocrx_word' id='word_1_525' title='bbox 1283 3802 1445 3877; x_wconf 36' lang='grc' dir='ltr'>ἡμᾶς..</span> <span class='ocrx_word' id='word_1_526' title='bbox 1542 3799 1806 3869; x_wconf 84' lang='grc' dir='ltr'>Δηλώσεις</span> <span class='ocrx_word' id='word_1_527' title='bbox 1847 3799 1900 3857; x_wconf 83' lang='grc' dir='ltr'>δὲ</span> <span class='ocrx_word' id='word_1_528' title='bbox 1940 3802 2030 3859; x_wconf 79' lang='grc' dir='ltr'>καὶ</span> 
     </span>
     <span class='ocr_line' id='line_1_61' title="bbox 489 3884 2030 3965; baseline 0.003 -23"><span class='ocrx_word' id='word_1_529' title='bbox 489 3885 549 3942; x_wconf 79' lang='grc' dir='ltr'>σὺ</span> <span class='ocrx_word' id='word_1_530' title='bbox 575 3884 658 3943; x_wconf 74' lang='grc' dir='ltr'>διὰ</span> <span class='ocrx_word' id='word_1_531' title='bbox 691 3886 912 3965; x_wconf 83' lang='grc' dir='ltr'>ταχέων,</span> <span class='ocrx_word' id='word_1_532' title='bbox 944 3890 986 3944; x_wconf 88' lang='grc' dir='ltr'>εἷ</span> <span class='ocrx_word' id='word_1_533' title='bbox 1013 3884 1105 3957; x_wconf 69' lang='grc' dir='ltr'>τὴν</span> <span class='ocrx_word' id='word_1_534' title='bbox 1132 3885 1291 3956; x_wconf 72' lang='grc' dir='ltr'>αὐτὴν</span> <span class='ocrx_word' id='word_1_535' title='bbox 1330 3885 1540 3962; x_wconf 83' lang='grc' dir='ltr'>γνώμην</span> <span class='ocrx_word' id='word_1_536' title='bbox 1581 3887 1715 3965; x_wconf 83' lang='grc' dir='ltr'>ἔχεις</span> <span class='ocrx_word' id='word_1_537' title='bbox 1742 3892 1884 3963; x_wconf 83' lang='grc' dir='ltr'>ἡμῖν·</span> <span class='ocrx_word' id='word_1_538' title='bbox 1915 3892 2030 3947; x_wconf 82' lang='grc' dir='ltr'>Αὐ-</span> 
     </span>
    </p>
   </div>
   <div class='ocr_carea' id='block_1_18' title="bbox 2122 2963 3685 3404">
    <p class='ocr_par' dir='ltr' id='par_1_21' title="bbox 2122 2963 3685 3404">
     <span class='ocr_line' id='line_1_62' title="bbox 2125 2963 3681 3032; baseline 0.006 -20"><span class='ocrx_word' id='word_1_539' title='bbox 2125 2963 2263 3013; x_wconf 87' lang='lat' dir='ltr'>istinc</span> <span class='ocrx_word' id='word_1_540' title='bbox 2292 2964 2355 3013; x_wconf 81' lang='lat' dir='ltr'>ad</span> <span class='ocrx_word' id='word_1_541' title='bbox 2390 2978 2479 3013; x_wconf 81' lang='lat' dir='ltr'>nos</span> <span class='ocrx_word' id='word_1_542' title='bbox 2505 2965 2751 3027; x_wconf 74' lang='lat' dir='ltr'>navigant,</span> <span class='ocrx_word' id='word_1_543' title='bbox 2776 2970 2823 3015; x_wconf 87' lang='lat' dir='ltr'>te</span> <span class='ocrx_word' id='word_1_544' title='bbox 2835 2967 3047 3016; x_wconf 75' lang='lat' dir='ltr'>similem</span> <span class='ocrx_word' id='word_1_545' title='bbox 3070 2980 3174 3017; x_wconf 79' lang='lat' dir='ltr'>esse</span> <span class='ocrx_word' id='word_1_546' title='bbox 3196 2968 3361 3019; x_wconf 80' lang='lat' dir='ltr'>dicunt</span> <span class='ocrx_word' id='word_1_547' title='bbox 3376 2976 3681 3032; x_wconf 77' lang='lat' dir='ltr'>praestautis-</span> 
     </span>
     <span class='ocr_line' id='line_1_63' title="bbox 2125 3059 3685 3124; baseline 0.006 -17"><span class='ocrx_word' id='word_1_548' title='bbox 2125 3059 2258 3108; x_wconf 88' lang='lat' dir='ltr'>simis</span> <span class='ocrx_word' id='word_1_549' title='bbox 2288 3072 2455 3109; x_wconf 85' lang='lat' dir='ltr'>eorum</span> <span class='ocrx_word' id='word_1_550' title='bbox 2486 3060 2569 3122; x_wconf 87' lang='lat' dir='ltr'>qui</span> <span class='ocrx_word' id='word_1_551' title='bbox 2602 3060 2849 3109; x_wconf 86' lang='lat' dir='ltr'>nobiscum</span> <span class='ocrx_word' id='word_1_552' title='bbox 2872 3073 2965 3110; x_wconf 84' lang='lat' dir='ltr'>una</span> <span class='ocrx_word' id='word_1_553' title='bbox 3004 3063 3178 3111; x_wconf 79' lang='lat' dir='ltr'>versati</span> <span class='ocrx_word' id='word_1_554' title='bbox 3218 3068 3354 3124; x_wconf 71' lang='grc' dir='ltr'>ειιιιις</span> <span class='ocrx_word' id='word_1_555' title='bbox 3392 3066 3685 3117; x_wconf 78' lang='lat' dir='ltr'>clearchum</span> 
     </span>
     <span class='ocr_line' id='line_1_64' title="bbox 2124 3151 3683 3223; baseline 0.007 -25"><span class='ocrx_word' id='word_1_556' title='bbox 2124 3164 2269 3211; x_wconf 77' lang='lat' dir='ltr'>vero,</span> <span class='ocrx_word' id='word_1_557' title='bbox 2294 3166 2390 3213; x_wconf 89' lang='lat' dir='ltr'>quo</span> <span class='ocrx_word' id='word_1_558' title='bbox 2420 3154 2635 3213; x_wconf 86' lang='lat' dir='ltr'>tempore</span> <span class='ocrx_word' id='word_1_559' title='bbox 2666 3152 2789 3214; x_wconf 83' lang='lat' dir='ltr'>apud</span> <span class='ocrx_word' id='word_1_560' title='bbox 2812 3164 2901 3201; x_wconf 85' lang='lat' dir='ltr'>nos</span> <span class='ocrx_word' id='word_1_561' title='bbox 2931 3151 3048 3212; x_wconf 81' lang='lat' dir='ltr'>fuit,</span> <span class='ocrx_word' id='word_1_562' title='bbox 3082 3154 3351 3204; x_wconf 79' lang='lat' dir='ltr'>fatebantur</span> <span class='ocrx_word' id='word_1_563' title='bbox 3382 3170 3553 3207; x_wconf 77' lang='lat' dir='ltr'>omnes</span> <span class='ocrx_word' id='word_1_564' title='bbox 3594 3162 3683 3223; x_wconf 83' lang='lat' dir='ltr'>qui</span> 
     </span>
     <span class='ocr_line' id='line_1_65' title="bbox 2122 3246 3676 3307; baseline 0.006 -13"><span class='ocrx_word' id='word_1_565' title='bbox 2122 3258 2230 3294; x_wconf 90' lang='lat' dir='ltr'>eum</span> <span class='ocrx_word' id='word_1_566' title='bbox 2256 3258 2465 3307; x_wconf 83' lang='lat' dir='ltr'>unquam</span> <span class='ocrx_word' id='word_1_567' title='bbox 2488 3248 2801 3295; x_wconf 86' lang='lat' dir='ltr'>convenerant</span> <span class='ocrx_word' id='word_1_568' title='bbox 2818 3282 2833 3307; x_wconf 88' lang='lat'><em>,</em></span> <span class='ocrx_word' id='word_1_569' title='bbox 2857 3246 3237 3296; x_wconf 69' lang='lat' dir='ltr'>liberalissimum</span> <span class='ocrx_word' id='word_1_570' title='bbox 3260 3257 3429 3299; x_wconf 68' lang='lat' dir='ltr'>oeseet</span> <span class='ocrx_word' id='word_1_571' title='bbox 3454 3266 3676 3303; x_wconf 82' lang='lat' dir='ltr'>mansue-</span> 
     </span>
     <span class='ocr_line' id='line_1_66' title="bbox 2124 3340 3679 3404; baseline 0.006 -17"><span class='ocrx_word' id='word_1_572' title='bbox 2124 3340 2354 3389; x_wconf 79' lang='lat' dir='ltr'>tissimum</span> <span class='ocrx_word' id='word_1_573' title='bbox 2368 3346 2416 3391; x_wconf 86' lang='lat' dir='ltr'>et</span> <span class='ocrx_word' id='word_1_574' title='bbox 2430 3340 2822 3390; x_wconf 83' lang='lat' dir='ltr'>humanissimum</span> <span class='ocrx_word' id='word_1_575' title='bbox 2842 3341 2963 3389; x_wconf 81' lang='lat' dir='ltr'>inter</span> <span class='ocrx_word' id='word_1_576' title='bbox 2979 3354 3143 3390; x_wconf 85' lang='lat' dir='ltr'>omues</span> <span class='ocrx_word' id='word_1_577' title='bbox 3165 3341 3420 3404; x_wconf 84' lang='lat' dir='ltr'>discipulos</span> <span class='ocrx_word' id='word_1_578' title='bbox 3440 3352 3635 3396; x_wconf 78' lang='lat' dir='ltr'>nostros</span> <span class='ocrx_word' id='word_1_579' title='bbox 3662 3366 3679 3395; x_wconf 87' lang='lat'>:</span> 
     </span>
    </p>
   </div>
   <div class='ocr_carea' id='block_1_19' title="bbox 2066 3434 3681 3511">
    <p class='ocr_par' dir='ltr' id='par_1_22' title="bbox 2066 3434 3681 3511">
     <span class='ocr_line' id='line_1_67' title="bbox 2066 3434 3681 3511; baseline 0.006 -29"><span class='ocrx_word' id='word_1_580' title='bbox 2066 3471 2101 3511; x_wconf 72' lang='lat' dir='ltr'>e</span> <span class='ocrx_word' id='word_1_581' title='bbox 2122 3442 2427 3498; x_wconf 81' lang='lat' dir='ltr'>posteaquam</span> <span class='ocrx_word' id='word_1_582' title='bbox 2458 3442 2618 3484; x_wconf 83' lang='lat' dir='ltr'>autem</span> <span class='ocrx_word' id='word_1_583' title='bbox 2650 3434 2964 3497; x_wconf 81' lang='lat' dir='ltr'>principatum</span> <span class='ocrx_word' id='word_1_584' title='bbox 2996 3439 3070 3485; x_wconf 83' lang='lat' dir='ltr'>est</span> <span class='ocrx_word' id='word_1_585' title='bbox 3105 3436 3303 3499; x_wconf 83' lang='lat' dir='ltr'>adeptus</span> <span class='ocrx_word' id='word_1_586' title='bbox 3314 3472 3331 3497; x_wconf 85' lang='lat'><em>‚</em></span> <span class='ocrx_word' id='word_1_587' title='bbox 3362 3438 3430 3487; x_wconf 86' lang='lat' dir='ltr'>ita</span> <span class='ocrx_word' id='word_1_588' title='bbox 3460 3446 3681 3492; x_wconf 69' lang='lat' dir='ltr'>mutasse</span> 
     </span>
    </p>
   </div>
   <div class='ocr_carea' id='block_1_20' title="bbox 2118 3526 3686 3961">
    <p class='ocr_par' dir='ltr' id='par_1_23' title="bbox 2118 3526 3686 3961">
     <span class='ocr_line' id='line_1_68' title="bbox 2120 3526 3677 3593; baseline 0.005 -18"><span class='ocrx_word' id='word_1_589' title='bbox 2120 3528 2331 3577; x_wconf 87' lang='lat' dir='ltr'>animum</span> <span class='ocrx_word' id='word_1_590' title='bbox 2354 3528 2489 3576; x_wconf 79' lang='lat' dir='ltr'>visus</span> <span class='ocrx_word' id='word_1_591' title='bbox 2506 3533 2580 3576; x_wconf 88' lang='lat' dir='ltr'>est</span> <span class='ocrx_word' id='word_1_592' title='bbox 2595 3562 2610 3586; x_wconf 88' lang='lat'><strong>,</strong></span> <span class='ocrx_word' id='word_1_593' title='bbox 2638 3528 2691 3575; x_wconf 80' lang='lat' dir='ltr'>ut</span> <span class='ocrx_word' id='word_1_594' title='bbox 2716 3539 2880 3575; x_wconf 60' lang='lat' dir='ltr'>omnm</span> <span class='ocrx_word' id='word_1_595' title='bbox 2901 3526 2987 3587; x_wconf 87' lang='lat' dir='ltr'>qui</span> <span class='ocrx_word' id='word_1_596' title='bbox 3007 3541 3117 3577; x_wconf 88' lang='lat' dir='ltr'>eum</span> <span class='ocrx_word' id='word_1_597' title='bbox 3144 3528 3277 3589; x_wconf 87' lang='lat' dir='ltr'>prius</span> <span class='ocrx_word' id='word_1_598' title='bbox 3295 3538 3503 3593; x_wconf 87' lang='lat' dir='ltr'>norant,</span> <span class='ocrx_word' id='word_1_599' title='bbox 3525 3534 3677 3583; x_wconf 84' lang='lat' dir='ltr'>demi·</span> 
     </span>
     <span class='ocr_line' id='line_1_69' title="bbox 2120 3619 3674 3682; baseline 0.006 -14"><span class='ocrx_word' id='word_1_600' title='bbox 2120 3626 2297 3669; x_wconf 88' lang='lat' dir='ltr'>rentur.</span> <span class='ocrx_word' id='word_1_601' title='bbox 2319 3621 2416 3682; x_wconf 80' lang='lat'><strong>(13)</strong></span> <span class='ocrx_word' id='word_1_602' title='bbox 2438 3620 2513 3669; x_wconf 92' lang='lat' dir='ltr'>Ob</span> <span class='ocrx_word' id='word_1_603' title='bbox 2534 3620 2619 3667; x_wconf 74' lang='lat' dir='ltr'>luas</span> <span class='ocrx_word' id='word_1_604' title='bbox 2636 3619 2778 3680; x_wconf 81' lang='lat' dir='ltr'>igitur</span> <span class='ocrx_word' id='word_1_605' title='bbox 2794 3633 2960 3669; x_wconf 81' lang='lat' dir='ltr'>causas</span> <span class='ocrx_word' id='word_1_606' title='bbox 2978 3621 3131 3670; x_wconf 79' lang='lat' dir='ltr'>factus</span> <span class='ocrx_word' id='word_1_607' title='bbox 3147 3622 3207 3670; x_wconf 87' lang='lat' dir='ltr'>ab</span> <span class='ocrx_word' id='word_1_608' title='bbox 3230 3636 3287 3672; x_wconf 90' lang='lat' dir='ltr'>eo</span> <span class='ocrx_word' id='word_1_609' title='bbox 3310 3638 3422 3673; x_wconf 86' lang='lat' dir='ltr'>sum</span> <span class='ocrx_word' id='word_1_610' title='bbox 3442 3627 3640 3677; x_wconf 85' lang='lat' dir='ltr'>alienior</span> <span class='ocrx_word' id='word_1_611' title='bbox 3658 3647 3674 3677; x_wconf 89' lang='lat'><strong>:</strong></span> 
     </span>
     <span class='ocr_line' id='line_1_70' title="bbox 2119 3712 3686 3781; baseline 0.004 -19"><span class='ocrx_word' id='word_1_612' title='bbox 2119 3716 2167 3763; x_wconf 86' lang='lat' dir='ltr'>te</span> <span class='ocrx_word' id='word_1_613' title='bbox 2186 3727 2300 3761; x_wconf 81' lang='lat' dir='ltr'>vero</span> <span class='ocrx_word' id='word_1_614' title='bbox 2328 3726 2437 3761; x_wconf 90' lang='lat' dir='ltr'>amo</span> <span class='ocrx_word' id='word_1_615' title='bbox 2454 3718 2502 3762; x_wconf 88' lang='lat' dir='ltr'>et</span> <span class='ocrx_word' id='word_1_616' title='bbox 2524 3712 2671 3775; x_wconf 89' lang='lat' dir='ltr'>probo</span> <span class='ocrx_word' id='word_1_617' title='bbox 2684 3726 2741 3761; x_wconf 81' lang='lat' dir='ltr'>ac</span> <span class='ocrx_word' id='word_1_618' title='bbox 2758 3713 3059 3763; x_wconf 73' lang='lat' dir='ltr'>veliementer</span> <span class='ocrx_word' id='word_1_619' title='bbox 3079 3715 3221 3763; x_wconf 80' lang='lat' dir='ltr'>velim</span> <span class='ocrx_word' id='word_1_620' title='bbox 3239 3718 3286 3764; x_wconf 85' lang='lat' dir='ltr'>te</span> <span class='ocrx_word' id='word_1_621' title='bbox 3304 3730 3395 3766; x_wconf 86' lang='lat' dir='ltr'>nos</span> <span class='ocrx_word' id='word_1_622' title='bbox 3410 3720 3686 3781; x_wconf 75' lang='lat' dir='ltr'>complecti.</span> 
     </span>
     <span class='ocr_line' id='line_1_71' title="bbox 2118 3806 3677 3871; baseline 0.005 -16"><span class='ocrx_word' id='word_1_623' title='bbox 2118 3808 2422 3857; x_wconf 79' lang='lat' dir='ltr'>familiariter.</span> <span class='ocrx_word' id='word_1_624' title='bbox 2516 3806 2609 3857; x_wconf 72' lang='lat' dir='ltr'>Sed</span> <span class='ocrx_word' id='word_1_625' title='bbox 2634 3808 2684 3856; x_wconf 85' lang='lat' dir='ltr'>et</span> <span class='ocrx_word' id='word_1_626' title='bbox 2700 3810 2754 3855; x_wconf 87' lang='grc' dir='ltr'>ιιι</span> <span class='ocrx_word' id='word_1_627' title='bbox 2778 3807 3129 3869; x_wconf 89' lang='lat' dir='ltr'>quamprimum</span> <span class='ocrx_word' id='word_1_628' title='bbox 3162 3809 3387 3860; x_wconf 59' lang='lat' dir='ltr'>ostendes</span> <span class='ocrx_word' id='word_1_629' title='bbox 3402 3846 3417 3871; x_wconf 88' lang='lat'><strong>,</strong></span> <span class='ocrx_word' id='word_1_630' title='bbox 3451 3826 3514 3861; x_wconf 86' lang='lat' dir='ltr'>an</span> <span class='ocrx_word' id='word_1_631' title='bbox 3549 3814 3677 3863; x_wconf 82' lang='lat' dir='ltr'>idem</span> 
     </span>
     <span class='ocr_line' id='line_1_72' title="bbox 2118 3900 3669 3961; baseline 0.006 -14"><span class='ocrx_word' id='word_1_632' title='bbox 2118 3901 2230 3949; x_wconf 84' lang='lat' dir='ltr'>tuus</span> <span class='ocrx_word' id='word_1_633' title='bbox 2254 3900 2317 3949; x_wconf 86' lang='lat' dir='ltr'>sit</span> <span class='ocrx_word' id='word_1_634' title='bbox 2338 3913 2446 3961; x_wconf 79' lang='lat' dir='ltr'>erga</span> <span class='ocrx_word' id='word_1_635' title='bbox 2464 3913 2549 3949; x_wconf 88' lang='lat' dir='ltr'>nos</span> <span class='ocrx_word' id='word_1_636' title='bbox 2566 3900 2766 3949; x_wconf 86' lang='lat' dir='ltr'>animus.</span> <span class='ocrx_word' id='word_1_637' title='bbox 2832 3903 2951 3949; x_wconf 81' lang='lat' dir='ltr'>Nam</span> <span class='ocrx_word' id='word_1_638' title='bbox 2974 3904 3023 3949; x_wconf 85' lang='lat' dir='ltr'>et</span> <span class='ocrx_word' id='word_1_639' title='bbox 3044 3904 3405 3953; x_wconf 80' lang='lat' dir='ltr'>Autocratorem</span> <span class='ocrx_word' id='word_1_640' title='bbox 3424 3918 3669 3957; x_wconf 85' lang='lat' dir='ltr'>commen·</span> 
     </span>
    </p>
   </div>
   <div class='ocr_carea' id='block_1_21' title="bbox 381 3972 3676 4057">
    <p class='ocr_par' dir='ltr' id='par_1_24' title="bbox 381 3972 3676 4057">
     <span class='ocr_line' id='line_1_73' title="bbox 381 3972 3676 4057; baseline 0.004 -21"><span class='ocrx_word' id='word_1_641' title='bbox 381 3972 787 4050; x_wconf 70' lang='grc' dir='ltr'>424τοκρᾶτορός</span> <span class='ocrx_word' id='word_1_642' title='bbox 824 3996 880 4030; x_wconf 78' lang='grc' dir='ltr'>τε</span> <span class='ocrx_word' id='word_1_643' title='bbox 925 3972 1025 4052; x_wconf 75' lang='grc' dir='ltr'>γὰρ</span> <span class='ocrx_word' id='word_1_644' title='bbox 1053 3972 1354 4048; x_wconf 77' lang='grc' dir='ltr'>ἐπιμελήσει</span> <span class='ocrx_word' id='word_1_645' title='bbox 1387 3974 1476 4030; x_wconf 84' lang='grc' dir='ltr'>καὶ</span> <span class='ocrx_word' id='word_1_646' title='bbox 1511 3973 1730 4053; x_wconf 69' lang='grc' dir='ltr'>πέμψεις</span> <span class='ocrx_word' id='word_1_647' title='bbox 1758 3976 2033 4046; x_wconf 69' lang='grc' dir='ltr'>ἐπιστολὴν</span> <span class='ocrx_word' id='word_1_648' title='bbox 2064 3998 2098 4037; x_wconf 87' lang='lat' dir='ltr'>a</span> <span class='ocrx_word' id='word_1_649' title='bbox 2116 3996 2280 4043; x_wconf 88' lang='lat' dir='ltr'>datum</span> <span class='ocrx_word' id='word_1_650' title='bbox 2297 3993 2491 4043; x_wconf 82' lang='lat' dir='ltr'>habebis</span> <span class='ocrx_word' id='word_1_651' title='bbox 2510 3998 2557 4043; x_wconf 91' lang='lat' dir='ltr'>et</span> <span class='ocrx_word' id='word_1_652' title='bbox 2571 3994 2814 4055; x_wconf 84' lang='lat' dir='ltr'>epistolam</span> <span class='ocrx_word' id='word_1_653' title='bbox 2828 3994 3187 4055; x_wconf 84' lang='lat' dir='ltr'>adnosmittes,</span> <span class='ocrx_word' id='word_1_654' title='bbox 3198 4010 3293 4057; x_wconf 77' lang='lat' dir='ltr'>qua</span> <span class='ocrx_word' id='word_1_655' title='bbox 3311 4002 3453 4047; x_wconf 73' lang='lat' dir='ltr'>vetus</span> <span class='ocrx_word' id='word_1_656' title='bbox 3465 4002 3676 4049; x_wconf 80' lang='lat' dir='ltr'>amicitia</span> 
     </span>
    </p>
   </div>
   <div class='ocr_carea' id='block_1_22' title="bbox 487 4057 2033 4391">
    <p class='ocr_par' dir='ltr' id='par_1_25' title="bbox 487 4057 2033 4307">
     <span class='ocr_line' id='line_1_74' title="bbox 487 4057 2033 4141; baseline 0.005 -28"><span class='ocrx_word' id='word_1_657' title='bbox 487 4062 556 4123; x_wconf 83' lang='grc' dir='ltr'>ὡς</span> <span class='ocrx_word' id='word_1_658' title='bbox 573 4062 740 4133; x_wconf 79' lang='grc' dir='ltr'>ἡμᾶς,</span> <span class='ocrx_word' id='word_1_659' title='bbox 771 4057 1138 4135; x_wconf 78' lang='grc' dir='ltr'>ἀνανεούμενος</span> <span class='ocrx_word' id='word_1_660' title='bbox 1161 4059 1256 4130; x_wconf 84' lang='grc' dir='ltr'>τὴν</span> <span class='ocrx_word' id='word_1_661' title='bbox 1285 4059 1457 4139; x_wconf 82' lang='grc' dir='ltr'>φιλίαν</span> <span class='ocrx_word' id='word_1_662' title='bbox 1479 4061 1566 4117; x_wconf 87' lang='grc' dir='ltr'>καὶ</span> <span class='ocrx_word' id='word_1_663' title='bbox 1595 4060 1758 4127; x_wconf 81' lang='grc' dir='ltr'>ξενίαν</span> <span class='ocrx_word' id='word_1_664' title='bbox 1786 4061 1880 4132; x_wconf 83' lang='grc' dir='ltr'>τὴν</span> <span class='ocrx_word' id='word_1_665' title='bbox 1906 4063 2033 4141; x_wconf 84' lang='grc' dir='ltr'>πρό-</span> 
     </span>
     <span class='ocr_line' id='line_1_75' title="bbox 489 4145 2030 4229; baseline 0.003 -28"><span class='ocrx_word' id='word_1_666' title='bbox 489 4167 628 4222; x_wconf 88' lang='grc' dir='ltr'>τερον</span> <span class='ocrx_word' id='word_1_667' title='bbox 657 4145 1010 4226; x_wconf 81' lang='grc' dir='ltr'>ὑπάρχουσαν.</span> <span class='ocrx_word' id='word_1_668' title='bbox 1113 4146 1384 4226; x_wconf 81' lang='grc' dir='ltr'>Ἔρρωσο,</span> <span class='ocrx_word' id='word_1_669' title='bbox 1412 4146 1509 4205; x_wconf 80' lang='grc' dir='ltr'>κᾶν</span> <span class='ocrx_word' id='word_1_670' title='bbox 1537 4171 1625 4206; x_wconf 85' lang='grc' dir='ltr'>του</span> <span class='ocrx_word' id='word_1_671' title='bbox 1655 4147 1746 4227; x_wconf 85' lang='grc' dir='ltr'>δέῃ</span> <span class='ocrx_word' id='word_1_672' title='bbox 1775 4152 1875 4205; x_wconf 81' lang='grc' dir='ltr'>τῶν</span> <span class='ocrx_word' id='word_1_673' title='bbox 1903 4154 2030 4229; x_wconf 91' lang='grc' dir='ltr'>παρ’</span> 
     </span>
     <span class='ocr_line' id='line_1_76' title="bbox 488 4233 968 4307; baseline 0.008 -19"><span class='ocrx_word' id='word_1_674' title='bbox 488 4236 655 4307; x_wconf 80' lang='grc' dir='ltr'>ἡμῶν,</span> <span class='ocrx_word' id='word_1_675' title='bbox 680 4233 968 4293; x_wconf 85' lang='grc' dir='ltr'>ἐπίστελλε.</span> 
     </span>
    </p>

    <p class='ocr_par' dir='ltr' id='par_1_26' title="bbox 1231 4342 1284 4391">
     <span class='ocr_line' id='line_1_77' title="bbox 1231 4342 1284 4391; baseline -0.038 0"><span class='ocrx_word' id='word_1_676' title='bbox 1231 4342 1284 4391; x_wconf 86' lang='grc'>8.</span> 
     </span>
    </p>
   </div>
   <div class='ocr_carea' id='block_1_23' title="bbox 633 4412 1860 4521">
    <p class='ocr_par' dir='ltr' id='par_1_27' title="bbox 633 4412 1860 4521">
     <span class='ocr_line' id='line_1_78' title="bbox 633 4412 1860 4521; baseline 0.005 -7"><span class='ocrx_word' id='word_1_677' title='bbox 633 4412 834 4515; x_wconf 59' lang='lat' dir='ltr'>⁸Tor-2</span> <span class='ocrx_word' id='word_1_678' title='bbox 875 4458 1414 4518; x_wconf 75' lang='grc' dir='ltr'>ΜΥΤιΛιιΝΑιΩΝ</span> <span class='ocrx_word' id='word_1_679' title='bbox 1455 4461 1860 4521; x_wconf 71' lang='grc' dir='ltr'>ΑΡΧοΥΣιΝ.</span> 
     </span>
    </p>
   </div>
   <div class='ocr_carea' id='block_1_24' title="bbox 563 4582 2029 4662">
    <p class='ocr_par' dir='ltr' id='par_1_28' title="bbox 563 4582 2029 4662">
     <span class='ocr_line' id='line_1_79' title="bbox 563 4582 2029 4662; baseline 0.005 -25"><span class='ocrx_word' id='word_1_680' title='bbox 563 4582 631 4637; x_wconf 80' lang='grc' dir='ltr'>Οἱ</span> <span class='ocrx_word' id='word_1_681' title='bbox 656 4582 832 4646; x_wconf 84' lang='grc' dir='ltr'>παῖδες</span> <span class='ocrx_word' id='word_1_682' title='bbox 853 4586 898 4639; x_wconf 80' lang='grc' dir='ltr'>οἱ</span> <span class='ocrx_word' id='word_1_683' title='bbox 925 4582 1180 4662; x_wconf 68' lang='grc' dir='ltr'>Ἀφαρέως</span> <span class='ocrx_word' id='word_1_684' title='bbox 1199 4627 1215 4657; x_wconf 94' lang='grc'>,</span> <span class='ocrx_word' id='word_1_685' title='bbox 1236 4586 1408 4650; x_wconf 83' lang='grc' dir='ltr'>υἱιδεῖς</span> <span class='ocrx_word' id='word_1_686' title='bbox 1437 4584 1481 4641; x_wconf 81' lang='grc' dir='ltr'>δ’</span> <span class='ocrx_word' id='word_1_687' title='bbox 1509 4584 1626 4661; x_wconf 79' lang='grc' dir='ltr'>ἐμοί</span> <span class='ocrx_word' id='word_1_688' title='bbox 1635 4630 1651 4657; x_wconf 87' lang='grc'>,</span> <span class='ocrx_word' id='word_1_689' title='bbox 1674 4584 2029 4653; x_wconf 84' lang='grc' dir='ltr'>παιδευθέντες</span> 
     </span>
    </p>
   </div>
   <div class='ocr_carea' id='block_1_25' title="bbox 2120 4087 3679 4242">
    <p class='ocr_par' dir='ltr' id='par_1_29' title="bbox 2120 4087 3679 4242">
     <span class='ocr_line' id='line_1_80' title="bbox 2120 4087 3679 4151; baseline 0.004 -14"><span class='ocrx_word' id='word_1_690' title='bbox 2120 4091 2278 4137; x_wconf 86' lang='lat' dir='ltr'>nostra</span> <span class='ocrx_word' id='word_1_691' title='bbox 2296 4093 2345 4136; x_wconf 88' lang='lat' dir='ltr'>et</span> <span class='ocrx_word' id='word_1_692' title='bbox 2364 4087 2618 4149; x_wconf 81' lang='lat' dir='ltr'>hospitium</span> <span class='ocrx_word' id='word_1_693' title='bbox 2639 4092 2903 4137; x_wconf 84' lang='lat' dir='ltr'>renovetur.</span> <span class='ocrx_word' id='word_1_694' title='bbox 2917 4088 3056 4150; x_wconf 82' lang='lat' dir='ltr'>Vale,</span> <span class='ocrx_word' id='word_1_695' title='bbox 3074 4094 3123 4138; x_wconf 91' lang='lat' dir='ltr'>et</span> <span class='ocrx_word' id='word_1_696' title='bbox 3140 4089 3183 4138; x_wconf 86' lang='lat' dir='ltr'>si</span> <span class='ocrx_word' id='word_1_697' title='bbox 3200 4090 3319 4151; x_wconf 87' lang='lat' dir='ltr'>quid</span> <span class='ocrx_word' id='word_1_698' title='bbox 3335 4092 3469 4141; x_wconf 84' lang='lat' dir='ltr'>aliud</span> <span class='ocrx_word' id='word_1_699' title='bbox 3490 4106 3520 4143; x_wconf 83' lang='lat' dir='ltr'>a</span> <span class='ocrx_word' id='word_1_700' title='bbox 3534 4096 3679 4145; x_wconf 72' lang='lat' dir='ltr'>nobis</span> 
     </span>
     <span class='ocr_line' id='line_1_81' title="bbox 2120 4180 2935 4242; baseline 0.002 -13"><span class='ocrx_word' id='word_1_701' title='bbox 2120 4180 2329 4242; x_wconf 79' lang='lat' dir='ltr'>praestari</span> <span class='ocrx_word' id='word_1_702' title='bbox 2352 4181 2437 4230; x_wconf 89' lang='lat' dir='ltr'>tibi</span> <span class='ocrx_word' id='word_1_703' title='bbox 2457 4180 2664 4230; x_wconf 83' lang='lat' dir='ltr'>volueris</span> <span class='ocrx_word' id='word_1_704' title='bbox 2679 4216 2695 4241; x_wconf 89' lang='lat'><strong>,</strong></span> <span class='ocrx_word' id='word_1_705' title='bbox 2724 4181 2935 4231; x_wconf 76' lang='lat' dir='ltr'>scribito.</span> 
     </span>
    </p>
   </div>
   <div class='ocr_carea' id='block_1_26' title="bbox 2188 4324 3582 4517">
    <p class='ocr_par' dir='ltr' id='par_1_30' title="bbox 2188 4324 3582 4517">
     <span class='ocr_line' id='line_1_82' title="bbox 2867 4324 2919 4373; baseline -0.077 0"><span class='ocrx_word' id='word_1_706' title='bbox 2867 4324 2919 4373; x_wconf 81' lang='lat'>8.</span> 
     </span>
     <span class='ocr_line' id='line_1_83' title="bbox 2188 4449 3582 4517; baseline 0.008 -11"><span class='ocrx_word' id='word_1_707' title='bbox 2188 4450 2293 4507; x_wconf 75' lang='lat' dir='ltr'>An</span> <span class='ocrx_word' id='word_1_708' title='bbox 2334 4449 2975 4509; x_wconf 80' lang='lat' dir='ltr'>MYTtLENAEottUM</span> <span class='ocrx_word' id='word_1_709' title='bbox 3016 4451 3582 4517; x_wconf 72' lang='lat' dir='ltr'>MAGtsTRATtJS.</span> 
     </span>
    </p>
   </div>
   <div class='ocr_carea' id='block_1_27' title="bbox 2178 4584 3672 4649">
    <p class='ocr_par' dir='ltr' id='par_1_31' title="bbox 2178 4584 3672 4649">
     <span class='ocr_line' id='line_1_84' title="bbox 2178 4584 3672 4649; baseline 0.009 -18"><span class='ocrx_word' id='word_1_710' title='bbox 2178 4584 2379 4645; x_wconf 81' lang='lat' dir='ltr'>Apharei</span> <span class='ocrx_word' id='word_1_711' title='bbox 2398 4584 2558 4645; x_wconf 88' lang='lat' dir='ltr'>liberi,</span> <span class='ocrx_word' id='word_1_712' title='bbox 2584 4584 2677 4634; x_wconf 88' lang='lat' dir='ltr'>mei</span> <span class='ocrx_word' id='word_1_713' title='bbox 2698 4588 2927 4647; x_wconf 73' lang='lat' dir='ltr'>nepotes;</span> <span class='ocrx_word' id='word_1_714' title='bbox 2943 4586 3003 4635; x_wconf 92' lang='lat' dir='ltr'>ab</span> <span class='ocrx_word' id='word_1_715' title='bbox 3025 4592 3239 4649; x_wconf 81' lang='lat' dir='ltr'>Agenore</span> <span class='ocrx_word' id='word_1_716' title='bbox 3265 4590 3315 4637; x_wconf 87' lang='lat' dir='ltr'>in</span> <span class='ocrx_word' id='word_1_717' title='bbox 3340 4592 3539 4641; x_wconf 82' lang='lat' dir='ltr'>musicis</span> <span class='ocrx_word' id='word_1_718' title='bbox 3566 4608 3672 4644; x_wconf 86' lang='lat' dir='ltr'>eru·</span> 
     </span>
    </p>
   </div>
   <div class='ocr_carea' id='block_1_28' title="bbox 405 4664 3673 4755">
    <p class='ocr_par' dir='ltr' id='par_1_32' title="bbox 405 4664 3673 4755">
     <span class='ocr_line' id='line_1_85' title="bbox 405 4664 3673 4755; baseline 0.007 -34"><span class='ocrx_word' id='word_1_719' title='bbox 405 4684 456 4722; x_wconf 71' lang='lat'>45</span> <span class='ocrx_word' id='word_1_720' title='bbox 484 4664 877 4745; x_wconf 73' lang='grc' dir='ltr'>ὑπ”Ἀγήνορος</span> <span class='ocrx_word' id='word_1_721' title='bbox 903 4667 968 4724; x_wconf 75' lang='grc' dir='ltr'>τὰ</span> <span class='ocrx_word' id='word_1_722' title='bbox 995 4668 1113 4747; x_wconf 80' lang='grc' dir='ltr'>περὶ</span> <span class='ocrx_word' id='word_1_723' title='bbox 1153 4668 1246 4738; x_wconf 78' lang='grc' dir='ltr'>τὴν</span> <span class='ocrx_word' id='word_1_724' title='bbox 1287 4672 1560 4747; x_wconf 83' lang='grc' dir='ltr'>μουσικήν,</span> <span class='ocrx_word' id='word_1_725' title='bbox 1604 4670 1884 4742; x_wconf 75' lang='grc' dir='ltr'>ἐδεήθησάν</span> <span class='ocrx_word' id='word_1_726' title='bbox 1930 4696 2027 4749; x_wconf 91' lang='grc' dir='ltr'>μου</span> <span class='ocrx_word' id='word_1_727' title='bbox 2057 4672 2099 4734; x_wconf 92' lang='lat' dir='ltr'>b</span> <span class='ocrx_word' id='word_1_728' title='bbox 2118 4684 2228 4743; x_wconf 86' lang='lat' dir='ltr'>diti,</span> <span class='ocrx_word' id='word_1_729' title='bbox 2256 4700 2330 4735; x_wconf 90' lang='lat' dir='ltr'>me</span> <span class='ocrx_word' id='word_1_730' title='bbox 2367 4690 2588 4747; x_wconf 81' lang='lat' dir='ltr'>orarunt,</span> <span class='ocrx_word' id='word_1_731' title='bbox 2608 4692 2661 4736; x_wconf 85' lang='lat' dir='ltr'>ut</span> <span class='ocrx_word' id='word_1_732' title='bbox 2684 4699 2769 4737; x_wconf 81' lang='lat' dir='ltr'>vos</span> <span class='ocrx_word' id='word_1_733' title='bbox 2798 4701 2881 4750; x_wconf 85' lang='lat' dir='ltr'>per</span> <span class='ocrx_word' id='word_1_734' title='bbox 2906 4688 3063 4738; x_wconf 85' lang='lat' dir='ltr'>literas</span> <span class='ocrx_word' id='word_1_735' title='bbox 3096 4702 3337 4753; x_wconf 82' lang='lat' dir='ltr'>rogarem,</span> <span class='ocrx_word' id='word_1_736' title='bbox 3365 4698 3447 4753; x_wconf 85' lang='lat' dir='ltr'>ut,</span> <span class='ocrx_word' id='word_1_737' title='bbox 3480 4698 3673 4755; x_wconf 82' lang='lat' dir='ltr'>quaudo</span> 
     </span>
    </p>
   </div>
   <div class='ocr_carea' id='block_1_29' title="bbox 409 4754 2027 5275">
    <p class='ocr_par' dir='ltr' id='par_1_33' title="bbox 409 4754 2027 5275">
     <span class='ocr_line' id='line_1_86' title="bbox 484 4754 2026 4835; baseline 0.006 -25"><span class='ocrx_word' id='word_1_738' title='bbox 484 4754 769 4831; x_wconf 78' lang='grc' dir='ltr'>γράμματα</span> <span class='ocrx_word' id='word_1_739' title='bbox 795 4754 1001 4835; x_wconf 86' lang='grc' dir='ltr'>πέμψαι</span> <span class='ocrx_word' id='word_1_740' title='bbox 1040 4754 1166 4835; x_wconf 80' lang='grc' dir='ltr'>πρὸς</span> <span class='ocrx_word' id='word_1_741' title='bbox 1203 4758 1370 4831; x_wconf 74' lang='grc' dir='ltr'>ὑμᾶς,</span> <span class='ocrx_word' id='word_1_742' title='bbox 1401 4756 1540 4824; x_wconf 77' lang='grc' dir='ltr'>ὅπως</span> <span class='ocrx_word' id='word_1_743' title='bbox 1569 4758 1649 4830; x_wconf 79' lang='grc' dir='ltr'>ἄν,</span> <span class='ocrx_word' id='word_1_744' title='bbox 1685 4758 1892 4817; x_wconf 82' lang='grc' dir='ltr'>ἐπειδὰν</span> <span class='ocrx_word' id='word_1_745' title='bbox 1938 4762 2026 4820; x_wconf 78' lang='grc' dir='ltr'>καὶ</span> 
     </span>
     <span class='ocr_line' id='line_1_87' title="bbox 484 4842 2027 4922; baseline 0.006 -25"><span class='ocrx_word' id='word_1_746' title='bbox 484 4844 586 4897; x_wconf 75' lang='grc' dir='ltr'>τῶν</span> <span class='ocrx_word' id='word_1_747' title='bbox 611 4842 780 4899; x_wconf 77' lang='grc' dir='ltr'>ἄλλων</span> <span class='ocrx_word' id='word_1_748' title='bbox 803 4844 945 4907; x_wconf 79' lang='grc' dir='ltr'>τινὰς</span> <span class='ocrx_word' id='word_1_749' title='bbox 971 4842 1300 4921; x_wconf 85' lang='grc' dir='ltr'>καταγάγητε</span> <span class='ocrx_word' id='word_1_750' title='bbox 1329 4846 1588 4922; x_wconf 78' lang='grc' dir='ltr'>φυγάδων,</span> <span class='ocrx_word' id='word_1_751' title='bbox 1609 4847 1698 4903; x_wconf 81' lang='grc' dir='ltr'>καὶ</span> <span class='ocrx_word' id='word_1_752' title='bbox 1718 4853 1900 4905; x_wconf 75' lang='grc' dir='ltr'>τοῦτον</span> <span class='ocrx_word' id='word_1_753' title='bbox 1928 4872 2027 4905; x_wconf 91' lang='grc' dir='ltr'>κα-</span> 
     </span>
     <span class='ocr_line' id='line_1_88' title="bbox 485 4928 2025 5011; baseline 0.005 -26"><span class='ocrx_word' id='word_1_754' title='bbox 485 4928 760 5000; x_wconf 82' lang='grc' dir='ltr'>ταδέξησθε</span> <span class='ocrx_word' id='word_1_755' title='bbox 781 4929 872 4987; x_wconf 81' lang='grc' dir='ltr'>καὶ</span> <span class='ocrx_word' id='word_1_756' title='bbox 893 4930 979 4987; x_wconf 84' lang='grc' dir='ltr'>τὸν</span> <span class='ocrx_word' id='word_1_757' title='bbox 1007 4929 1206 5009; x_wconf 88' lang='grc' dir='ltr'>πατέρα</span> <span class='ocrx_word' id='word_1_758' title='bbox 1226 4929 1316 4987; x_wconf 77' lang='grc' dir='ltr'>καὶ</span> <span class='ocrx_word' id='word_1_759' title='bbox 1338 4930 1451 4996; x_wconf 76' lang='grc' dir='ltr'>τοὺς</span> <span class='ocrx_word' id='word_1_760' title='bbox 1481 4932 1746 5011; x_wconf 67' lang='grc' dir='ltr'>ἀδελφούς.</span> <span class='ocrx_word' id='word_1_761' title='bbox 1790 4959 1796 4969; x_wconf 81' lang='grc'><strong>’</strong></span> <span class='ocrx_word' id='word_1_762' title='bbox 1831 4933 2025 5011; x_wconf 85' lang='grc' dir='ltr'>Λέγον·</span> 
     </span>
     <span class='ocr_line' id='line_1_89' title="bbox 489 5016 2026 5097; baseline 0.007 -26"><span class='ocrx_word' id='word_1_763' title='bbox 489 5038 570 5081; x_wconf 88' lang='grc' dir='ltr'>τος</span> <span class='ocrx_word' id='word_1_764' title='bbox 616 5016 671 5073; x_wconf 89' lang='grc' dir='ltr'>δέ</span> <span class='ocrx_word' id='word_1_765' title='bbox 713 5040 809 5091; x_wconf 86' lang='grc' dir='ltr'>μου</span> <span class='ocrx_word' id='word_1_766' title='bbox 842 5018 964 5097; x_wconf 85' lang='grc' dir='ltr'>πρὸς</span> <span class='ocrx_word' id='word_1_767' title='bbox 1001 5017 1181 5084; x_wconf 75' lang='grc' dir='ltr'>αὐτοὺς</span> <span class='ocrx_word' id='word_1_768' title='bbox 1213 5019 1291 5075; x_wconf 75' lang='grc' dir='ltr'>ὅτι</span> <span class='ocrx_word' id='word_1_769' title='bbox 1336 5017 1538 5077; x_wconf 83' lang='grc' dir='ltr'>δέδοικα</span> <span class='ocrx_word' id='word_1_770' title='bbox 1569 5018 1642 5095; x_wconf 80' lang='grc' dir='ltr'>μὴ</span> <span class='ocrx_word' id='word_1_771' title='bbox 1683 5021 1798 5078; x_wconf 87' lang='grc' dir='ltr'>λίαν</span> <span class='ocrx_word' id='word_1_772' title='bbox 1840 5021 2026 5089; x_wconf 78' lang='grc' dir='ltr'>ἄτοπος</span> 
     </span>
     <span class='ocr_line' id='line_1_90' title="bbox 409 5094 2023 5184; baseline 0.007 -28"><span class='ocrx_word' id='word_1_773' title='bbox 409 5126 464 5165; x_wconf 77' lang='grc' dir='ltr'>ω</span> <span class='ocrx_word' id='word_1_774' title='bbox 486 5094 614 5159; x_wconf 73' lang='grc' dir='ltr'>εἶναι</span> <span class='ocrx_word' id='word_1_775' title='bbox 634 5102 760 5170; x_wconf 82' lang='grc' dir='ltr'>δόξω</span> <span class='ocrx_word' id='word_1_776' title='bbox 783 5106 870 5162; x_wconf 84' lang='grc' dir='ltr'>καὶ</span> <span class='ocrx_word' id='word_1_777' title='bbox 893 5106 1175 5183; x_wconf 79' lang='grc' dir='ltr'>περίεργος,</span> <span class='ocrx_word' id='word_1_778' title='bbox 1203 5108 1366 5176; x_wconf 81' lang='grc' dir='ltr'>ζητῶν</span> <span class='ocrx_word' id='word_1_779' title='bbox 1391 5106 1712 5184; x_wconf 72' lang='grc' dir='ltr'>εὑρίσκεσθαι</span> <span class='ocrx_word' id='word_1_780' title='bbox 1736 5109 2023 5184; x_wconf 62' lang='grc' dir='ltr'>τηλικαῦτα</span> 
     </span>
     <span class='ocr_line' id='line_1_91' title="bbox 487 5184 2022 5275; baseline 0.007 -29"><span class='ocrx_word' id='word_1_781' title='bbox 487 5189 544 5247; x_wconf 77' lang='grc' dir='ltr'>τὸ</span> <span class='ocrx_word' id='word_1_782' title='bbox 570 5188 776 5267; x_wconf 78' lang='grc' dir='ltr'>μέγεθος</span> <span class='ocrx_word' id='word_1_783' title='bbox 796 5192 916 5271; x_wconf 83' lang='grc' dir='ltr'>παρ’</span> <span class='ocrx_word' id='word_1_784' title='bbox 947 5194 1141 5272; x_wconf 72' lang='grc' dir='ltr'>ἀνδρῶν</span> <span class='ocrx_word' id='word_1_785' title='bbox 1173 5184 1242 5259; x_wconf 78' lang='grc' dir='ltr'>οἶς</span> <span class='ocrx_word' id='word_1_786' title='bbox 1266 5191 1376 5250; x_wconf 77' lang='grc' dir='ltr'>οὐδὲ</span> <span class='ocrx_word' id='word_1_787' title='bbox 1408 5192 1615 5252; x_wconf 81' lang='grc' dir='ltr'>πώποτε</span> <span class='ocrx_word' id='word_1_788' title='bbox 1640 5194 1880 5275; x_wconf 80' lang='grc' dir='ltr'>πρότερον</span> <span class='ocrx_word' id='word_1_789' title='bbox 1907 5196 2022 5257; x_wconf 73' lang='grc' dir='ltr'>οὔτε</span> 
     </span>
    </p>
   </div>
   <div class='ocr_carea' id='block_1_30' title="bbox 2114 4790 3675 5167">
    <p class='ocr_par' dir='ltr' id='par_1_34' title="bbox 2114 4790 3675 5167">
     <span class='ocr_line' id='line_1_92' title="bbox 2114 4790 3675 4859; baseline 0.004 -20"><span class='ocrx_word' id='word_1_790' title='bbox 2114 4792 2255 4839; x_wconf 83' lang='lat' dir='ltr'>eiiam</span> <span class='ocrx_word' id='word_1_791' title='bbox 2293 4790 2411 4837; x_wconf 89' lang='lat' dir='ltr'>alios</span> <span class='ocrx_word' id='word_1_792' title='bbox 2444 4790 2695 4839; x_wconf 78' lang='lat' dir='ltr'>nonnullos</span> <span class='ocrx_word' id='word_1_793' title='bbox 2728 4791 2789 4840; x_wconf 82' lang='lat' dir='ltr'>ab</span> <span class='ocrx_word' id='word_1_794' title='bbox 2812 4790 2953 4839; x_wconf 81' lang='lat' dir='ltr'>exilio</span> <span class='ocrx_word' id='word_1_795' title='bbox 2990 4794 3275 4855; x_wconf 68' lang='lat' dir='ltr'>revocastis,</span> <span class='ocrx_word' id='word_1_796' title='bbox 3317 4794 3449 4844; x_wconf 83' lang='lat' dir='ltr'>hunc</span> <span class='ocrx_word' id='word_1_797' title='bbox 3480 4811 3675 4859; x_wconf 83' lang='lat' dir='ltr'>quoquc</span> 
     </span>
     <span class='ocr_line' id='line_1_93' title="bbox 2114 4895 3673 4962; baseline 0.004 -19"><span class='ocrx_word' id='word_1_798' title='bbox 2114 4898 2225 4943; x_wconf 83' lang='lat' dir='ltr'>’cum</span> <span class='ocrx_word' id='word_1_799' title='bbox 2241 4897 2372 4956; x_wconf 85' lang='lat' dir='ltr'>patre</span> <span class='ocrx_word' id='word_1_800' title='bbox 2389 4899 2437 4944; x_wconf 83' lang='lat' dir='ltr'>et</span> <span class='ocrx_word' id='word_1_801' title='bbox 2458 4895 2679 4945; x_wconf 75' lang='lat' dir='ltr'>fratribus</span> <span class='ocrx_word' id='word_1_802' title='bbox 2699 4896 2975 4946; x_wconf 79' lang='lat' dir='ltr'>restituatis.</span> <span class='ocrx_word' id='word_1_803' title='bbox 3040 4898 3227 4955; x_wconf 84' lang='lat' dir='ltr'>Quibus</span> <span class='ocrx_word' id='word_1_804' title='bbox 3256 4912 3346 4961; x_wconf 84' lang='lat' dir='ltr'>ego</span> <span class='ocrx_word' id='word_1_805' title='bbox 3366 4914 3515 4962; x_wconf 87' lang='lat' dir='ltr'>quum</span> <span class='ocrx_word' id='word_1_806' title='bbox 3542 4902 3673 4951; x_wconf 75' lang='lat' dir='ltr'>dioe-</span> 
     </span>
     <span class='ocr_line' id='line_1_94' title="bbox 2116 4997 3669 5063; baseline 0.004 -18"><span class='ocrx_word' id='word_1_807' title='bbox 2116 5012 2214 5047; x_wconf 84' lang='lat' dir='ltr'>rem</span> <span class='ocrx_word' id='word_1_808' title='bbox 2251 4998 2400 5047; x_wconf 72' lang='lat' dir='ltr'>vereri</span> <span class='ocrx_word' id='word_1_809' title='bbox 2429 5010 2535 5057; x_wconf 89' lang='lat' dir='ltr'>me,</span> <span class='ocrx_word' id='word_1_810' title='bbox 2571 5010 2630 5046; x_wconf 87' lang='lat' dir='ltr'>ne</span> <span class='ocrx_word' id='word_1_811' title='bbox 2670 4997 2811 5047; x_wconf 83' lang='lat' dir='ltr'>nimis</span> <span class='ocrx_word' id='word_1_812' title='bbox 2846 4998 3047 5048; x_wconf 78' lang='lat' dir='ltr'>absurde</span> <span class='ocrx_word' id='word_1_813' title='bbox 3082 5000 3133 5048; x_wconf 80' lang='lat' dir='ltr'>et</span> <span class='ocrx_word' id='word_1_814' title='bbox 3168 5000 3470 5063; x_wconf 86' lang='lat' dir='ltr'>impudenter</span> <span class='ocrx_word' id='word_1_815' title='bbox 3510 5002 3669 5053; x_wconf 79' lang='lat' dir='ltr'>facere</span> 
     </span>
     <span class='ocr_line' id='line_1_95' title="bbox 2114 5102 3665 5167; baseline 0.005 -20"><span class='ocrx_word' id='word_1_816' title='bbox 2114 5102 2317 5161; x_wconf 69' lang='lat' dir='ltr'>viderer,</span> <span class='ocrx_word' id='word_1_817' title='bbox 2348 5102 2426 5163; x_wconf 89' lang='lat' dir='ltr'>qui</span> <span class='ocrx_word' id='word_1_818' title='bbox 2469 5114 2566 5151; x_wconf 90' lang='lat' dir='ltr'>rem</span> <span class='ocrx_word' id='word_1_819' title='bbox 2598 5104 2779 5150; x_wconf 86' lang='lat' dir='ltr'>tantam</span> <span class='ocrx_word' id='word_1_820' title='bbox 2818 5116 2846 5151; x_wconf 85' lang='lat' dir='ltr'>a</span> <span class='ocrx_word' id='word_1_821' title='bbox 2880 5102 3024 5161; x_wconf 72' lang='lat' dir='ltr'>viris»,</span> <span class='ocrx_word' id='word_1_822' title='bbox 3058 5115 3169 5151; x_wconf 87' lang='lat' dir='ltr'>cum</span> <span class='ocrx_word' id='word_1_823' title='bbox 3201 5104 3375 5164; x_wconf 84' lang='lat' dir='ltr'>quibus</span> <span class='ocrx_word' id='word_1_824' title='bbox 3412 5118 3665 5167; x_wconf 85' lang='lat' dir='ltr'>nunquam</span> 
     </span>
    </p>
   </div>
   <div class='ocr_carea' id='block_1_31' title="bbox 2115 5206 3667 5273">
    <p class='ocr_par' dir='ltr' id='par_1_35' title="bbox 2115 5206 3667 5273">
     <span class='ocr_line' id='line_1_96' title="bbox 2115 5206 3667 5273; baseline 0.003 -18"><span class='ocrx_word' id='word_1_825' title='bbox 2115 5208 2245 5269; x_wconf 82' lang='lat' dir='ltr'>prius</span> <span class='ocrx_word' id='word_1_826' title='bbox 2288 5207 2361 5257; x_wconf 73' lang='lat' dir='ltr'>vel</span> <span class='ocrx_word' id='word_1_827' title='bbox 2406 5206 2667 5258; x_wconf 82' lang='lat' dir='ltr'>collocutus</span> <span class='ocrx_word' id='word_1_828' title='bbox 2710 5210 2783 5259; x_wconf 77' lang='lat' dir='ltr'>vel</span> <span class='ocrx_word' id='word_1_829' title='bbox 2818 5208 3127 5258; x_wconf 74' lang='lat' dir='ltr'>familiaritate</span> <span class='ocrx_word' id='word_1_830' title='bbox 3160 5210 3443 5271; x_wconf 78' lang='lat' dir='ltr'>conjunctus</span> <span class='ocrx_word' id='word_1_831' title='bbox 3475 5225 3667 5273; x_wconf 80' lang='lat' dir='ltr'>essem,</span> 
     </span>
    </p>
   </div>
  </div>
 </body>
</html>
