3825 5842
1041 430 1436 496 ISOCRATIS
1477 428 1766 493 ORATIO
1805 428 1906 489 DE
1946 426 2569 490 PERMUTATIONE.

3206 438 3317 491 219

148 581 250 651 ζειν,
277 570 405 635 ἀλλὰ
427 569 684 633 πλείστων
709 570 916 649 ἀγαθῶν
941 566 1104 635 αἴτιος
1119 563 1460 647 γεγενημένος
1486 564 1660 645 χεῖρον
1753 570 1804 621 in
1839 582 1924 620 eos
1962 566 2237 631 contulisti,
2270 567 2506 633 iniquiore
2527 581 2583 621 es
2610 568 2883 622 conditione
2905 584 3053 637 quam
3085 567 3179 634 qui
3210 568 3331 621 nihil

145 665 370 726 δῑᾶκεῑσαῑ
389 665 489 723 τῶν
513 660 655 721 Οὗδὲν
677 660 814 730 ἔξω*
831 658 989 737 λόγου
1009 653 1497 739 δῑαπεπραγμίνων·
1543 654 1660 733 (¹²⁶)
1756 680 2022 729 memoratu
2034 674 2231 739 dignum
2246 680 2513 739 gesserunt.
2546 676 2678 742 (136)
2690 676 2843 741 quue
2858 677 2947 729 tibi
2968 679 3171 731 nonsine
3192 686 3331 727 causa

143 752 361 820 Εἰκότως·
384 754 430 811 οἱ
455 748 549 831 μὲν
573 748 674 831 γὰρ
695 747 812 817 τοὺς
839 746 1061 831 ῥήτορας
1077 745 1305 813 καὶτοὺς
1328 748 1379 805 ἐν
1403 746 1509 814 τοῖς
1525 743 1669 813 ιδίοις

147 842 385 922 συλλόγοις
400 841 694 919 λογοποιεῖν
721 834 1034 917 δυναμένους
1051 835 1143 895 καὶ
1161 834 1334 895 πάντα
1358 856 1665 916 προσποιου-

105 954 126 995 s
145 930 300 1009 μένους
334 926 516 989 εἰδέναι
551 925 920 1009 θεραπεύουσι,
956 925 1020 985 σὺ
1061 925 1106 984 δ’
1135 927 1194 985 οὔ
1231 923 1383 1003 μόνον
1427 924 1667 1001 ἀμελεῖς,

143 1019 258 1081 ἀλλὰ
277 1018 360 1079 καὶ
385 1020 629 1096 πολεμεῖς
653 1020 757 1084 τοῖς
776 1014 1018 1096 μέγιστον
1042 1014 1125 1074 ἀεὶ
1155 1013 1453 1093 δυναμένοις
1477 1014 1665 1073 αὐτῶν.

145 1108 306 1171 Καίτοι
343 1104 532 1174 πόσους
563 1102 660 1163 ota
701 1104 787 1164 διὰ
821 1105 918 1173 τὰς
959 1102 1154 1164 τούτων
1186 1101 1522 1185 ψευδολογίας
1553 1099 1672 1168 τοὺς

143 1197 224 1278 μὲν
247 1196 522 1279 συμφοραῖς
541 1194 1032 1276 περιπεπτωκέναι,
1061 1193 1180 1262 τοὺς
1199 1194 1244 1253 δ’
1264 1193 1480 1272 ἀτίμους
1501 1182 1634 1251 εἶναι
1649 1236 1668 1267 ,

143 1286 256 1348 πολὺ
281 1283 704 1365 σπουδαιοτέρους
731 1282 826 1344 καὶ
861 1282 1077 1352 πλέονος
1103 1282 1274 1353 ἀξίους
1299 1281 1673 1362 γεγενημένους

86 1400 123 1441 ιο
144 1380 230 1437 τῶν
259 1373 511 1459 ᾀδομένων
539 1372 631 1434 καὶ
655 1371 1132 1457 τραγῳδουμένων;
1169 1369 1288 1453 (137)
1317 1370 1457 1431 Ἀλλ’
1485 1372 1532 1429 οἱ
1557 1366 1673 1445 μέν,

143 1456 296 1543 οἶμαι,
315 1466 540 1535 ποιητῶν
569 1460 754 1543 ἔτυχον
775 1462 867 1521 καὶ
891 1464 1198 1541 λογοποιῶν,
1237 1462 1285 1519 οἱ
1322 1458 1370 1519 δ’
1391 1461 1484 1519 οὐκ
1519 1456 1672 1537 ἔσχον

145 1553 244 1621 τοὺς
266 1551 596 1631 ὑμνήσοντας.
679 1548 786 1614 Ἢν
808 1541 896 1611 οῦν
924 1550 1042 1630 ἐμοὶ
1067 1549 1222 1632 πείθῃ
1255 1548 1345 1609 καὶ
1370 1554 1488 1609 νοῦν
1517 1546 1642 1629 ἔχῃς
1657 1591 1673 1619 ,

147 1643 194 1701 οὗ
223 1639 618 1723 καταφρονήσεις
653 1644 756 1701 τῶν
789 1642 988 1723 ἀνδρῶν
1030 1639 1248 1719 τούτων,
1279 1628 1352 1706 οἶς
1394 1636 1454 1697 τὸ
1482 1640 1676 1709 πλῆθος

147 1728 336 1790 εἴθισται
356 1728 616 1790 πιστεύειν
645 1731 703 1790 οὐ
733 1729 888 1807 μόνον
919 1728 1041 1811 περὶ
1069 1728 1178 1796 ἑνὸς
1204 1726 1423 1788 ἑκάστου
1451 1728 1554 1785 τῶν
1581 1748 1676 1784 πο·

90 1842 126 1880 15
145 1820 298 1898 λιτῶν,
313 1816 445 1878 ἀλλὰ
467 1816 700 1900 καὶπερὶ
721 1817 854 1877 ὅλων
871 1820 974 1877 τῶν
993 1814 1320 1900 πραγμάτων
1334 1838 1348 1853 ·
1366 1812 1480 1873 ἀλλ’
1496 1815 1678 1890 ἐπιμέ-

147 1907 269 1966 λειάν
292 1931 402 1967 τινα
427 1906 641 1979 ποιήσει
667 1906 760 1966 καὶ
785 1906 1063 1988 θεραπείαν
1087 1908 1276 1979 αὐτῶν,
1305 1902 1371 1962 ἵν’
1397 1901 1673 1980 εὐδοκιμή-

149 2018 230 2076 σῃς
249 1996 306 2055 δι’
333 1995 637 2078 ἀμφότερα,
665 1992 756 2053 καὶ
783 1993 870 2054 διὰ
891 1993 985 2063 τὰς
1011 1998 1204 2053 σαυτοῦ
1233 1990 1444 2075 πράξεις
1471 1990 1560 2050 καὶ
1593 1988 1677 2049 διὰ

147 2083 244 2151 τοὺς
263 2084 447 2145 τούτων
473 2083 678 2163 λόγους.
709 2108 736 2137 ι
817 2084 940 2164 (iss)
974 2086 1162 2161 Ταῦτα
1201 2083 1248 2141 δ’
1279 2079 1480 2141 ἀκούων
1519 2082 1679 2161 ὀρθῶς

148 2170 228 2250 μὲν
249 2170 432 2254 ἔφασκέ
459 2197 528 2251 με
555 2172 748 2253 λέγειν,
777 2174 838 2233 οὗ
867 2170 971 2250 μὴν
1008 2161 1168 2231 οἶόστ’
1193 2161 1257 2243 ἦν
1281 2168 1377 2242 τὴν
1403 2166 1556 2250 φύσιν
1585 2190 1678 2247 με-

90 2278 130 2316 ιο
149 2260 386 2335 ταὸαλεῖν,
415 2263 534 2322 ἀλλ’
559 2252 625 2333 ἦν
650 2258 742 2339 μὲν
764 2260 923 2328 καλὸς
948 2259 1174 2339 κάγαθὸς
1201 2256 1334 2339 ἀνὴρ
1355 2257 1448 2317 καὶ
1471 2262 1564 2330 τῆς
1591 2256 1682 2317 πό·

149 2349 258 2415 λεως
293 2350 496 2425 καὶτῆς
525 2348 788 2417 Ἑλλάδος
825 2348 993 2422 ἄξιος,
1033 2350 1092 2407 οὖ
1133 2346 1236 2426 μὴν
1290 2336 1586 2427 σύμμετρός
1619 2368 1678 2423 γε

152 2438 238 2505 τοῖς
277 2437 510 2507 τοιούτοις
552 2441 658 2497 τῶν
700 2436 1002 2521 ἀνθρώπων,
1042 2435 1156 2496 ὅσοι
1189 2444 1297 2504 τοῖς
1337 2434 1468 2517 ὑπὲρ
1497 2432 1682 2501 αὖτοὺς

153 2526 402 2605 πεφυκόσιν
438 2526 576 2607 ἇχθό
620 2548 722 2584 ενοι
758 2523 1096 2607 τυγχάνουσι.
1181 2526 1473 2603 Τοιγαροῦν
1510 2525 1556 2582 οἱ
1587 2518 1680 2600 μὲν

156 2612 334 2694 ῥήτορες
355 2612 500 2695 ἔργον
531 2550 676 2695 εἶξον
698 2612 865 2681 αἰτίας
889 2612 1008 2695 περὶ
1031 2615 1191 2672 αὐτοῦ
1219 2608 1419 2679 πολλὰς
1442 2608 1532 2669 καὶ
1555 2612 1680 2693 ψευ-

92 2720 132 2759 25
154 2700 237 2766 δεῖς
247 2700 502 2777 πλάττειν,
523 2702 586 2760 τὸ
601 2700 657 2760 δὲ
674 2703 868 2773 πλῆθος
889 2698 1238 2781 ἀποδέχεσθαι
1256 2696 1348 2766 τὰς
1368 2696 1468 2757 ὑπὸ
1485 2698 1682 2758 τούτων

153 2788 421 2867 λεγομένας.
505 2792 624 2870 (139)
648 2789 785 2873 Περὶ
808 2782 881 2850 ὦν
904 2790 1067 2862 ἡδέως
1093 2787 1156 2849 ἂν
1183 2786 1612 2867 ἀπελογησάμην,
1638 2788 1682 2846 εἰ

155 2879 307 2957 καιρὸν
335 2870 488 2959 εἶχον·
528 2870 678 2957 οἶμαι
703 2878 805 2961 γὰρ
834 2878 895 2937 ἂν
935 2882 1071 2957 ὑμᾶς
1107 2876 1430 2945 ἀκούσαντας
1461 2882 1682 2955 μισῆσαι

151 2966 250 3035 τούς
270 2992 321 3028 τε
337 2967 732 3049 προαγαγόντας
748 2966 846 3039 τὴν
863 2964 1015 3026 πόλιν
1034 2966 1123 3025 ἐπὶ
1143 2964 1239 3037 τὴν
1259 2963 1414 3045 ὀργὴν
1437 2963 1533 3037 τὴν
1557 2963 1684 3045 πρὸς

151 3056 316 3115 ἐκεῖνον
343 3056 432 3117 καὶ
456 3056 581 3125 τοὺς
603 3055 832 3138 φλαῦρόν
853 3079 904 3114 τι
930 3054 1051 3134 περὶ
1075 3055 1235 3112 αὐτοῦ
1261 3052 1429 3131 λέγειν
1455 3054 1684 3131 τολμῶν·

86 3166 126 3206 ³0
150 3165 241 3211 τας.
315 3148 422 3206 Νῦν
451 3145 504 3205 δὲ
531 3150 702 3205 ταῦτα
733 3143 829 3223 μὲν
865 3142 1038 3215 ἐάσω,
1070 3141 1190 3223 περὶ
1229 3144 1455 3217 ἐμαυτοῦ
1497 3140 1551 3200 δὲ
1592 3140 1683 3200 καὶ

152 3235 238 3291 τῶν
270 3234 556 3295 ἐνεστώτων
583 3232 908 3316 πραγμάτων
936 3232 1094 3291 πάλιν
1123 3229 1410 3311 ποιήσομαι
1436 3228 1554 3297 τοὺς
1589 3228 1682 3289 λό-

150 3344 264 3397 γους.

217 3430 300 3473 no.
331 3412 532 3494 Ἀπορῶ
563 3412 610 3471 δ’
647 3410 680 3471 ὅ
703 3434 756 3470 τι
792 3409 1064 3491 χρήσομαι
1091 3410 1196 3477 τοῖς
1233 3406 1564 3486 ὑπολοίποις,
1592 3405 1682 3466 καὶ

149 3496 264 3567 τίνος
277 3500 478 3583 πρώτω
503 3504 724 3580 μνησθῶ
743 3499 836 3559 καὶ
851 3498 1000 3559 ποίου
1021 3496 1282 3579 δευτέρου·
1305 3496 1366 3556 τὸ
1381 3495 1484 3576 γὰρ
1501 3495 1684 3579 ἐφεξῆς

91 3602 131 3643 ³⁶
149 3610 206 3663 με
245 3588 404 3669 λέγειν
458 3588 820 3671 διαπέφευγεν.
920 3586 1080 3656 Ἴσως
1124 3586 1218 3665 μὲν
1268 3576 1354 3646 οὗν
1385 3584 1682 3665 «ἀναγκαῖόν

83 3702 90 3710 ·
151 3676 272 3737 ἐστιν
285 3722 300 3751 ,
327 3682 394 3747 ὥς
433 3679 498 3739 ἂν
538 3676 759 3739 ἕκαστον
797 3676 932 3757 τύχῃ
973 3674 1268 3755 προσπεσόν
1285 3720 1302 3749 ,
1334 3674 1494 3743 οὕτως
1521 3676 1682 3733 εἰπεῖν

151 3765 252 3843 περὶ
277 3770 456 3827 αὖτῶν·
486 3767 522 3826 ἃ
550 3768 599 3825 δ’
623 3756 710 3825 οῦν
741 3788 830 3844 μοι
856 3770 946 3823 νῦν
975 3763 1256 3837 ἐπελήλυθε
1274 3808 1292 3840 ,
1323 3761 1415 3823 καὶ
1450 3760 1571 3843 περὶ
1611 3752 1682 3819 ὧν

151 3852 236 3930 ἐγὼ
262 3854 350 3931 μὲν
374 3856 607 3933 ἐνόμιζον
630 3846 762 3912 εἶναι
781 3851 1057 3926 δηλωτέον,
1086 3852 1240 3919 ἄλλος
1259 3850 1315 3911 δέ
1343 3849 1419 3919 τίς
1443 3874 1532 3929 μοι
1557 3874 1683 3909 συν-

151 3938 363 4000 εὸούλευε
407 3942 482 4019 μὴ
533 3940 724 4020 λέγειν,
768 3943 865 4001 οὗκ
920 3938 1291 4022 ἀποκρύψομαι
1343 3937 1472 4019 πρὸς
1524 3940 1678 4015 ὑμᾶς.

91 4044 130 4082 10
149 4027 248 4108 (ιιι)
269 4030 484 4103 Ἐπειδὴ
508 4030 612 4113 γὰρ
636 4028 900 4108 ἀπήνεγκε
921 4027 1018 4100 τὴν
1036 4028 1266 4111 γραφήν,
1288 4026 1542 4087 ἐσκόπουν
1564 4026 1685 4109 περὶ

149 4116 297 4177 αὐτῶν
317 4116 511 4179 τούτων
531 4118 712 4199 ὥσπερ
737 4116 800 4177 ἂν
823 4120 972 4195 ὑμῶν
997 4114 1240 4191 ἕκαστος,
1265 4116 1354 4177 καὶ
1379 4114 1468 4175 τόν
1489 4138 1546 4174 τε
1575 4115 1684 4194 βίον

149 4204 222 4263 τὸν
261 4210 484 4285 ἐμαυτοῦ
519 4207 615 4267 καὶ
658 4206 752 4275 τὰς
786 4207 997 4288 πράξεις
1023 4204 1283 4277 ἐξήταζον,
1313 4204 1406 4265 καὶ
1442 4205 1686 4264 πλεῖστον

147 4292 311 4373 χρόνον
334 4296 456 4378 περὶ
480 4294 576 4363 τὰς
595 4294 840 4362 τοιαύτας
861 4293 1114 4375 διέτριὸον
1139 4295 1217 4376 ἐφ’
1239 4284 1320 4362 αἶς
1341 4292 1518 4375 ᾠόμην
1543 4294 1687 4353 ἐπαι-

149 4384 320 4441 νεῖσθαί
346 4408 412 4463 με
431 4383 740 4467 προσήκειν.
827 4382 1175 4468 Ἀκροώμενος
1200 4384 1256 4444 δέ
1282 4407 1359 4452 τις
1381 4387 1483 4443 τῶν
1505 4386 1687 4454 ἐπιτη-

75 4482 128 4531 ,⁴5
147 4469 274 4529 δείων
295 4472 582 4553 ἐτόλμησεν
605 4474 768 4533 εἰπεῖν
789 4472 915 4553 πρός
939 4497 1006 4551 με
1025 4472 1175 4553 λόγον
1196 4470 1407 4531 πάντων
1433 4470 1686 4551 σχετλιώ·

147 4582 300 4635 τατον,
325 4566 393 4630 ὣς
417 4562 538 4631 ἄξια
564 4560 658 4639 μὲν
677 4561 760 4633 εἴη
782 4560 848 4620 τὰ
872 4562 1128 4641 λεγόμενα
1147 4558 1471 4641 φιλοτιμίας,
1501 4561 1559 4618 οὗ
1586 4556 1688 4637 μὴν

148 4647 250 4706 ἀλλ’
275 4650 422 4719 αὐτός
447 4674 510 4730 γε
535 4649 758 4709 δεδιέναι
777 4656 946 4709 ταῦτα
975 4651 1234 4729 μάλιστα,
1263 4648 1337 4727 μὴ
1355 4645 1578 4715 πολλοὺς
1597 4649 1688 4706 λυ·

147 4734 270 4816 πήσῃ
297 4742 396 4796 τῶν
421 4738 738 4800 ἀκουόντων.
824 4739 940 4815 (1⁴2)
972 4764 996 4790 κ
1024 4737 1182 4799 Οὕτω
1199 4736 1300 4819 γάρ
1323 4764 1348 4789 ι·
1383 4734 1480 4818 ἔφη
1515 4764 1540 4789 α
1558 4735 1691 4803 τινὲς

147 4822 232 4882 ὑπὸ
253 4830 338 4885 τοῦ
360 4826 548 4909 φθόνου
575 4827 664 4886 καὶ
694 4830 796 4886 τῶν
832 4830 1060 4907 ἀποριῶν
1090 4825 1423 4907 ἐξηγρίωνται
1447 4824 1539 4884 καὶ
1567 4826 1688 4883 δυσ-

85 4923 124 4960 ⁵0
145 4915 287 4985 μενῶς
310 4912 542 4995 ἔχουσιν,
564 4914 688 4975 ὥστ’
706 4919 764 4975 οὗ
785 4924 897 4982 ταῖς
915 4913 1184 4995 πονηρίαις
1203 4912 1341 4972 ἀλλὰ
1355 4914 1468 4981 ταῖς
1495 4915 1687 4993 εὐπρα-

148 4996 264 5075 γίαις
283 5002 600 5080 πολεμοῦσι,
628 5002 719 5061 καὶ
748 5007 984 5079 μισοῦσιν
1014 5002 1070 5060 οὗ
1099 5000 1252 5079 μόνον
1275 5004 1378 5059 τῶν
1408 4998 1692 5080 ἀνθρώπων

149 5085 248 5153 τοὺς
273 5090 712 5162 ἐπιεικεστάτους,
742 5090 880 5150 ἀλλὰ
903 5088 994 5149 καὶ
1021 5092 1124 5148 τῶν
1159 5087 1584 5166 ἐπιτηδευμάτων
1619 5086 1688 5146 τὰ

155 5172 400 5253 βέλτιστα,
415 5178 510 5237 καὶ
532 5178 660 5257 πρὸς
683 5188 790 5247 τοῖς
812 5179 987 5246 ἄλλοις
1005 5186 1186 5241 κακοῖς
1203 5186 1306 5245 τοῖς
1326 5202 1360 5255 μ
1369 5176 1420 5236 ὲν
1451 5178 1686 5236 ἀδικοῦσι

157 5268 568 5344 συναγωνίζονται
593 5266 686 5329 καὶ
715 5267 1026 5349 συγγνώμην
1051 5267 1276 5349 ἔχουσιν,
1304 5256 1380 5335 οἷς
1401 5268 1445 5327 δ’
1468 5265 1532 5326 ἂν
1564 5271 1690 5346 φθο-

1761 782 1954 833 accidit.
1988 780 2064 832 Illi
2077 781 2207 831 enim
2220 785 2434 831 oratores
2447 794 2627 846 eosque
2638 782 2723 846 qui
2736 781 2933 847 privatis
2945 782 3135 835 circulis
3148 796 3329 834 sermo·

1760 899 1847 937 nes
1866 898 2023 937 serere
2041 888 2243 949 possunt
2255 888 2303 935 et
2322 885 2481 935 omnia
2507 898 2559 937 se
2574 885 2695 935 scire
2718 884 2975 949 simulant,
2991 898 3165 950 magno
3185 900 3329 951 opere

1761 986 1928 1037 colunt
1942 1006 1953 1036 :
1969 999 2094 1049 quos
2114 990 2165 1037 ιιι
2185 1001 2280 1038 non
2299 986 2441 1037 modo
2460 986 2684 1051 negligis,
2704 986 2790 1039 sed
2813 988 2955 1039 etiam
2976 1002 3224 1053 oppugnas
3243 991 3329 1055 qui

1763 1100 1955 1152 quoque
1974 1090 2186 1151 tempore
2200 1087 2461 1152 plurimum
2484 1092 2703 1152 possunt.
2770 1091 2835 1139 At
2852 1102 2968 1140 vero
2985 1102 3131 1153 quam
3152 1090 3327 1141 multos

1763 1192 1906 1253 putas
1922 1188 2095 1237 horum
2114 1185 2375 1239 mendaciis
2395 1187 2636 1251 partimin
2663 1200 2881 1239 summas
2902 1188 3195 1240 calamitates
3212 1189 3326 1243 inci·

1767 1288 1921 1351 disse,
1948 1287 2121 1353 partim
2140 1288 2223 1351 ius
2242 1288 2449 1341 civitatis
2480 1288 2789 1339 imminutum
2816 1289 3021 1352 babere,
3048 1292 3325 1356 ceteroquin

1763 1391 1914 1441 multo
1928 1388 2279 1453 proestantiores
2288 1388 2531 1453 plurisque
2544 1388 2779 1440 faciendos
2788 1404 2935 1454 quam
2944 1391 3027 1454 qui
3038 1391 3330 1441 carminibus

1765 1486 2105 1551 tragoediisque
2130 1488 2461 1539 celebrantur?
2501 1488 2632 1553 (137)
2652 1493 2810 1554 Atque
2824 1490 2919 1543 illis
2947 1491 3147 1555 quidem
3160 1492 3329 1556 opinor

1763 1590 1918 1653 poetae
1948 1588 2245 1653 contigerunt
2277 1590 2328 1639 et
2362 1588 2605 1653 historici;
2642 1590 2692 1640 bi
2714 1604 2812 1641 non
2848 1591 3119 1642 habuerunt
3159 1593 3245 1656 qui
3274 1606 3327 1645 se

1764 1689 2096 1754 praedicarent.
2161 1689 2211 1739 si
2230 1687 2373 1751 igitur
2402 1688 2521 1739 mibi
2542 1690 2843 1754 obtemperes
2873 1691 3253 1757 prudentemque
3281 1698 3329 1743 te

1763 1790 1990 1856 praesteS,
2004 1803 2086 1840 eos
2101 1789 2229 1840 viros
2246 1804 2343 1841 non
2356 1803 2549 1855 spernes
2560 1825 2577 1851 ,
2592 1791 2768 1855 quibus
2786 1791 3044 1842 multitudo
3060 1806 3155 1842 non
3173 1793 3328 1845 solum

1765 1890 1826 1941 de
1842 1891 2040 1953 singulis
2059 1890 2245 1940 civibus
2257 1927 2274 1953 ,
2293 1890 2376 1943 sed
2397 1893 2542 1943 etiam
2560 1891 2622 1943 de
2638 1892 2753 1943 totis
2770 1893 2973 1955 negotiis
2992 1893 3134 1953 iidem
3155 1895 3329 1947 babere

1767 1993 1916 2056 solet,
1938 1992 2023 2043 sed
2042 1992 2169 2043 coles
2184 2005 2271 2043 eos
2293 1996 2343 2043 et
2360 1992 2645 2044 observabis
2660 2028 2675 2055 ,
2710 1998 2765 2044 ιιι
2788 1998 2993 2057 utroque
3014 1994 3159 2045 modo
3184 1996 3331 2047 incla-

1766 2108 1951 2157 rescas,
1970 2098 2020 2145 et
2036 2094 2181 2145 rebus
2197 2094 2344 2157 gestis
2361 2096 2599 2145 ethorum
2622 2094 2862 2146 laudibus.
2890 2114 2917 2139 ν
2984 2095 3117 2159 (138)
3139 2096 3331 2155 Quibus

1767 2197 1848 2248 ille
1870 2196 2053 2247 auditis
2076 2196 2205 2247 recte
2226 2195 2422 2259 quidem
2443 2209 2522 2245 me
2534 2195 2752 2259 ¹iudicare
2768 2195 2953 2257 aiebat;
2977 2195 3191 2247 indolem
3216 2210 3333 2249 vero

1769 2310 1905 2349 suam
1920 2298 2177 2347 immutare
2192 2310 2291 2346 nou
2308 2296 2441 2361 potui
2447 2300 2482 2359 t,
2499 2296 2585 2347 sed
2598 2300 2699 2347 erat
2716 2296 2871 2347 bonus
2888 2298 3165 2361 probusque
3183 2298 3331 2347 homo

1768 2402 1818 2451 et
1835 2400 1957 2450 urbe
1984 2402 2149 2449 nostra
2172 2398 2449 2462 Groeciaque
2478 2397 2675 2460 dignus,
2704 2410 2860 2461 neque
2890 2410 3008 2449 vero
3032 2398 3148 2449 huic
3172 2398 3331 2461 generi

1769 2503 2021 2554 bominum
2044 2514 2284 2565 congruus
2294 2537 2311 2565 ,
2336 2502 2419 2565 qui
2442 2500 2574 2550 viros
2592 2513 2647 2549 se
2662 2502 3015 2565 prastantiores
3034 2500 3237 2553 moleste
3266 2501 3331 2553 re·

1771 2606 1898 2655 runt.
1959 2604 2194 2663 Quocirca
2206 2604 2416 2653 oratores
2429 2600 2481 2651 in
2498 2612 2556 2651 eo
2570 2614 2765 2665 operam
2778 2599 3047 2665 ponebant,
3062 2600 3117 2651 ιιι
3132 2600 3333 2651 crimina

1771 2705 1832 2757 de
1859 2719 1919 2757 eo
1948 2704 2100 2757 multa
2131 2707 2181 2755 et
2214 2703 2333 2755 salsa
2353 2702 2843 2764 comminiscerentur,
2878 2699 3142 2751 multitudo
3170 2705 3333 2753 autem

1771 2822 1883 2873 quoe
1898 2808 1961 2859 ab
1972 2808 2065 2858 illis
2080 2806 2287 2858 conficta
2306 2809 2466 2857 essent
2477 2840 2492 2867 ‚
2506 2804 2757 2868 acciperet.
2825 2804 2959 2869 (139)
2980 2808 3101 2865 Quoe
3122 2804 3333 2855 libenter

1770 2909 2101 2972 defenderem,
2118 2910 2159 2959 si
2173 2908 2497 2973 opportunum
2522 2908 2714 2970 tempus
2739 2908 2879 2957 esset.
2940 2906 3175 2957 Existimo
3204 2907 3332 2959 enim

1773 3022 1863 3061 vos
1891 3009 2165 3060 defensione
2186 3007 2352 3059 audita
2370 3007 2483 3057 odio
2500 3006 2732 3057 adversus
2749 3018 2834 3057 eos
2852 3018 3110 3057 accensum
3133 3007 3191 3056 iri
3205 3042 3219 3071 ,
3244 3007 3328 3071 qui

1769 3112 1979 3164 civitatis
2008 3113 2131 3163 iram
2154 3111 2389 3162 adversus
2418 3109 2553 3160 illum
2584 3108 2888 3159 concitarunt
2918 3112 2967 3158 et
2997 3109 3058 3159 de
3093 3123 3151 3159 eo
3182 3108 3333 3173 iniqui

1771 3211 1888 3275 quid
1904 3212 2061 3261 dicere
2078 3211 2273 3261 audent.
2335 3210 2527 3270 Quibus
2539 3210 2637 3273 iam
2658 3224 2743 3275 pro
2760 3212 2975 3275 tempore
2994 3211 3187 3261 omissis
3206 3210 3334 3264 etde

1771 3325 1850 3363 me
1867 3313 1916 3363 et
1936 3311 1997 3361 de
2018 3311 2164 3361 rebus
2188 3323 2299 3374 quae
2320 3315 2491 3373 urgent
2504 3346 2521 3373 ,
2552 3309 2709 3362 denuo
2731 3311 2877 3363 verba
2900 3311 3089 3363 faciam.

1837 3420 1942 3467 140.
1966 3420 2133 3480 Neque
2144 3428 2259 3467 vero
2273 3415 2393 3467 mihi
2406 3416 2598 3467 constat
2608 3415 2849 3479 quomodo
2862 3416 3043 3480 reliqua
3057 3429 3335 3482 persequar,

1769 3520 1983 3585 quidque
2006 3520 2159 3583 primo
2186 3520 2293 3571 loeo
2326 3532 2699 3572 commemorem
2731 3520 2917 3585 etquid
2948 3522 3159 3573 secundo
3188 3537 3201 3573 :
3224 3536 3337 3573 nam

1769 3640 1830 3678 ex
1853 3626 2019 3676 ordine
2041 3625 2199 3677 dicere
2222 3626 2323 3688 jam
2354 3640 2433 3678 me
2456 3626 2593 3689 sugit.
2656 3630 2878 3678 Fortasse
2896 3628 2995 3691 iam
3020 3642 3214 3680 necesse
3235 3636 3335 3693 ast,

1770 3735 1826 3780 ut
1843 3730 2055 3795 quidque
2074 3732 2252 3782 mihiin
2268 3734 2479 3782 mentem
2499 3732 2709 3793 venerit,
2728 3731 2795 3782 ita
2809 3730 2870 3781 de
2888 3745 2945 3781 eo
2959 3731 3133 3783 dicere.
3195 3734 3337 3800 Quod
3416 3731 3424 3739 '

1770 3849 1883 3887 vero
1912 3850 2041 3887 nunc
2073 3836 2191 3886 mihi
2216 3839 2490 3899 suggestum
2514 3840 2616 3897 est,
2639 3835 2864 3899 quodque
2894 3848 3009 3898 ego,
3038 3850 3191 3900 quum
3214 3836 3336 3889 alius

1770 3940 2085 3992 omittendum
2107 3941 2377 4003 censuerit,
2396 3938 2535 3991 vobis
2551 3939 2857 4003 aperiendum
2872 3939 2997 3990 dinco
3010 3977 3025 4002 ,
3044 3953 3131 3991 vos
3146 3954 3243 3991 non
3260 3954 3337 3991 oe·

1771 4048 1896 4098 labo.
1963 4046 2093 4111 (141)
2108 4047 2367 4110 Postquam
2381 4045 2508 4095 enim
2523 4058 2715 4095 eausmn
2740 4044 2937 4106 detulit,
2972 4046 3021 4094 in
3040 4046 3233 4097 easdem
3258 4060 3337 4097 res

1772 4165 1891 4217 quas
1922 4152 2137 4201 vestrum
2170 4150 2502 4214 unusquisque
2536 4148 2791 4213 inquisivi,
2820 4149 3063 4213 vitamque
3092 4162 3247 4200 moem
3288 4154 3338 4202 et

1773 4260 1988 4310 instituta
2011 4256 2342 4320 explorabam,
2366 4254 2719 4319 plurimumque
2742 4260 2933 4319 tempus
2969 4256 3026 4305 iis
3050 4256 3168 4319 ipsis
3195 4258 3338 4307 rebus

1774 4364 2137 4429 impendebam,
2160 4376 2367 4427 quarum
2389 4375 2535 4413 causa
2554 4361 2741 4414 laudem
2763 4362 2883 4413 mihi
2906 4362 3069 4413 deberi
3092 4365 3339 4427 putabam.

1775 4475 1896 4531 Qum
1928 4482 2077 4532 quum
2113 4468 2221 4530 quis
2251 4481 2311 4518 ex
2345 4466 2623 4517 necessariis
2652 4467 2775 4517 meis
2807 4465 3095 4530 audivisset,
3126 4470 3339 4521 omnium

1776 4572 2145 4625 insolentissime
2162 4572 2377 4635 judicare
2396 4584 2545 4623 ausus
2567 4576 2640 4623 est
2662 4584 2719 4621 ea
2740 4584 2851 4635 quoe
2870 4571 2999 4623 dicta
3020 4576 3183 4624 essent
3198 4574 3341 4638 digna

1777 4671 1969 4736 quidem
1993 4682 2100 4720 esse
2116 4669 2437 4731 aemulatione,
2455 4681 2625 4719 verum
2642 4668 2799 4733 ipsum
2815 4668 2906 4719 boc
2924 4670 3131 4720 maxime
3144 4671 3337 4736 timere,

1778 4787 1840 4825 ne
1858 4774 1993 4823 multi
2018 4772 2258 4823 auditores
2276 4770 2596 4823 offendantur.
2631 4770 2759 4834 (142)
2782 4790 2807 4815 «ι
2823 4770 2955 4822 Adeo
2972 4770 3098 4822 enim
3112 4807 3128 4833 ,
3150 4771 3311 4835 inquit
3332 4811 3343 4835 ,

1779 4874 1995 4925 nonnulli
2018 4875 2197 4925 invidia
2219 4877 2271 4925 et
2300 4874 2457 4936 inopia
2487 4873 2672 4925 efferati
2702 4876 2817 4923 sunt
2839 4874 2887 4924 et
2908 4871 3106 4922 intensis
3138 4873 3310 4923 animis
3332 4910 3343 4937 ,

1781 4977 1837 5023 ut
1859 4987 1957 5023 non
1977 4972 2185 5036 delictis,
2208 4973 2291 5024 sed
2312 4972 2576 5025 benefactis
2600 4972 2878 5033 irascantur,
2902 4984 2990 5021 nec
3011 4970 3167 5021 solum
3188 4972 3344 5023 homi·

1782 5075 1927 5127 nibus
1942 5076 2290 5127 honestissimis
2302 5112 2319 5140 ,
2340 5075 2425 5127 sed
2439 5075 2583 5125 etiam
2600 5074 2795 5138 optimis
2812 5073 2984 5125 studiis
3002 5080 3341 5137 succenseant,

1781 5180 1830 5225 et
1863 5175 1925 5225 ad
1953 5180 2107 5227 cetera
2146 5176 2271 5225 mala
2296 5173 2681 5237 delinquentibus
2711 5173 2889 5225 auxilio
2922 5172 3021 5223 sint
3054 5173 3341 5237 veniamque

1784 5274 1995 5326 tribuant
2008 5290 2025 5339 ς
2040 5274 2219 5339 quibus
2231 5286 2346 5327 vero
2364 5270 2608 5325 invideant
2617 5306 2633 5337 ,
2653 5284 2738 5325 eos
2756 5272 2799 5324 si
2820 5271 3028 5337 possint,
3050 5270 3338 5327 interimant.
