3825 5842
561 488 670 540 264

558 610 642 669 λοὶ
669 608 772 681 ἤδη
791 610 893 667 τῶν
921 608 973 666 ἐν
999 611 1066 686 τῇ
1085 606 1332 688 ὖπερορία
1367 606 1796 679 ἀποθνησκόντων
1821 606 1941 669 οὐδὲ
1959 610 2111 690 γινώ-

560 720 764 764 σκοντες
793 695 950 763 ἐνίους
994 700 1086 767 τῆς
1129 695 1306 763 οὐσίας
1343 695 1779 776 ἠμφισὸήτησαν·
1819 698 1906 778 (22)
1966 702 2108 758 ἐνθυ·

562 790 778 864 μοῧνται
801 784 900 865 γὰρ
929 783 1004 843 ὅτι
1041 782 1401 863 κατορθώσασι
1427 786 1520 863 μὲν
1546 784 1614 844 τὰ
1655 784 1903 866 ἀλλότρια
1944 786 2103 867 ἔχειν,

561 875 904 952 διαμαρτοῧσι
935 870 989 930 δὲ
1019 871 1197 951 μικρὸς
1232 876 1260 930 ὁ
1299 870 1558 939 κίνδυνος·
1597 880 1873 954 μαρτυρεῖν
1912 874 1968 931 δὲ
2020 873 2111 933 καὶ

480 980 534 1021 aa
558 959 623 1020 τὰ
648 963 810 1040 ψευδῆ
857 982 988 1027 τινες
1027 962 1305 1033 ἐθέλουσιν,
1343 963 1388 1018 οἱ
1417 964 1462 1019 δ’
1486 961 1690 1041 ἔλεγχοι
1721 961 1842 1042 περὶ
1879 964 2108 1042 ἀφανῶν.

561 1048 836 1109 Συνελόντι
855 1046 986 1107 πολὺ
1023 1048 1082 1105 τὸ
1111 1048 1348 1129 διαφέρον
1387 1047 1523 1107 κατὰ
1559 1049 1702 1127 γένος
1741 1046 1775 1120 ἢ
1804 1047 1943 1108 κατὰ
1971 1048 2111 1109 δόσιν

561 1135 924 1217 ἀμφισὸητεῖν.
1011 1134 1147 1194 Ἀλλ’
1175 1138 1310 1212 ὑμᾶς
1331 1136 1460 1216 χρή,
1489 1126 1532 1195 ὦ
1558 1138 1766 1217 ἄνδρες,
1785 1141 1989 1216 πρῶτον
2015 1136 2109 1216 μὲν

559 1221 650 1289 τὰς
677 1222 923 1294 διαθήκας
950 1229 1181 1295 σκοπεῖν,
1211 1224 1258 1279 εἰ
1289 1223 1496 1281 δοκοῦσι
1531 1222 1797 1301 γενέσθαι·
1836 1229 1987 1283 τοῦτο
2008 1223 2109 1305 γὰρ

560 1308 614 1368 οῖ’
651 1334 707 1368 τε
733 1309 882 1384 νόμοι
907 1314 1154 1388 ἡγοῦνται
1191 1309 1278 1369 καὶ
1317 1309 1640 1369 δικαιότατόν
1676 1312 1808 1373 ἐστι.
1897 1312 1987 1390 (23)
2012 1312 2109 1383 Μὴ

561 1402 737 1477 σαφῶς
762 1398 817 1457 δὲ
847 1397 968 1474 μήτ’
993 1395 1177 1464 αὐτοὺς
1208 1396 1302 1468 τὴν
1329 1396 1574 1468 ἀλήθειαν
1597 1398 1794 1465 εἰδότας
1811 1444 1828 1477 ,
1853 1399 1987 1476 μήτε
2008 1402 2110 1457 τῶν

563 1484 841 1566 μαρτύρων
875 1490 964 1544 τοῦ
992 1484 1393 1557 τελευτήσαντος
1430 1484 1732 1557 ἐπιτηδείων
1755 1488 1933 1559 ὄντων,
1976 1484 2111 1545 ἀλλὰ

560 1572 829 1655 Χαριάδου
853 1579 942 1633 τοῦ
971 1573 1248 1652 τάλλότρια
1279 1572 1592 1652 βουλομένου
1629 1573 1828 1648 λαθεῖν,
1855 1574 1906 1633 τί
1936 1572 1997 1632 ἂν
2031 1573 2111 1646 εἴη

482 1673 535 1713 ⁴0
561 1660 876 1741 δικαιότερον
905 1660 938 1731 ἢ
967 1664 1072 1728 τοῖς
1093 1660 1359 1739 συγγενέσι
1389 1659 1457 1719 τὰ
1485 1666 1574 1720 τοῦ
1597 1666 1868 1740 συγγενοῦς
1893 1660 2113 1742 ψηφίζε-

563 1754 708 1823 σθαι,
733 1748 839 1809 Καὶ
862 1747 964 1828 γὰρ
991 1746 1040 1807 εἴ
1063 1772 1114 1807 τι
1142 1746 1247 1807 οἵδε
1277 1748 1486 1822 ἔπαθον,
1519 1749 1685 1809 οὗδενὶ
1710 1747 1772 1809 ἂν
1794 1748 1939 1831 ἄλλῳ
1966 1748 2113 1822 ἢΝι·

563 1835 833 1916 κοστράτῳ
861 1835 928 1893 τὰ
967 1834 1161 1895 τούτων
1184 1834 1411 1915 ἐγένετο·
1444 1836 1582 1895 κατὰ
1602 1835 1702 1919 γὰρ
1734 1836 1794 1896 τὸ
1822 1837 1949 1897 αὐτὸ
1973 1835 2114 1915 γένος

495 1920 503 1927 '
563 1924 624 1981 ἂν
653 1921 1006 2003 ἠμφισὸήτει,
1047 1924 1251 2002 ἀνεψιὸς
1298 1920 1370 1981 ὧν
1401 1924 1573 1992 αὐτοῖς
1608 1926 1668 1983 ἐκ
1691 1924 2108 2007 πατραδέλφων.

561 2008 652 2091 (24)
689 2010 784 2071 Μὰ
819 2010 900 2070 Δί’
929 2009 1044 2068 ἀλλ’
1085 2014 1178 2069 οὐκ
1221 2009 1360 2069 ἔστιν
1388 2013 1417 2068 ὁ
1446 2008 1646 2089 Ἅγνων
1673 2012 1781 2070 οὐδ’
1805 2014 1834 2069 ὁ
1856 2010 2115 2090 Ἁγνόθεος

563 2104 650 2157 τοῦ
703 2097 1062 2179 Νικοστράτου
1105 2102 1398 2177 συγγενεῖς,
1447 2102 1516 2166 ὡς
1557 2102 1604 2158 οἱ
1633 2098 1882 2159 ἀντίδικοί
1934 2122 2110 2180 φασιν,

565 2186 682 2244 ἀλλ’
711 2184 892 2265 ἕτεροι.
974 2180 1209 2244 Ἔπειτα
1229 2189 1305 2267 τῷ
1325 2183 1420 2262 μὲν
1434 2186 1571 2244 κατὰ
1585 2186 1680 2259 τὴν
1711 2185 1850 2245 δόσιν
1867 2191 1959 2245 τοῦ
1982 2186 2114 2259 κλή-

565 2295 654 2351 ρου
692 2271 909 2351 λαχόντι
939 2276 1308 2351 μαρτυροῦσιν,
1333 2271 1480 2329 αὐτοὶ
1508 2272 1562 2331 δὲ
1589 2272 1724 2333 κατὰ
1763 2272 1825 2332 τὸ
1851 2272 1995 2352 γε’νος
2022 2276 2116 2334 οὐκ

481 2366 548 2417 49
567 2358 1081 2441 ἀμφισὸητήσουσιν,
1110 2361 1190 2419 Οὗ
1227 2357 1327 2438 γὰρ
1352 2362 1424 2427 εἰς
1449 2358 1598 2419 τοῦτό
1629 2384 1688 2438 γε
1711 2358 1885 2427 ἀνοίας
1900 2360 2114 2433 ἥκουσιν

563 2446 702 2507 ὥστε
729 2446 1095 2513 πιστεύσαντες
1111 2454 1224 2513 ταῖς
1252 2446 1520 2517 διαθήκαις
1545 2446 1681 2506 οὕτω
1711 2450 1897 2530 ῥαδίως
1928 2448 2114 2508 τοσού-

562 2557 664 2593 των
683 2532 970 2614 χρημάτων
993 2533 1318 2615 ἀφίστανται.
1347 2602 1354 2609 ‚
1389 2534 1546 2593 Ἀλλὰ
1563 2534 1666 2611 μὴν
1693 2535 1784 2593 καὶ
1808 2535 1859 2604 ἐξ
1875 2527 1948 2595 ὧν
1967 2535 2114 2597 αὐτοὶ

562 2614 702 2680 οὗτοι
727 2619 968 2699 λέγουσι,
1008 2621 1192 2681 τούσδε
1223 2629 1327 2689 τοῖς
1359 2620 1654 2699 συγγενέσιν
1682 2624 1854 2691 αὐτοῖς
1879 2624 2113 2683 ἐπιδικά-

565 2714 756 2770 σασθαι
783 2707 1036 2789 συμφέρει
1061 2711 1164 2766 τῶν
1205 2708 1562 2788 Νικοστράτου
1591 2711 1788 2786 μᾶλλον
1827 2708 1862 2780 ἢ
1903 2709 2113 2790 Χαριά-

566 2800 682 2869 δην.
765 2796 864 2875 (2ο)
895 2799 985 2863 Εἷς
1003 2794 1105 2875 γὰρ
1131 2794 1220 2855 τὸν
1237 2794 1417 2855 λοιπὸν
1435 2795 1639 2877 χρόνον,
1659 2796 1817 2875 εἰμὲν
1845 2795 1953 2857 οἵδε
1979 2796 2115 2857 κατὰ

565 2882 786 2963 τὸγένος
822 2882 1268 2965 ἀμφισὸητοῦντες
1286 2882 1541 2964 λήψονται
1561 2883 1650 2943 τὸν
1677 2886 1889 2965 κλῆρον,
1913 2883 2115 2953 ἐξέσται

564 2972 656 3031 καὶ
678 2970 906 3049 τούτοις,
947 2968 1138 3030 ὁπόταν
1165 2971 1454 3051 βούλωνται
1469 3017 1486 3050 ,
1509 2971 1648 3031 κατὰ
1674 2971 1734 3029 τὸ
1766 2970 1907 3050 γένος
1929 2973 2116 3053 λαχοῦ-

563 3083 644 3119 σιν
675 3060 924 3127 ἐπιδεῖξαι
953 3060 1072 3136 ὑμῖν
1113 3062 1183 3125 ὡς
1208 3059 1354 3118 αὐτοὶ
1383 3058 1642 3139 ἐγγυτέρω
1668 3050 1804 3131 ἦσαν
1828 3065 1920 3118 τοῦ
1952 3063 2113 3121 Νικο-

565 3148 813 3229 στράτου,
838 3147 928 3207 καὶ
945 3152 1014 3214 ὡς
1043 3146 1278 3227 Σμίκρου
1300 3138 1364 3219 ἦν
1399 3146 1488 3206 καὶ
1517 3150 1575 3206 οὗ
1593 3147 1958 3227 Θρασυμάχου
1979 3171 1994 3186 ·
2026 3146 2114 3207 ἐὰν

565 3234 619 3293 δὲ
665 3234 938 3315 Χαριάδης
985 3235 1154 3292 αὐτῶν
1185 3232 1553 3313 κληρονομήσῃ
1575 3278 1592 3312 ,
1645 3236 1736 3294 οὐκ
1773 3232 1921 3292 ἔσται
1950 3234 2115 3294 οὐδενὶ

565 3330 800 3401 συγγενεῖ
823 3322 909 3379 ἐπὶ
935 3320 1002 3379 τὰ
1023 3321 1379 3401 Νικοστράτου
1407 3324 1590 3381 ἐλθεῖν.
1673 3319 1830 3383 Κατὰ
1857 3320 1999 3381 δόσιν
2014 3320 2117 3403 γὰρ

567 3408 773 3489 ἔχοντος
791 3415 879 3467 τοῦ
901 3407 1357 3484 ἐπιδεδικασμένου
1375 3452 1394 3487 ,
1424 3408 1476 3467 τί
1504 3414 1784 3489 φανοῦνται
1813 3408 2047 3487 λέγοντες
2069 3413 2116 3469 οἱ

565 3496 703 3554 κατὰ
725 3498 784 3553 τὸ
809 3494 951 3573 γένος
970 3497 1103 3573 λαγχ
1114 3494 1341 3567 άνοντες;

645 3604 715 3643 2ο.
757 3580 935 3662 Ὅπερ
963 3580 1024 3640 ἂν
1053 3605 1140 3641 ουν
1165 3582 1254 3641 καὶ
1277 3585 1422 3659 ὑμῶν
1445 3581 1660 3650 ἕκαστος
1689 3582 2119 3657 ἀξιώσειε,τοῢτο

493 3695 544 3735 ιο
566 3672 656 3733 καὶ
683 3670 908 3731 τουτοισὶ
933 3678 1041 3737 τοῖς
1059 3668 1341 3739 νεανίσκοις
1365 3670 1712 3750 βεὸαιώσατε.
1777 3671 2119 3751 Παρέσχοντο

493 4400 539 4437 iu

569 3760 614 3820 δ’
636 3764 755 3837 ὑμῖν
782 3758 1045 3839 μάρτυρας
1070 3760 1275 3838 πρῶτον
1304 3756 1399 3835 μὲν
1439 3760 1510 3826 ὥς
1537 3757 1738 3839 ἀνεψιοί
1774 3760 1901 3818 εἶσιν
1928 3762 1989 3817 ἐκ
2014 3781 2118 3817 πα-

566 3847 865 3930 τραδέλφων
913 3844 1302 3927 Νικοστράτου,
1351 3846 1528 3906 ἔπειτα
1575 3846 1630 3905 δὲ
1677 3850 1747 3915 ὥς
1790 3846 2118 3907 οὐδεπώποτε

567 3936 746 4017 ἐκείνῳ
772 3933 1004 4015 διάφοροι
1031 3926 1186 4008 ἦσαν,
1205 3932 1280 3993 ἔτι
1304 3932 1358 3993 δὲ
1387 3934 1475 3993 καὶ
1503 3938 1572 4001 ὡς
1599 3932 1795 4014 ἔθαψαν
1823 3933 2119 4015 Νικόστρα-

567 4048 672 4096 τον,
697 4021 823 4104 πρὸς
852 4022 905 4081 δὲ
930 4022 1128 4089 τούτοις
1152 4026 1222 4089 ὡς
1251 4022 1522 4101 Χαριάδης
1555 4019 1730 4082 οὑτοσὶ
1758 4023 1999 4100 οὐδαμῶς
2012 4020 2119 4080 οὔτ’

569 4110 748 4171 ἐνθάδε
773 4109 880 4169 οὔτ’
905 4110 994 4169 ἐπὶ
1027 4108 1379 4190 στρατεύματι
1423 4114 1613 4191 ἐχρῆτο
1641 4109 2015 4190 Νικοστράτῳ,
2044 4107 2119 4168 ἔτι

569 4199 621 4258 δὲ
670 4200 758 4258 καὶ
797 4200 891 4270 τὴν
935 4197 1226 4274 κοινωνίαν,
1266 4191 1304 4279 ᾖ
1345 4199 1557 4277 μάλισθ’
1593 4190 1738 4267 οἶτος
1769 4200 2119 4281 ἰσχυρίζεται,

574 4288 731 4367 ψευδῆ
759 4277 938 4345 οὖσαν.

649 4393 720 4433 27.
769 4372 878 4433 Καὶ
903 4373 1023 4432 ἄνευ
1043 4373 1256 4448 τούτων,
1273 4364 1316 4433 ὦ
1343 4374 1546 4455 ἄνδρες,
1579 4375 1718 4445 ἄξιον
1741 4378 1862 4454 ὑμῖν
1883 4374 2120 4444 ἐξετάσαι

571 4458 840 4539 ἑκατέρους
863 4462 1028 4517 αὖτῶν
1055 4450 1150 4519 οἷοί
1165 4463 1282 4522 εἷσι.
1313 4461 1625 4541 Θράσιππος
1640 4463 1734 4541 μὲν
1753 4462 1853 4543 γὰρ
1874 4466 1902 4521 ὁ
1925 4463 2120 4541 Ἄγνω-

569 4571 651 4614 νος
695 4546 785 4605 καὶ
843 4546 1110 4626 Ἀγνοθέου
1155 4547 1332 4628 πατὴρ
1371 4550 1472 4622 ἤδη
1509 4574 1559 4609 τι
1599 4550 1690 4609 καὶ
1734 4551 2120 4631 ἕλειτούργησεν

571 4638 693 4711 ὑμῖν
721 4632 811 4692 καὶ
849 4634 1145 4712 εἰσήνεγκε,
1172 4636 1263 4694 καὶ
1292 4636 1462 4703 ἄλλως
1490 4639 1765 4704 σπουδαῖος
1797 4630 1861 4709 ἧν
1879 4638 2119 4713 πολίτης·

571 4720 716 4781 αὐτοὶ
742 4719 796 4778 δὲ
831 4712 970 4779 οὗτοι
1005 4720 1122 4781 οὔτε
1158 4722 1616 4800 ἀποδεδημήκασιν
1649 4726 1850 4803 οὐδαμῇ
1874 4724 2117 4799 πώποτε,

569 4808 689 4868 ὅποι
726 4806 788 4866 ἃν
819 4808 892 4885 μὴ
938 4810 1086 4886 ὑμεῖς
1125 4809 1482 4889 προστάξητε,
1529 4808 1636 4869 οὔτ’
1667 4810 1845 4870 ἐνθάδε
1885 4810 2119 4890 μένοντες

572 4896 830 4977 ἄχρηστοί
877 4899 976 4955 εἶσι
1019 4902 1085 4974 τῇ
1123 4894 1302 4971 πόλει,
1340 4896 1475 4957 ἀλλὰ
1523 4898 1612 4957 καὶ
1640 4899 2004 4980 στρατεύονται
2028 4901 2118 4961 καὶ

569 4982 862 5065 εἰσφέρουσι
891 4984 980 5042 καὶ
998 4974 1167 5043 τᾶλλα
1190 4984 1362 5044 πάντα
1383 4991 1585 5045 ποιοῦσι
1604 4985 1670 5045 τὰ
1689 4987 2115 5066 προσταττόμενα

571 5072 660 5133 καὶ
705 5068 888 5139 αὖτοὺς
936 5076 1034 5149 (ὡς
1059 5072 1247 5139 πάντες
1275 5072 1452 5153 ἴσασι)
1497 5075 1743 5154 κοσμίους
1779 5076 2116 5159 παρέχουσιν,

571 5163 662 5241 (28)
703 5159 836 5219 ὥστε
876 5160 1010 5220 πολὺ
1048 5162 1248 5239 μᾶλλον
1275 5160 1483 5230 τούτους
1525 5162 1777 5245 προσήκει
1812 5162 1950 5224 κατὰ
1977 5164 2114 5224 δόσιν

571 5253 672 5308 τῶν
705 5248 995 5329 χρημάτων
1027 5253 1128 5310 τῶν
1161 5251 1517 5333 Νικοστράτου
1544 5250 1579 5325 ἣ
1607 5251 1882 5333 Χαριάδην
1918 5254 2113 5335 ἀμφισ-

1288 474 1544 537 ΙΣΑΙΟΥ
1587 478 1638 536 Ο
1679 478 1860 539 ΠΕΡΙ
1899 479 2055 541 ΤΟΥ
2095 480 2639 544 ΝΙΚΟΣΤΡΑΤΟΥ
2679 482 3001 544 nuper.

3484 489 3663 569 (ιο-υ)

2196 620 2334 669 extra
2350 618 2581 671 ditionem
2600 620 2809 671 Atticam
2826 620 3039 673 deuincti
3055 622 3192 686 sunt,
3212 623 3489 687 petiverunt,
3506 632 3673 690 quamvis

2196 709 2279 747 eos
2296 697 2536 748 interdum
2554 711 2615 749 ne
2631 701 2825 750 nossent
2842 700 3054 763 quidem.
3116 702 3213 765 (22)
3234 703 3443 766 cogitant
3456 704 3565 754 enim
3582 721 3635 767 se,
3648 712 3674 755 si

2198 773 2319 824 bene
2332 788 2407 825 res
2419 776 2629 840 cesserit,
2644 776 2773 828 bona
2784 778 2938 827 aliena
2952 778 3199 829 habituros
3210 792 3327 840 esse,
3340 780 3407 829 sin
3424 782 3575 841 minus,
3583 785 3675 831 haud
3731 815 3732 847 γ

2197 863 2427 914 magnum
2440 853 2571 903 adire
2582 854 2851 917 periculum
2866 876 2877 904 ε
2894 868 2997 905 esse
3010 869 3203 919 quoque
3214 859 3295 920 qui
3312 857 3501 920 linguam
3512 862 3676 911 venalem
3731 848 3732 877 ³

2197 928 2259 978 ad
2276 930 2389 979 salsa
2410 932 2679 981 testimonia
2698 932 2953 983 dicendum
2972 934 3207 994 offerant;
3223 936 3435 985 examina
3450 938 3679 987 instituenda

2198 1006 2249 1056 in
2258 1006 2401 1057 rebus
2414 1008 2629 1059 obscuris
2644 1012 2840 1060 versari.
2860 1010 3023 1060 Brevis
3036 1013 3090 1060 ut
3107 1012 3215 1073 sim,
3232 1013 3503 1073 permultum
3520 1014 3679 1073 interest,

2198 1085 2301 1135 sive
2312 1099 2375 1136 ex
2397 1088 2679 1151 cognatione
2696 1092 2795 1139 sive
2814 1103 2877 1139 ex
2896 1092 3185 1141 testamento
3208 1091 3478 1143 hereditatis
3494 1096 3681 1156 petantur.

2198 1166 2297 1213 Vos
2310 1167 2489 1227 autem,
2508 1165 2711 1229 judices,
2726 1167 2935 1230 primum
2950 1168 3043 1217 hoc
3060 1170 3250 1231 oportet
3262 1182 3481 1232 quaerere,
3494 1171 3595 1219 sitne
3608 1184 3682 1232 pro·
3733 1162 3734 1229 1

2198 1240 2357 1293 babile
2374 1244 2713 1294 testamentum
2726 1246 2960 1309 scriptum
2978 1258 3081 1297 esse
3096 1266 3109 1295 ι
3130 1246 3177 1295 id
3191 1246 3319 1296 enim
3332 1248 3449 1309 leges
3460 1248 3639 1307 suadent,
3652 1254 3685 1297 ει
3733 1230 3734 1263 ¹

2200 1322 2273 1369 cst
2284 1321 2628 1383 oequissimum.
2650 1322 2750 1387 (23)
2768 1328 2823 1375 ln
2840 1324 3075 1386 eiusmodi
3094 1326 3258 1375 autem
3272 1338 3426 1388 causa,
3444 1326 3563 1386 cilius
3574 1340 3686 1388 neque

2198 1412 2285 1448 vos
2298 1400 2547 1451 veritatem
2562 1404 2808 1466 perspicue
2816 1405 3039 1465 cernatis,
3048 1417 3207 1468 neque
3216 1406 3457 1456 testessint
3463 1406 3637 1455 defuncti
3646 1408 3689 1453 ia

2201 1478 2423 1542 miliares,
2441 1480 2525 1531 sed
2540 1481 2817 1546 Chariadea,
2830 1484 2979 1533 homo
2991 1483 3130 1534 bonis
3139 1485 3305 1535 alienis
3322 1484 3547 1546 insidians,
3563 1484 3687 1547 mquid

2195 1554 2371 1615 iustius
2381 1557 2443 1607 sit
2460 1571 2605 1621 quam
2624 1563 2681 1610 ut
2693 1562 2905 1623 cognatis
2918 1560 3047 1611 bona
3057 1563 3247 1625 cognati
3260 1562 3591 1625 adjudicentur?
3604 1566 3688 1611 liam

2200 1636 2251 1685 et
2275 1635 2350 1685 his
2370 1637 2410 1687 si
2432 1639 2589 1688 fatalis
2604 1640 2724 1689 liora
2744 1640 2909 1691 ruisset
2930 1641 3181 1704 obeunda,
3202 1641 3329 1692 bona
3345 1655 3505 1693 eorum
3526 1642 3581 1691 ad
3594 1642 3689 1691 'Nim-

2200 1714 2405 1763 stratum
2427 1715 2623 1767 fuissent
2636 1720 2953 1781 perventura:
2974 1732 3088 1769 nam
3102 1719 3182 1769 hic
3204 1732 3264 1770 ex
3286 1720 3449 1771 eodem
3466 1720 3692 1783 cognationis

2201 1789 2344 1840 titulo
2371 1791 2498 1841 bona
2524 1794 2715 1844 illorum
2742 1796 2963 1859 petisset,
3008 1796 3185 1860 quippe
3216 1798 3302 1861 qui
3336 1797 3614 1848 consobrinus
3632 1795 3693 1844 illis

2200 1872 2349 1930 essen
2398 1872 2533 1933 pater
2581 1872 2709 1922 enim
2757 1874 3013 1925 Nicostrati
3056 1874 3233 1924 norum
3286 1875 3407 1939 patri
3454 1876 3579 1925 frater
3618 1874 3691 1923 ruit„

2202 1946 2299 2010 (24)
2316 1949 2461 2013 Atqui
2471 1987 2488 2013 ‚
2505 1950 2691 2003 medius
2707 1952 2866 2015 fidius,
2883 1956 3083 2017 {lagnon
3096 1956 3248 2017 atque
3261 1956 3549 2017 Bagnotheus
3558 1956 3694 2015 cognati
3737 1972 3738 1987 1

2200 2026 2456 2077 Nicostrati
2472 2041 2569 2078 non
2586 2032 2718 2094 sunt,
2740 2034 2793 2081 ut
2811 2033 2957 2082 testes
2978 2032 3235 2083 Chariadis
3249 2032 3401 2093 aiunt,
3418 2032 3495 2083 sed
3508 2032 3577 2081 alii
3594 2032 3693 2095 (ipsi).

2204 2108 2304 2155 cur
2323 2120 2433 2169 ergo
2458 2108 2682 2159 Chariadi
2718 2111 2915 2174 quidem
2942 2126 3005 2163 ex
3032 2114 3329 2163 testamento
3352 2113 3693 2173 hereditatempr-

2200 2186 2322 2237 tenti
2337 2200 2531 2251 operam
2554 2190 2782 2253 praestant
2793 2191 3069 2241 testimonio
3087 2192 3312 2256 dicendo,
3332 2195 3417 2257 ipsi
3435 2206 3537 2243 vero
3553 2207 3603 2243 ex
3616 2206 3695 2241 mn·
3738 2211 3740 2298 γ

2200 2273 2517 2335 sanguinitate
2538 2288 2625 2338 pro
2642 2289 2693 2326 se
2708 2276 3023 2327 hereditatem
3043 2276 3247 2328 eandem
3266 2282 3426 2342 petere
3438 2292 3527 2327 non
3542 2278 3696 2326 audent?
3739 2300 3740 2321 1

2200 2354 2309 2403 Non
2334 2356 2464 2406 enim
2480 2358 2697 2420 protecto
2714 2371 2773 2409 eo
2800 2360 3019 2410 stultitiae
3039 2363 3377 2423 processerunt
3397 2362 3451 2409 ut
3474 2360 3697 2409 testamento

2202 2439 2277 2487 isti
2308 2438 2511 2490 fidentes
2540 2442 2640 2491 tam
2679 2441 2821 2493 facile
2858 2441 2921 2492 de
2944 2442 3092 2493 tantis
3121 2441 3266 2493 bonis
3300 2441 3535 2493 decedant.
3588 2438 3699 2500 Quid?

2202 2522 2333 2586 quod
2356 2535 2419 2572 ex
2439 2523 2552 2587 ipsis
2568 2525 2627 2575 iis
2643 2538 2753 2588 quae
2776 2524 2825 2575 hi
2838 2526 3094 2576 adversarii
3108 2528 3267 2577 nostri
3284 2527 3501 2577 dictitant
3516 2524 3699 2584 elucescit,

2202 2606 2313 2668 ipsis
2342 2608 2555 2670 cognatis
2584 2608 2735 2671 magis
2764 2608 2990 2672 expedire
3023 2611 3079 2659 ut
3110 2610 3314 2671 linguon
3348 2612 3399 2660 et
3423 2607 3698 2671 Hagnouieus,

2202 2701 2350 2750 quam
2377 2692 2435 2739 ut
2460 2690 2717 2741 Chariades
2748 2690 3063 2741 hereditatem
3090 2692 3351 2743 Nicostrati
3374 2692 3425 2742 in
3448 2692 3547 2753 iure
3568 2691 3700 2753 petant

2205 2773 2303 2834 (25)
2320 2776 2442 2824 Nam
2458 2775 2498 2824 si
2512 2776 2727 2839 Hagnoni
2739 2776 2789 2826 et
2802 2776 3081 2838 Hagnotheo
3093 2775 3339 2827 hereditas
3350 2788 3412 2827 ex
3420 2774 3546 2825 titulo
3559 2784 3703 2822 consan-

2202 2856 2448 2917 guinitatis
2463 2870 2595 2908 nunc
2620 2858 2940 2922 adiudicatur.
2959 2858 3121 2909 licebit
3140 2860 3310 2909 tamen
3342 2859 3482 2909 etiam
3513 2854 3704 2908 chariadis

2202 2942 2450 2993 advocatis
2478 2944 2817 3007 imposterum,
2840 2944 2925 2994 ubi
2944 2944 3134 3005 volent,
3168 2945 3375 2994 eandem
3406 2958 3463 2993 ex
3491 2942 3629 2992 eodem
3646 2952 3703 2987 co-

2202 3026 2437 3089 gnationis
2459 3026 2603 3075 titulo
2630 3027 2817 3089 petere,
2842 3028 2989 3089 atque
3016 3026 3213 3089 planum
3246 3028 3354 3076 tum
3376 3026 3522 3075 facere
3544 3038 3587 3073 se
3608 3024 3705 3073 Nim-
3742 3032 3744 3061 ι

2203 3110 2354 3159 strato
2397 3110 2758 3173 propinquiores
2792 3122 2921 3172 esse,
2958 3110 3007 3159 et
3040 3108 3369 3158 Nicostratum
3400 3106 3556 3157 Smicri
3594 3104 3705 3153 filiun

2205 3189 2383 3251 fuisse,
2408 3202 2503 3239 non
2534 3188 2873 3251 'thrasymachi
2902 3207 2916 3237 ε
2950 3188 3023 3237 sin
3049 3188 3312 3238 Chariades
3346 3186 3627 3237 hereditatem
3650 3180 3705 3231 xi·

2205 3274 2399 3323 castrati
2423 3273 2731 3337 adipiscatur,
2755 3286 2851 3323 non
2879 3273 3042 3323 licebit
3062 3274 3151 3323 ulli
3170 3286 3235 3323 ex
3254 3271 3593 3335 consanguineis
3614 3268 3707 3317 illam

2206 3356 2383 3414 petere.
2449 3352 2540 3402 Ubi
2559 3352 2686 3403 enim
2722 3350 3033 3402 hereditatem
3054 3352 3241 3402 tenebit
3272 3351 3339 3412 is,
3364 3351 3445 3415 qni
3476 3348 3642 3411 petitam
3666 3358 3706 3395 ει

2204 3430 2348 3481 titulo
2370 3430 2636 3482 donationis
2666 3430 2943 3493 abstulerit,
2976 3430 3152 3493 ecquid
3169 3431 3377 3481 afferent
3406 3429 3481 3491 hi,
3510 3429 3545 3478 si
3575 3426 3643 3489 qui
3666 3438 3707 3473 ex

2205 3515 2345 3565 titulo
2364 3515 2654 3578 cognationis
2675 3516 2871 3578 petant?

2270 3600 2345 3643 26.
2365 3592 2509 3651 Quod
2520 3591 2664 3655 igitur
2682 3592 3013 3655 unusquisque
3024 3592 3242 3641 vestrum
3259 3591 3448 3655 ipsimet
3464 3590 3543 3640 sibi
3554 3598 3707 3651 {equum

2207 3684 2309 3720 esse
2338 3671 2605 3733 censuerit,
2640 3669 2765 3733 idem
2798 3669 2873 3719 his
2892 3682 3091 3731 quoque
3111 3668 3491 3720 adolescentibus
3504 3670 3642 3717 ratum
3656 3666 3707 3713 ia-

2208 3752 2329 3814 cite;
2355 3753 2439 3815 qui
2470 3754 2617 3804 testes
2644 3752 2975 3804 exhibuerunt
3008 3750 3377 3814 confirmantes,
3410 3750 3597 3814 primum
3622 3746 3710 3799 hot,

2208 3845 2291 3881 eos
2324 3832 2584 3883 Nicostrati
2617 3832 2925 3883 consobrinos
2974 3831 3216 3895 patrueles
3258 3844 3387 3891 esse,
3419 3832 3518 3879 tum
3550 3827 3711 3875 alterum

2206 3909 2355 3971 istud,
2370 3911 2526 3960 nullas
2544 3923 2759 3973 unquam
2776 3910 2834 3960 iis
2850 3924 2963 3960 cum
2980 3909 3251 3959 Nicostrato
3266 3908 3524 3958 simultates
3538 3904 3711 3952 interres-

2206 3990 2349 4051 sisse,
2377 3989 2573 4039 tertium
2594 3989 2799 4051 denique
2820 3987 2935 4037 illud
2951 4025 2964 4050 ,
2985 3986 3228 4049 sepultum
3248 3986 3313 4035 ab
3336 3985 3392 4035 iis
3416 3997 3510 4035 m
3526 3982 3713 4033 Nicostra-

2208 4070 2342 4130 tum,
2379 4069 2606 4129 quartum
2639 4065 2833 4115 tandem
2848 4101 2865 4127 ,
2902 4060 3184 4115 Chariadem
3222 4064 3489 4113 Nicostrato
3520 4068 3711 4119 nusquam

2210 4146 2421 4196 locorum
2444 4156 2601 4207 neque
2618 4145 2697 4193 hle
2713 4144 2763 4193 in
2785 4142 2903 4193 urbe
2922 4155 3082 4204 neque
3098 4142 3147 4191 in
3168 4142 3339 4191 castris
3366 4152 3500 4189 usum
3518 4138 3645 4187 ruisse
3660 4134 3707 4181 ta·

2208 4224 2473 4286 miliariter,
2498 4222 2721 4286 quintum
2740 4222 2981 4283 postremo
2993 4256 3008 4280 ‚
3028 4220 3419 4269 communionem
3440 4229 3531 4282 qua
3550 4212 3709 4265 Charia-

2208 4310 2294 4361 des
2310 4310 2389 4359 hic
2406 4308 2617 4359 maxime
2638 4306 2743 4356 fidit
2766 4306 3043 4357 ementitam
3068 4316 3189 4353 esse.

2272 4392 2346 4439 27.
2368 4389 2431 4437 Ει
2443 4387 2689 4450 praeterea,
2706 4383 2906 4446 iudices,
2924 4394 3122 4444 requam
3138 4380 3228 4442 est,
3245 4392 3335 4429 voa
3346 4388 3499 4427 mores
3510 4375 3711 4432 utriusque

2210 4468 2355 4531 partis
2370 4468 2495 4518 inter
2512 4481 2563 4518 se
2580 4480 2876 4531 comparare.
2925 4465 3215 4528 Thrasippus
3242 4462 3371 4515 enim
3384 4500 3398 4527 ,
3418 4464 3545 4525 pater
3560 4462 3709 4543 flagntf-

2208 4553 2282 4603 nis
2294 4556 2344 4603 ct
2361 4552 2625 4615 Hagnothei
2636 4589 2651 4615 ,
2667 4554 2717 4603 et
2730 4550 2905 4601 muniis
2920 4562 3007 4613 pro
3026 4548 3163 4598 vobis
3177 4548 3375 4597 [unctus
3390 4547 3463 4596 est
3472 4542 3711 4603 sumptuosis

2209 4642 2257 4691 et
2279 4641 2447 4691 aerario
2470 4640 2699 4695 contulit,
2728 4642 2779 4689 et
2802 4640 2975 4687 caetera
3010 4648 3204 4700 quoque
3226 4634 3346 4685 civis
3366 4632 3483 4694 frugi
3507 4630 3589 4680 mit
3610 4646 3620 4675 :
3644 4620 3709 4685 il¹⁵i

2208 4729 2372 4778 autem
2399 4726 2504 4790 ejus
2528 4726 2615 4775 lilii
2631 4737 2788 4789 neque
2814 4736 3019 4786 usquam
3036 4724 3257 4773 locorum
3270 4758 3285 4784 ,
3319 4734 3420 4786 quo
3440 4731 3531 4770 non
3546 4713 3676 4765 essunt
3690 4720 3711 4755 ι

2207 4815 2347 4865 vobis
2365 4814 2565 4878 ireJ'ussi
2579 4851 2594 4877 ,
2618 4813 2819 4876 profecti
2840 4814 2979 4875 suut,
3002 4824 3161 4875 neque
3180 4810 3231 4860 in
3258 4811 3381 4860 urbe
3410 4800 3713 4859 commutauits

2207 4904 2398 4954 inutiles
2415 4904 2531 4967 reip.
2554 4903 2777 4964 suerunt,
2797 4900 2882 4951 sed
2904 4900 3075 4950 militia
3092 4900 3357 4963 iunguntur
3382 4899 3433 4947 et
3456 4895 3515 4944 de
3530 4904 3607 4942 sno
3620 4898 3713 4935 oon·

2206 4994 2365 5043 ferunt
2382 4992 2444 5043 ad
2461 4991 2703 5053 aerarium,
2723 4992 2773 5041 et
2794 4989 2979 5053 reliqua
2996 4988 3159 5039 omnia
3178 4988 3413 5051 imperata
3429 4978 3715 5043 exsequunffl

2204 5084 2255 5133 et
2272 5082 2505 5146 pudentes
2525 5080 2795 5144 probosque
2813 5090 2865 5129 se
2883 5076 2972 5141 (de
2990 5091 3091 5141 quo
3108 5077 3231 5128 inter
3256 5089 3345 5125 vos
3364 5084 3523 5123 omnes
3540 5058 3714 5120 constat)

2204 5172 2444 5235 praebent3
2468 5168 2567 5233 (28)
2596 5167 2821 5231 quocirca
2854 5166 3009 5216 multo
3032 5164 3176 5216 etiam
3214 5162 3449 5226 digniores
3474 5158 3563 5208 sint
3592 5160 3714 5243 quai}¹

2202 5258 2460 5311 chariades
2483 5258 2571 5322 qui
2596 5256 2911 5309 hereditatem
2937 5252 3192 5308 Nicostrati
3223 5264 3287 5305 ex
3312 5248 3455 5302 titulo
3480 5237 3713 5295 donatio&
