3825 5842
541 454 616 505 80
981 433 1414 497 ΑΝΔΟΚΙΔΟΥ
1456 434 1507 492 O
1550 432 1734 494 ΠΕΡΙ
1773 432 1928 493 ΤΗΣ
1972 430 2181 492 ΠΡΟΣ
2220 430 2909 503 ΛΑΚΕΔΑῙΜΟΝΙΟΥΣ
2954 429 3309 491 ΕΙΡΗΝΗΣ.

2152 586 2159 593 ·
2186 587 2355 638 paoem
2370 572 2643 638 reipublicae
2658 571 2803 623 saluti
2823 584 2925 623 esse
2936 570 3159 635 viresque
3174 568 3351 620 addere
3361 604 3376 630 ,
3402 568 3595 625 benum
3612 580 3749 621 ever·

535 579 612 657 τῷ
642 572 796 654 δήμῳ
817 569 908 630 καὶ
923 568 1158 649 δύναμιν,
1179 566 1270 627 τὸν
1292 565 1348 627 δὲ
1365 565 1594 642 πόλεμον
1610 563 1780 642 δήμου
1804 564 2089 625 κατάλυσιν

536 662 790 743 γίνεσθαι.
873 658 1008 739 Περὶ
1039 656 1133 736 μὲν
1151 647 1238 717 οὗν
1263 652 1457 715 τούτων
1479 659 1646 713 ταῦτα
1670 652 1831 732 λε’γω.

619 771 690 811 13.
735 746 887 811 Φασὶ
915 745 970 805 δέ
997 768 1130 811 τινες
1159 742 1455 821 ἀναγκαίως
1477 747 1567 801 νῦν
1596 743 1724 821 ἡμῖν
1767 742 1906 821 ἔχειν
1936 744 2092 803 πολε-

461 855 512 896 Ιο
540 838 681 916 μεῖν·
706 833 1020 917 σκεψώμεθα
1044 823 1132 893 οὗν
1157 856 1196 891 π
1229 835 1381 905 ῶτον,
1411 830 1592 911 ἄνδρες
1621 830 1913 904 Ἀθηναῖοι,
1943 829 2029 889 διὰ
2044 831 2095 889 τί

537 926 626 986 καὶ
649 922 1056 1003 πολεμήσωμεν.
1142 923 1192 982 Ο
1218 943 1314 999 μαι
1348 917 1450 999 γὰρ
1475 916 1538 976 ἂν
1565 916 1766 985 πάντας
1801 916 2098 999 ἀνθρώπους

537 1018 860 1094 ὁμολογῆσαι
882 1012 966 1071 διὰ
996 1010 1120 1070 τάδε
1164 1011 1271 1068 δεῖν
1300 1008 1565 1085 πολεμεῖν,
1606 1004 1641 1078 ἢ
1669 1005 2031 1084 ἀδικουμένους
2059 1005 2095 1080 ἢ

541 1108 854 1185 βοηθοῦντας
877 1098 1226 1177 ἠδικημένοις.
1308 1098 1494 1174 Ἡμεῖς
1523 1094 1694 1155 τοίνυν
1727 1093 1874 1155 αὐτοί
1895 1118 1953 1153 τε
1979 1097 2095 1167 ἠδι-

540 1191 769 1271 κούμεθα
815 1188 1059 1256 Βοιωτοῖς
1092 1212 1152 1247 τε
1192 1182 1548 1263 ἀδικουμένοις
1597 1182 1939 1262 ἐὸοηθοῢμεν.
2030 1185 2097 1245 Εἰ

539 1281 706 1342 τοίνυν
729 1284 859 1359 ἡμῖν
889 1278 946 1337 τί
969 1280 1078 1337 ἐστι
1098 1280 1250 1335 τοῦτο
1266 1272 1411 1355 παρὰ
1439 1270 1885 1349 Λακεδαιμονίων,
1910 1269 1972 1329 τδ
1990 1294 2096 1349 μη-

538 1371 648 1431 κέτι
681 1370 1003 1440 ἀδικεῖσθαι,
1026 1369 1270 1431 Βοιωτοῖς
1290 1386 1346 1420 τε
1367 1360 1600 1420 δέδοκται
1619 1363 1877 1419 ποιεῖσθαι
1904 1359 1999 1432 τὴν
2020 1362 2095 1419 εἰ·
2165 1396 2173 1405 ·

462 1479 512 1519 ιε
538 1459 696 1543 ρήνην
711 1443 923 1540 1ιιίιρεῗσιν
939 1451 1256 1535 Ὀρχομενὸν
1285 1448 1589 1527 αὐτόνομον,
1613 1447 1746 1515 τίνος
1775 1446 1928 1507 ἕνεκα
1951 1448 2098 1506 πολε-

538 1547 824 1628 μήσωμεν;
848 1546 942 1628 (ιι)
956 1544 1045 1601 ἵνα
1071 1545 1106 1614 ἡ
1127 1540 1275 1607 πόλις
1294 1542 1419 1616 ἡμῖν
1437 1534 1677 1618 ἐλευθέρα
1703 1526 1739 1616 ᾖ
1749 1559 1764 1608 ;
1785 1534 1922 1593 ἀλλὰ
1941 1532 2097 1593 τοῦτό

535 1660 597 1716 γε
629 1638 764 1716 αὖτῇ
805 1634 1048 1715 ὑπάρχει.
1131 1630 1275 1689 Ἀλλ’
1311 1626 1449 1693 ὅπως
1489 1628 1618 1703 ἡμῖν
1662 1623 1814 1705 τείχη
1844 1622 2096 1703 γένηται;

538 1724 651 1783 ἔστι
668 1721 760 1783 καὶ
779 1726 946 1781 ταῦτα
969 1723 1028 1779 ἐκ
1048 1722 1141 1789 τῆς
1168 1715 1390 1798 εἰρήνης.
1475 1711 1617 1773 Ἀλλ’
1643 1710 1730 1771 ἵνα
1759 1709 1985 1793 τριήρεις
2005 1708 2093 1791 ἐξῇ

538 1811 916 1889 ναυπηγεῖσθαι
957 1807 1048 1868 καὶ
1073 1805 1165 1872 τὰς
1203 1802 1360 1870 οὔσας
1391 1798 1744 1869 ἐπισκευάζειν
1771 1797 1872 1877 ,καὶ
1899 1802 2097 1870 κεκτῆ-

543 1906 690 1973 σθαι;
717 1898 974 1959 καὶτοῦτο
997 1894 1256 1976 ὗπάρχει·
1281 1891 1376 1959 τὰς
1393 1889 1496 1971 γὰρ
1508 1889 1686 1955 πόλεις
1709 1886 2024 1965 αὗτονόμους
2042 1888 2097 1945 αἱ

543 1992 795 2062 συνθῆκαι
821 1991 1078 2046 ποιοῦσιν.
1163 1982 1303 2041 Ἀλλ’
1335 1976 1476 2045 ὅπως
1511 1975 1605 2044 τὰς
1631 1974 1819 2047 νήσους
1859 1972 2097 2052 κομισώ-

549 2083 716 2158 μεθα,
741 2080 954 2155 Λῆμνον
978 2071 1070 2134 καὶ
1099 2073 1301 2151 Σκῦρον
1340 2067 1430 2129 καὶ
1451 2064 1702 2147 Ἴμὸρον;
1733 2067 1914 2124 οὐκοῦν
1951 2064 2097 2144 διαρ-

463 2184 519 2225 2⁰
545 2166 705 2250 ρήδην
715 2164 1008 2247 γέγραπται
1015 2158 1209 2225 ταύτας
1220 2155 1501 2230 Ἀθηναίων
1514 2144 1661 2214 εἶναι.
1681 2153 1766 2235 (ιο)
1781 2150 1947 2233 Φέρε,
1961 2150 2097 2211 ἀλλὰ

538 2253 864 2336 Χερρόνησον
884 2248 1082 2316 καὶτὰς
1102 2244 1340 2312 ἀποικίας
1373 2241 1464 2315 καὶ
1482 2241 1549 2301 τὰ
1587 2239 1894 2320 ἐγκτήματα
1918 2239 2009 2298 καὶ
2029 2237 2097 2297 τὰ

538 2342 670 2425 χρέα
705 2340 792 2401 ἵνα
812 2337 1194 2415 ἀπολάὸωμεν;
1224 2334 1338 2391 ἀλλ’
1363 2329 1478 2389 οὔτε
1501 2327 1742 2409 βασιλεὺς
1764 2326 1882 2387 οὔτε
1905 2330 1952 2386 οἳ
1972 2324 2099 2405 σύμ·

541 2410 706 2512 μαχοι
723 2431 1074 2511 συγχωροῗέσιν
1103 2426 1249 2502 ἡμῖν,
1272 2418 1382 2498 μεθ’
1411 2409 1482 2477 ῶν
1495 2416 1627 2477 αὐτὰ
1651 2418 1728 2475 δεῖ
1744 2417 2099 2493 πολεμοῦντας

539 2517 851 2595 κτήσασθαι.
865 2512 1094 2595 Ἀλλὰνὴ
1111 2510 1210 2572 Δία
1221 2509 1317 2576 ἕως
1332 2506 1395 2567 ἂν
1408 2503 1849 2583 Λακεδαιμονίους
1863 2526 2095 2563 καταπο-

541 2603 855 2685 λεμήσωμεν
879 2604 971 2666 καὶ
1017 2600 1132 2670 τοὺς
1173 2596 1485 2677 συμμάχους
1520 2596 1708 2668 αὐτῶν,
1731 2592 1888 2672 μέχρι
1914 2590 2096 2651 τούτου

542 2690 618 2747 δεῖ
654 2696 936 2773 πολεμεῖν;
965 2690 1080 2749 ἀλλ’
1108 2687 1167 2748 οὔ
1195 2710 1284 2767 μοι
1321 2687 1460 2744 δοκεῖ
1487 2680 1624 2742 οὕτω
1654 2679 2095 2763 παρεσκευάσθαι.

457 2802 512 2842 αι
540 2783 670 2845 Ἐὰν
695 2782 751 2843 δὲ
763 2783 866 2866 ἄρα
879 2776 1326 2863 κατεργασώμεθα
1345 2818 1363 2852 ,
1405 2772 1456 2831 τί
1483 2794 1610 2831 ποτε
1647 2770 1794 2829 αὐτοὶ
1827 2768 2098 2829 πείσεσθαι

535 2873 788 2949 δοκοῦμεν
809 2869 913 2930 ὑπὸ
928 2872 1031 2928 τῶν
1050 2864 1350 2949 βαρὸάρων,
1363 2862 1487 2922 ὅταν
1497 2866 1667 2920 ταῦτα
1685 2857 1988 2940 πράξωμεν,
2008 2859 2097 2937 (ιο)

539 2963 611 3023 Εἰ
632 2960 799 3021 τοίνυν
826 2958 947 3040 περὶ
973 2955 1154 3016 τούτου
1179 2952 1272 3032 μὲν
1300 2951 1404 3011 ἔδει
1435 2950 1704 3027 πολεμεῖν,
1745 2947 1999 3029 χρήματα
2042 2946 2096 3005 δὲ

541 3054 772 3132 ὑπῆρχεν
798 3051 926 3124 ἡμῖν
951 3043 1136 3119 ἱκανά,
1173 3044 1280 3110 τοῖς
1307 3038 1363 3100 δὲ
1404 3037 1643 3117 σώμασιν
1685 3028 1818 3114 ἦμεν
1856 3035 2095 3110 δυνατοί,

540 3138 658 3198 οὐδὲ
678 3137 840 3205 οὕτως
871 3136 975 3196 ἔδει
997 3134 1264 3210 πολεμεῖν.
1348 3130 1417 3190 Εἰ
1455 3124 1510 3185 δὲ
1549 3124 1682 3204 μήτε
1727 3124 1793 3183 δι’
1829 3124 1862 3182 ὅ
1883 3147 1935 3183 τι
1964 3124 2097 3202 μήτε

540 3225 702 3287 ὅτοισι
723 3224 856 3303 μήτε
893 3227 982 3305 ἀφ’
1021 3222 1138 3281 ὅτου
1166 3217 1548 3297 πολεμήσωμεν
1589 3214 1699 3272 ἔστι
1716 3258 1734 3290 ,
1759 3215 1871 3279 πῶς
1902 3212 1995 3271 οὔκ
2038 3214 2098 3271 ἐκ

539 3313 730 3380 παντὸς
756 3311 949 3394 τρόπου
967 3307 1060 3381 τὴν
1089 3310 1134 3367 εἰ
1165 3308 1296 3381 ήνην
1323 3301 1564 3375 ποιητέον
1584 3305 1743 3379 ἡμῖν;

625 3424 696 3463 17.
719 3402 993 3483 Σκέψασθε
1014 3396 1094 3478 δέ,
1117 3422 1162 3456 ω
1177 3398 1462 3473 Ἀθηναῖοι,
1481 3390 1719 3463 καὶτόδε,
1741 3386 1821 3446 ὅτι
1842 3388 1949 3449 νυνὶ
1966 3397 2095 3449 πᾶσι

462 3509 519 3549 30
543 3495 646 3559 τοῖς
670 3488 906 3561 Ἕλλησι
930 3485 1104 3558 κοινὴν
1130 3484 1338 3566 εἰρήνην
1361 3479 1453 3539 καὶ
1488 3476 1781 3558 ἐλευθερίαν
1806 3475 2092 3558 πράττετε,

535 3580 626 3641 καὶ
655 3578 892 3659 μετέχειν
915 3576 1080 3637 ἅπασι
1099 3574 1309 3634 πάντων
1344 3566 1581 3639 ἐξουσίαν
1611 3572 1827 3626 ποιεῖτε.
1911 3565 2095 3626 Ἐνθυ-

535 3669 735 3748 μήθητε
767 3658 856 3728 οῧν
896 3669 1000 3726 τῶν
1028 3664 1230 3723 πόλεων
1253 3659 1346 3728 τὰς
1392 3656 1641 3738 μεγίστας
1670 3653 1771 3713 τίνι
1799 3652 1980 3736 τρόπῳ
2003 3654 2092 3714 τὸν

531 3758 761 3839 πόλεμον
804 3753 1184 3818 καταλύονται·
1223 3752 1428 3831 πρῶτον
1471 3745 1566 3825 μὲν
1612 3744 2087 3823 Λακεδαιμονίους,

540 3850 719 3918 οἵτινες
738 3848 1015 3931 ἀρχόμενοι
1033 3846 1125 3924 μὲν
1147 3844 1276 3920 ἡμῖν
1297 3837 1386 3900 καὶ
1399 3841 1504 3907 τοῖς
1525 3834 1822 3916 συμμάχοις
1847 3833 2092 3911 πολεμεῖν

539 3932 702 4022 ἦρχον
730 3935 969 4000 καὶκατὰ
989 3938 1085 4015 γῆν
1107 3930 1199 3992 καὶ
1224 3927 1361 3990 κατὰ
1381 3927 1659 4001 θάλατταν,
1677 3928 1766 3981 ν’ῠν
1784 3922 1828 3980 δ’
1845 3922 2018 3989 αὐτοῖς
2036 3923 2093 3980 ἐκ

537 4035 630 4104 τῆς
658 4028 859 4112 εἰρήνης
887 4024 1150 4104 οὗδέτερον
1181 4018 1375 4079 τούτων
1399 4014 1644 4096 ὑπάρχει.
1737 4008 1849 4073 Καὶ
1879 4011 1978 4090 οὔχ
2005 4013 2093 4092 ὑφ’

539 4124 689 4199 ἡμῶν
716 4113 1124 4198 ἀναγκαζόμενοι
1149 4108 1295 4170 ταῦτ’
1317 4110 1548 4188 ἀφιᾶσιν,
1575 4102 1692 4163 ἀλλ’
1716 4099 1803 4158 ἐπ’
1829 4099 2093 4181 ἐλευθερίᾳ

461 4216 512 4259 ⁸⁶
538 4209 713 4281 πάσης
737 4212 831 4280 τῆς
859 4202 1133 4270 Ἑλλάδος.
1219 4199 1310 4280 (ιε)
1357 4192 1680 4265 Νενικήκασι
1726 4187 1828 4269 γὰρ
1851 4186 1961 4269 τρὶς
1988 4186 2091 4261 ἤδη

539 4294 856 4375 μαχόμενοι,
873 4290 989 4350 τότε
1014 4286 1108 4368 μὲν
1139 4289 1190 4346 ἐν
1211 4284 1445 4366 Κορίνθῳ
1466 4280 1668 4348 πάντας
1693 4276 1958 4353 πανδημεὶ
1980 4274 2095 4344 τοὺς

537 4382 847 4461 συμμάχους
900 4377 1189 4457 παρόντας,
1259 4375 1357 4451 οὐχ
1427 4367 1762 4434 ὑπολιπόντες
1833 4364 2093 4449 πρόφασιν

537 4470 796 4549 οὐδεμίαν,
850 4468 966 4527 ἀλλ’
1021 4468 1072 4524 ἐν
1114 4468 1191 4543 τῷ
1240 4458 1594 4542 κρατιστεύειν
1661 4456 1808 4534 μόνοι
1864 4454 2091 4531 πάντων,

537 4551 681 4628 αὖθις
718 4560 762 4618 δ’
810 4561 862 4617 ἐν
890 4554 1134 4619 Βοιωτοῖς
1149 4595 1166 4625 ,
1210 4549 1285 4609 ὅτ’
1324 4550 1494 4607 αὐτῶν
1532 4544 1838 4625 Ἀγησίλαος
1877 4547 2053 4622 ἡγεῖτο
2075 4590 2092 4623 ,

535 4648 622 4710 τὸν
653 4646 807 4707 αὐτὸν
829 4644 1020 4727 τρόπον
1049 4637 1139 4700 καὶ
1161 4637 1280 4698 τότε
1303 4636 1399 4708 τὴν
1420 4634 1566 4707 νίκην
1605 4630 1948 4706 ἐποιήσαντο,
1973 4632 2089 4713 τρί-

533 4761 620 4798 τον
665 4737 708 4796 δ’
737 4734 892 4807 ἡνίκα
925 4731 1151 4812 Λέχαιον
1181 4724 1388 4800 ἔλαὸον,
1416 4721 1676 4804 Ἀργείους
1719 4718 1814 4798 μὲν
1856 4718 2093 4789 ἅπαντας

533 4824 622 4886 καὶ
654 4820 980 4904 Κορινθίους,
1005 4820 1156 4896 ἡμῶν
1179 4815 1234 4875 δὲ
1258 4814 1348 4875 καὶ
1385 4814 1628 4874 Βοιωτῶν
1647 4809 1766 4877 τοὺς
1806 4805 2088 4888 παρόντας.

452 4938 505 4977 ιο
536 4922 622 4997 (ιο)
649 4918 700 4975 Τ
702 4917 886 4973 οιαῧτα
924 4910 968 4966 δ’
1013 4904 1140 4989 ἔργα
1186 4902 1562 4981 ἐπιδειξάμενοι
1589 4898 1684 4973 τὴν
1721 4898 1932 4981 εἰρήνην
1960 4896 2089 4957 εἰσὶν

537 5004 734 5082 ἕτοιμοι
761 5000 1018 5061 ποιεῖσθαι
1040 4994 1134 5068 τὴν
1164 4996 1362 5054 ἑαυτῶν
1381 4991 1610 5073 ἔχοντες,
1636 4988 1686 5049 οἳ
1704 4988 1885 5048 ἐνίκων
1913 4984 2087 5066 μαχό-

538 5118 708 5174 μενοι,
738 5085 934 5155 καὶτὰς
955 5084 1132 5153 πόλεις
1160 5083 1473 5161 αὐτονόμους
1495 5072 1626 5139 εἶναι
1651 5077 1743 5138 καὶ
1770 5076 1864 5151 τὴν
1888 5076 2088 5136 θάλατ-

532 5208 625 5243 ταν
646 5183 820 5254 κοινὴν
850 5181 1032 5268 ἐῶντες
1057 5176 1162 5243 τοῖς
1193 5171 1520 5251 ἡττημένοις.
1605 5168 1792 5231 Καίτοι
1826 5166 1980 5233 ποίας
2006 5188 2089 5223 τι-

3516 430 3739 509 (π’-98)

2184 665 2288 714 tere
2303 662 2571 713 libertatem
2589 661 2798 713 civilem.
2819 662 2889 711 Et'
2904 661 3009 710 boee
3024 657 3222 724 quidem
3247 658 3501 709 hactenus.

2253 758 2325 803 13.
2338 750 2622 803 Bellandum
2640 752 2801 800 autem
2820 747 2959 800 nobis
2974 760 3093 811 we,
3110 760 3265 811 quum
3278 746 3401 811 sint,
3414 746 3755 809 Athenienses,

2186 840 2271 903 qui
2292 840 2423 891 aiant
2452 860 2465 891 ι
2490 853 2576 903 age
2598 851 2902 902 quaeramus,
2936 850 3196 901 quamnam
3224 835 3421 887 tandem
3450 836 3518 885 ob
3550 848 3757 885 camum

2186 929 2438 979 bellemus.
2457 929 2689 979 Mortales
2701 965 2716 990 ,
2740 928 2792 977 ni
2810 927 2971 989 fallor,
2990 938 3159 977 onmes
3174 925 3225 975 in
3238 938 3298 975 eo
3315 925 3637 976 consentiunt
3651 961 3669 985 ,
3702 926 3763 973 ut

2185 1012 2346 1073 aiant,
2369 1011 2551 1062 bellum
2568 1024 2628 1061 eo
2645 1022 2747 1061 esse
2764 1007 3123 1072 suscipiendum
3136 1046 3153 1070 ,
3172 1020 3273 1070 quo
3294 1008 3381 1057 aut
3401 1007 3655 1070 depellant
3680 1008 3760 1056 in-

2182 1094 2333 1157 jurias
2345 1094 2435 1143 sibi
2450 1093 2637 1143 oblatas
2648 1094 2735 1142 aut
2746 1094 2804 1141 ut
2816 1091 2921 1142 aliis
2936 1092 3223 1141 succurrant
3239 1090 3339 1139 vim
3354 1090 3520 1153 passis.
3560 1092 3765 1139 Utrum-

2186 1186 2281 1236 que
2300 1172 2438 1222 nobis
2453 1172 2708 1221 evenerat:
2729 1172 2779 1221 et
2794 1169 2885 1232 ipsi
2903 1168 3007 1219 loesi
3025 1170 3272 1218 fueramus
3290 1166 3493 1230 iniuriis,
3509 1169 3563 1217 et
3576 1170 3767 1218 Boeotis

2186 1250 2385 1313 iniurias
2413 1250 2564 1313 passis
2582 1248 2958 1299 auxiliabamur.
3025 1245 3211 1305 Quodsi
3244 1258 3356 1307 ergo
3385 1248 3436 1294 et
3471 1249 3663 1295 nostrae
3686 1260 3769 1295 res

2187 1342 2299 1379 eum
2312 1328 2487 1378 suntin
2507 1327 2669 1395 loeum
2683 1325 2930 1391 perductoe
2946 1336 3061 1373 cum
3077 1322 3467 1383 Lacedaemoniis,
3483 1324 3549 1372 ιιι
3561 1324 3635 1373 nil
3658 1323 3767 1385 iam

2186 1406 2249 1457 sit
2266 1420 2353 1457 cur
2386 1408 2663 1456 metuamus
2678 1418 2739 1454 ne
2758 1404 2808 1454 in
2822 1405 3069 1467 posterum
3097 1414 3353 1464 vexemur,
3372 1402 3421 1451 et
3443 1400 3601 1451 Boeoti
3624 1402 3669 1450 si
3690 1401 3768 1451 de·

2187 1486 2442 1535 creverunt
2455 1522 2471 1547 ‚
2493 1483 2798 1534 orchomeno
2811 1481 2863 1532 in
2879 1481 3150 1531 libertatem
3169 1478 3457 1529 remittenda
3480 1478 3641 1529 tin-
3666 1479 3766 1529 dis-

2188 1562 2459 1613 cordiarum
2472 1564 2649 1623 facere,
2667 1559 2783 1623 quid
2796 1572 2957 1622 porro,
2977 1570 3162 1623 quaeso,
3181 1558 3447 1608 bellemus?
3478 1556 3586 1621 (14)
3607 1572 3739 1607 num
3752 1596 3765 1621 ,

2188 1656 2284 1706 quo
2298 1656 2419 1707 resp.
2441 1642 2579 1693 nobis
2596 1641 2745 1691 libera
2763 1641 2855 1691 sit?
2906 1639 3054 1701 Atqui
3072 1640 3166 1689 est.
3183 1642 3330 1701 Num,
3349 1650 3447 1702 quo
3466 1639 3665 1688 moenia
3682 1653 3765 1689 re-

2187 1724 2500 1787 cuperemus?
2562 1722 2708 1785 Atqui
2724 1733 2821 1784 pax
2840 1734 3010 1771 eorum
3028 1719 3215 1783 copiam
3228 1717 3368 1767 nobis
3384 1718 3521 1767 facit.
3590 1721 3665 1769 At
3676 1756 3693 1781 ,
3714 1720 3771 1768 ut

2187 1801 2386 1851 classem
2410 1800 2548 1851 nobis
2562 1800 2705 1851 licent
2722 1798 2947 1861 condere,
2962 1809 3203 1860 navesque
3223 1808 3335 1859 quae
3350 1795 3449 1858 iam
3474 1797 3597 1846 sunt
3616 1810 3769 1860 repa-

2188 1893 2294 1931 rare
2311 1882 2361 1931 et
2378 1879 2487 1942 iure
2506 1880 2705 1929 tenere?
2719 1878 2865 1942 Atqui
2886 1877 3031 1928 etiam
3044 1876 3139 1925 boc
3154 1874 3269 1925 licet
3284 1888 3296 1921 :
3309 1886 3421 1923 nam
3435 1876 3587 1937 pactu
3604 1879 3673 1925 ut
3693 1876 3771 1925 sui

2182 1958 2305 2021 iuris
2324 1958 2421 2009 sint
2439 1958 2656 2008 civitates
2668 1955 2858 2019 iubent.
2922 1955 2984 2005 At
3007 1952 3115 2004 ideo
3134 1954 3298 2003 tamen
3310 1952 3478 2014 utique
3490 1951 3771 2016 bellemus,

2186 2049 2286 2100 quo
2304 2036 2483 2086 insulas
2500 2046 2863 2099 recuperemus,
2886 2035 3119 2083 Lemnum
3138 2031 3189 2080 et
3205 2032 3408 2097 Scyrum
3430 2032 3481 2079 et
3500 2030 3771 2082 Imbrum?

2186 2116 2371 2164 Verum
2415 2114 2468 2163 in
2513 2110 2865 2163 conditionibus
2912 2108 3047 2174 pacis
3084 2108 3319 2171 expressis
3360 2106 3523 2159 verbis
3554 2112 3771 2160 mutum

2187 2194 2287 2256 eat,
2309 2192 2398 2243 has
2411 2190 2767 2243 Atheniensium
2785 2190 2904 2239 fore.
2972 2186 3068 2252 (15)
3098 2190 3173 2236 An
3188 2184 3396 2248 denique
3410 2184 3665 2238 bellemus
3678 2226 3697 2250 ,
3718 2192 3773 2239 ut

2188 2271 2538 2323 chersonesum
2557 2270 2841 2330 nostrasque
2853 2264 2921 2315 ibi
2944 2263 3159 2314 colonias
3176 2265 3227 2313 et
3247 2263 3574 2326 possessiones
3592 2267 3653 2314 et
3668 2278 3773 2316 ιιι-ιι

2188 2350 2327 2401 nobis
2346 2350 2503 2399 debita
2527 2347 2896 2411 recuperemus?
2914 2344 3061 2407 Atqui
3074 2356 3163 2393 rex
3182 2346 3435 2393 Persarum
3450 2344 3773 2408 intercedet,

2188 2431 2403 2493 itemque
2420 2428 2537 2479 socii
2558 2426 2737 2490 nostri,
2756 2426 2861 2475 sine
2894 2436 3103 2487 quorum
3119 2422 3301 2472 auxilio
3321 2422 3415 2471 isla
3430 2421 3667 2474 obtinere
3688 2438 3774 2475 ne-

2188 2508 2397 2572 quimus.
2462 2507 2525 2557 At
2541 2502 2817 2555 bellandum
2834 2502 3031 2565 utique,
3048 2500 3237 2550 medius
3262 2500 3433 2565 fidius,
3456 2501 3555 2551 erit
3568 2537 3585 2563 ,
3600 2500 3775 2553 donec

2190 2584 2576 2637 Lacedoemonios
2605 2593 2871 2645 eorumque
2899 2579 3057 2631 socios
3086 2576 3521 2627 debellaret-imus?
3608 2581 3773 2645 Atqui

2188 2679 2285 2716 non
2309 2664 2500 2715 videtur
2526 2662 2643 2713 mibi
2682 2674 2843 2717 rerum
2876 2660 3150 2710 nostrarum
3182 2670 3240 2707 ea
3274 2670 3375 2707 esse
3414 2658 3576 2721 ratio,
3623 2663 3695 2709 ιιι
3727 2660 3773 2709 id

2188 2747 2327 2797 nobis
2352 2745 2488 2796 facile
2521 2744 2601 2794 sit.
2658 2743 2722 2793 At
2759 2741 2837 2790 sae
2874 2742 3037 2791 tamen
3063 2751 3288 2802 prospere
3328 2738 3421 2789 boc
3461 2740 3774 2801 succederem

2198 2837 2311 2887 quoe
2334 2824 2438 2873 tum
2471 2822 2611 2872 nobis
2641 2820 2784 2870 enmt
2804 2830 2835 2866 a
2858 2816 3075 2868 barbaris
3098 2815 3375 2866 toleranda!
3442 2816 3546 2879 (16)
3582 2818 3775 2881 Finga-

2188 2914 2296 2952 mus
2314 2900 2416 2963 iam
2434 2936 2449 2963 ,
2484 2900 2666 2950 hancce
2700 2898 2813 2951 belli
2849 2908 3043 2948 causam
3073 2906 3204 2956 esse,
3236 2896 3287 2943 et
3315 2894 3495 2957 promto
3532 2907 3649 2945 esse
3686 2909 3776 2959 pe·

2186 2980 2438 3030 cuniarum
2455 2976 2587 3041 quod
2602 2978 2717 3029 satis
2737 2977 2825 3038 sit,
2843 2975 3053 3038 virisque
3074 2985 3164 3022 nos
3189 2970 3361 3022 llorere
3386 2973 3437 3022 et
3459 2972 3735 3025 abundare
3761 2992 3775 3023 :

2186 3059 2237 3107 at
2250 3070 2337 3120 ego
2353 3058 2516 3106 tamen
2529 3055 2605 3105 vel
2624 3055 2695 3105 sic
2710 3053 2985 3105 bellandum
3005 3064 3109 3101 esse
3124 3064 3314 3115 negem.
3365 3048 3511 3108 Quod
3532 3050 3575 3100 si
3590 3056 3775 3103 autem

2185 3153 2344 3203 neque
2358 3151 2502 3189 causa
2523 3137 2735 3193 bellandi
2750 3140 2825 3188 est
2840 3136 3011 3187 idonea
3024 3146 3183 3197 neque
3200 3132 3293 3181 viri
3310 3134 3427 3182 sunt
3444 3145 3609 3195 neque
3628 3148 3777 3186 arm

2184 3236 2341 3286 neque
2380 3220 2623 3286 pecuniae,
2648 3222 2735 3284 qul
2762 3219 2862 3282 jam
2889 3231 2989 3267 non
3018 3216 3113 3266 erit
3148 3214 3289 3265 nobis
3322 3228 3421 3279 pax
3449 3216 3589 3265 omni
3616 3222 3777 3280 paeto

2184 3304 2391 3357 ineunda
2402 3306 2427 3353 P

2252 3400 2327 3446 17.
2363 3393 2518 3445 Etiam
2550 3392 2669 3456 hoc,
2699 3390 3035 3452 Athenienses,
3064 3388 3286 3439 meditari
3326 3400 3416 3437 vos
3464 3387 3625 3438 velim
3640 3427 3659 3453 ,
3698 3392 3777 3454 agi

2184 3501 2315 3539 nunc
2338 3502 2369 3539 a
2390 3486 2527 3537 vobis
2547 3486 2642 3537 hoc
2655 3522 2670 3549 ,
2696 3486 2752 3536 ut
2772 3496 2941 3549 pacem
2965 3482 3336 3545 libertatemque
3355 3480 3548 3531 uinctis
3571 3484 3779 3535 Graecis

2185 3596 2487 3635 communem
2501 3580 2714 3645 pariatis,
2730 3591 2991 3642 rerumque
3004 3579 3151 3641 atque
3160 3574 3343 3638 iurium
3358 3574 3777 3628 communionem

2182 3678 2400 3729 omnium
2424 3676 2650 3727 omnibus
2680 3672 2983 3741 impertiatis.
3016 3668 3299 3732 ‘Recogitate
3320 3666 3497 3729 modo,
3531 3668 3781 3720 civitates

2182 3770 2421 3835 primariae
2439 3784 2535 3834 quo
2551 3769 2694 3833 pacto
2708 3766 2891 3817 bellum
2904 3775 3191 3828 componere
3208 3761 3389 3825 pmtae
3402 3760 3518 3811 sint.
3588 3764 3781 3814 Primo

2182 3866 2289 3917 loco
2310 3862 2699 3917 Lacedaemonios
2732 3860 2946 3925 spectate
2967 3878 2979 3909 ι
3012 3857 3197 3908 bellum
3212 3855 3268 3905 hi
3289 3854 3523 3906 adversus
3554 3868 3659 3906 nos
3698 3863 3783 3907 soss

2182 3962 2375 4025 ciosque
2392 3960 2583 4009 nostros
2604 3954 2909 4008 exordientes
2932 3950 3257 4017 principatum
3278 3950 3409 3999 terra
3428 3948 3671 4012 marique
3696 3953 3781 4001 te·

2183 4053 2386 4117 nebant3
2405 4064 2553 4116 quem
2576 4061 2709 4100 nunc
2730 4060 2820 4111 per
2844 4046 2969 4096 hanc
2992 4056 3160 4109 pacem
3193 4040 3449 4103 amittunt,
3470 4054 3577 4090 non
3594 4046 3785 4095 eoacti

2182 4148 2327 4200 arinis
2348 4144 2520 4196 vestris
2536 4179 2552 4207 ,
2570 4140 2656 4193 sed
2682 4140 2897 4191 libertati
2928 4138 3169 4189 universoe
3200 4134 3403 4193 Graeciae
3424 4145 3541 4183 eum
3564 4136 3783 4185 eundo·

2184 4240 2368 4289 nantes.
2432 4236 2533 4300 (18)
2562 4234 2695 4286 Bello
2712 4233 2845 4283 enim
2879 4231 3034 4281 tribus
3061 4229 3163 4293 jam
3186 4227 3363 4291 praeliis
3378 4226 3605 4276 vicerunt
3624 4243 3642 4277 z
3664 4227 3782 4291 pri-

2183 4344 2317 4384 mum
2339 4327 2470 4394 apud
2501 4325 2790 4379 corinthum
2804 4360 2819 4385 ‚
2846 4322 2933 4373 ubi
2951 4320 3109 4373 socios
3125 4322 3314 4371 nostros
3338 4330 3507 4368 omnes
3528 4317 3582 4367 in
3602 4320 3787 4369 armis

2182 4425 2467 4489 praesentes,
2492 4422 2595 4471 sola
2616 4419 2799 4469 virtute
2820 4429 2911 4467 sua
2934 4414 3122 4464 cunctis
3139 4409 3503 4479 proepollentes,
3526 4409 3597 4459 ita
3620 4412 3785 4461 vice-

2182 4520 2322 4583 runt,
2340 4518 2399 4567 ut
2412 4516 2551 4567 victis
2564 4511 2923 4565 excusationem
2940 4506 3127 4558 nullam
3142 4504 3496 4567 relinquen-enh
3513 4515 3713 4555 rursus
3728 4506 3785 4555 in

2182 4612 2383 4675 Boeotia,
2393 4609 2517 4659 duce
2530 4606 2763 4670 Agesilao,
2778 4602 2947 4655 eodem
2966 4598 3111 4650 modo
3126 4596 3382 4648 victoriam
3397 4593 3753 4658 deportarunt
3768 4616 3785 4661 3

2180 4706 2323 4756 tertio
2340 4701 2549 4765 denique
2565 4700 2731 4764 praelio
2744 4734 2759 4762 ,
2776 4710 2875 4760 quo
2892 4694 3093 4746 Lecbaeo
3112 4691 3253 4756 potiti
3264 4690 3381 4747 sunt
3392 4725 3408 4753 ,
3421 4687 3641 4751 Argivos
3656 4694 3789 4755 qui.

2180 4801 2290 4851 dem
2328 4800 2377 4849 et
2399 4794 2676 4847 Corinthios
2710 4792 2942 4851 cunctos,
2982 4788 3261 4837 nostrarum
3297 4783 3463 4832 autem
3494 4781 3789 4844 copiarum

2180 4890 2600 4951 Boeoticarumque
2617 4883 2857 4949 quotquot
2873 4883 2993 4931 tunc
3010 4876 3214 4929 aderant
3224 4916 3240 4941 ,
3259 4874 3567 4925 devicerunt.
3644 4879 3705 4936 (ι
3716 4880 3781 4941 9)

2181 4990 2266 5039 His
2299 4984 2449 5037 tantis
2490 4982 2631 5033 editis
2652 4976 2970 5039 facinoribuS,
2999 4970 3351 5024 Lacedaemonii
3384 4968 3501 5018 belli
3540 4969 3792 5020 victores

2178 5094 2348 5147 pacem
2365 5082 2528 5130 tamen
2546 5075 2795 5127 vobiscum
2809 5071 2930 5121 inire
2944 5068 3097 5133 parati
3112 5065 3225 5117 sunt
3254 5064 3331 5114 bis
3347 5061 3538 5125 legibus
3550 5098 3567 5123 ‚
3588 5063 3651 5110 ut
3678 5063 3791 5126 ipsi

2179 5175 2411 5227 ditionem
2446 5184 2585 5224 suam
2622 5168 2807 5221 salvam
2837 5162 3075 5226 habeant,
3110 5162 3165 5211 ut
3186 5158 3388 5221 reliqum
3411 5154 3647 5205 civitntae
3692 5156 3793 5205 sui
