3825 5842
510 519 580 572 u
1178 504 1613 570 ΑΝΔΟΚΙΔΟΥ
1649 506 1700 566 Ο
1744 505 1929 570 ΠΕΡΙ
1964 503 2121 568 ΤΗΣ
2164 505 2471 568 ΕΑΥΤΟΥ
2500 503 2881 568 ΚΑΘΟΔΟΥ.

419 655 478 698 ao
498 637 694 700 τούτων
725 633 938 702 δικαίως
961 631 1119 713 τιμὴν
1149 634 1319 700 αὐτοῖς
1349 653 1466 692 τινα
1493 631 1683 713 φέρειν.
1768 632 1931 712 Ἐμοὶ
1954 632 2011 694 δέ
2037 676 2056 712 ,

503 717 548 790 ὦ
575 726 754 808 ἄνδρες
771 770 788 802 ,
816 723 906 784 καὶ
925 726 1002 804 τῷ
1023 721 1218 805 πρώτῳ
1247 727 1402 782 τοῦτο
1419 720 1614 782 εἰπόντι
1631 725 1790 803 ὀρθῶς
1817 724 1960 782 δοκεῖ
1977 725 2056 783 ιζ-

3430 505 3450 582 (
3470 523 3672 565 τι-εο

2150 633 2291 697 dixit,
2312 631 2693 688 reeteisdixisse
2713 628 3479 694 videtur,omneshomlnastum
3508 631 3577 682 ad
3600 515 3721 696 pro3

2150 732 2337 784 speram
2368 721 2475 770 tum
2492 716 2554 768 ad
2572 716 2823 771 adversam
2841 717 3087 768 fortunam
3105 717 3237 768 nasei
3258 736 3271 768 z
3292 719 3367 768 est
3392 717 3568 768 autem
3592 730 3719 766 erton

505 820 720 898 ρῆσθαι,
750 811 830 874 ὅτι
859 811 1050 878 πάντες
1091 810 1354 889 ἅνθρωποι
1376 810 1606 888 γίνονται
1647 809 1735 868 ἐπὶ
1775 815 1852 892 τῷ
1879 802 1937 870 εὗ
1968 810 2059 872 καὶ
2158 809 2211 858 ἱῐὶ
2246 809 2501 874 8611Θῶ118
2531 808 2747 860 &dvm
2766 809 2975 860 fortun&
2994 809 3278 874 ΡΐὲθῙΡῑῐίδὸ
3341 811 3412 874 (θ)
3436 814 3593 874 atque
3614 811 3725 860 ⁵¹¹1!ss

504 906 678 969 κακῶς
703 898 972 980 πράττειν,
1000 896 1206 976 μεγάλη
1234 895 1290 956 δὲ
1330 896 1498 967 δήπου
1535 896 1626 955 καὶ
1660 897 1722 956 τὸ
1753 895 2062 980 ἐξαμαρτεῖν

504 987 792 1070 δυσπραξία
817 989 962 1062 lari,
989 989 1052 1064 (a)
1081 984 1168 1044 καί
1192 986 1321 1043 εἰσιν
1349 982 1716 1064 εὐτυχέστατοι
1748 984 1841 1063 μὲν
1860 987 1909 1042 οἱ
1938 983 2065 1043 ἐλά-

503 1102 662 1162 χιστα
685 1073 1123 1156 ἐξαμαρτάνοντες
1143 1120 1160 1152 ,
1183 1069 1595 1155 σωφρονέσταται
1611 1073 1666 1132 δὲ
1685 1073 1736 1133 οἳ
1753 1071 1816 1132 ἂν
1833 1072 2063 1154 τάχιστα

504 1164 949 1246 μετα-γινώσκωσι.
1035 1161 1148 1224 Καὶ
1187 1167 1353 1221 ταῦτα
1389 1163 1448 1222 οὗ
1476 1160 1798 1244 διακέκριται
1833 1170 1939 1229 τοῖς
1972 1158 2067 1236 μὲν

503 1256 752 1334 γίνεσθαι,
786 1259 892 1319 τοῖς
923 1249 976 1309 δὲ
1005 1249 1102 1328 μή,
1127 1251 1244 1308 ἀλλ’
1277 1249 1414 1309 ἔστιν
1437 1251 1490 1308 ἐν
1519 1253 1594 1330 τῷ
1613 1253 1767 1329 κοινῷ
1791 1259 1949 1309 πᾶσιν
1980 1252 2071 1308 ἀν-

428 1363 480 1402 as
505 1341 728 1425 θρώποις
751 1339 840 1399 καὶ
889 1337 1194 1420 ἐξαμαρτεῖν
1242 1361 1292 1396 τι
1321 1336 1412 1397 καὶ
1436 1341 1609 1404 κακῶς
1651 1336 1867 1417 πρᾶξαι.
1949 1327 2065 1398 Ὧν

505 1429 654 1490 ἕνεκα
671 1473 688 1502 ,
732 1418 776 1488 ὦ
813 1427 1098 1498 Ἀθηναῖοι,
1129 1426 1174 1482 εἰ
1215 1423 1545 1504 ἀνθρωπίνως
1569 1425 1690 1507 περὶ
1721 1428 1850 1504 ἐμοῦ
1909 1423 2064 1505 γινώ·

504 1540 675 1579 σκοιτε
693 1560 712 1595 ,
754 1513 894 1587 εἴητε
917 1513 979 1573 ἂν
998 1511 1180 1593 ἄνδρες
1206 1512 1688 1594 εὐγνωμονέστεροι.
1775 1511 1939 1593 (7)οὗ
1966 1511 2067 1595 γὰρ

505 1601 700 1690 φθόνου
711 1603 910 1684 μᾶλλον
945 1599 982 1672 ἢ
1006 1599 1178 1660 οἴκτου
1207 1598 1328 1669 ἄξιά
1367 1600 1460 1677 μοί
1485 1602 1596 1659 ἔστι
1621 1599 1689 1660 τὰ
1715 1599 2036 1680 γεγενημένα
2052 1623 2065 1638 ·

506 1693 560 1761 ὃς
583 1697 654 1760 εἰς
680 1695 920 1752 τοσοῦτον
949 1680 1104 1762 ἦλθον
1139 1693 1231 1760 τῆς
1268 1689 1497 1760 ἐμαυτοῦ
1539 1689 1936 1768 δυσδαιμονίας,
1969 1689 2073 1749 εἴτε

505 1779 612 1863 χρὴ
631 1780 790 1840 εἰπεῖν
819 1776 1022 1851 νεότητί
1047 1799 1106 1835 τε
1134 1774 1223 1836 καὶ
1259 1776 1437 1858 ἀνοίᾳ,
1467 1775 1571 1838 εἴτε
1602 1776 1692 1836 καὶ
1728 1778 1945 1852 δυνάμει
1966 1781 2070 1837 τῶν

505 1868 793 1928 πεισάντων
819 1889 885 1944 με
906 1867 1069 1925 ἐλθεῖν
1087 1867 1160 1932 εἰς
1187 1863 1432 1937 τοιαύτην
1446 1864 1719 1949 συμφορὰν
1739 1869 1841 1925 τῶν
1857 1869 2075 1948 φρενῶν,

506 1957 628 2019 ὥστ’
656 1955 886 2036 ἀνάγκην
909 1976 997 2033 μοι
1023 1951 1260 2035 γενέσθαι
1288 1953 1426 2012 δυοῖν
1447 1961 1630 2014 κακοῖν
1668 1957 1778 2013 τοῖν
1812 1953 2074 2032 μεγίστοιν

427 2068 480 2110 ao
507 2047 716 2126 θάτερον
741 2043 948 2104 ἑλέσθαι
961 2087 978 2116 ,
1001 2041 1038 2114 ἢ
1065 2039 1140 2117 μὴ
1159 2039 1456 2121 βουληθέντι
1479 2049 1742 2102 κατειπεῖν
1762 2041 1879 2109 τοὺς
1902 2047 2070 2100 ταῦτα

504 2133 820 2206 ποιήσαντας
847 2134 904 2192 οὗ
929 2131 1047 2214 περὶ
1071 2133 1197 2208 ἐμοῦ
1226 2129 1386 2208 μόνου
1409 2131 1674 2214 ὀρρωδεῖν,
1700 2131 1818 2190 εἴτι
1844 2130 1951 2190 ἔδει
1973 2153 2073 2189 πα-

507 2226 631 2295 θεῖν,
657 2221 794 2280 ἀλλὰ
823 2220 913 2280 καί
930 2219 1016 2279 τὸν
1045 2218 1247 2301 πατέρα
1269 2217 1412 2278 οῦδὲν
1442 2221 1718 2278 ἀδικοῦντα
1739 2218 1832 2279 σὺν
1858 2221 2073 2302 ἐμαυτῷ

507 2314 811 2372 ἀποκτεῖναι
849 2308 1010 2390 (ὅπερ
1040 2305 1242 2386 ἀνάγκη
1275 2312 1458 2366 παθεῖν
1490 2297 1554 2378 ἦν
1584 2308 1753 2388 αὐτῷ,
1788 2309 1836 2366 εἰ
1860 2305 1965 2385 ἐγὼ
1995 2303 2070 2384 μὴ

509 2397 796 2476 ἔδουλόμην
837 2401 1004 2456 ταῦτα
1051 2397 1331 2474 ποιῆσαι),
1359 2393 1394 2468 ἢ
1425 2392 1724 2456 κατειπόντι
1751 2393 1818 2453 τὰ
1854 2416 2072 2474 γεγενη-

509 2484 641 2566 μένα
663 2485 814 2544 αὐτὸν
835 2482 927 2562 μὲν
954 2482 1204 2566 ἀφεθέντα
1236 2482 1310 2562 μὴ
1337 2483 1576 2544 τεθνάναι
1595 2528 1613 2562 ,
1642 2487 1730 2542 τοῦ
1760 2482 1814 2542 δὲ
1844 2484 2074 2562 ἐμαυτοῦ

510 2574 705 2656 πατρὸς
731 2572 804 2652 μὴ
835 2575 988 2656 φονέα
1012 2571 1271 2651 γενέσθαι.
1354 2570 1426 2636 Τί
1446 2573 1494 2631 δ’
1521 2571 1582 2632 ἂν
1611 2573 1669 2631 οὗ
1693 2571 1795 2654 πρό
1818 2595 1876 2651 γε
1889 2569 2071 2631 τούτου

429 2683 480 2722 aa
511 2662 822 2742 τολμήσειεν
847 2660 1115 2742 ἄνθρωπος
1154 2664 1406 2734 ποιῆσαι,
1426 2660 1489 2740 (s)
1520 2658 1666 2740 Ἐγὼ
1699 2658 1868 2719 τοίνυν
1883 2661 1943 2720 ἐκ
1968 2663 2071 2718 τῶν

515 2751 780 2832 παρόντων
811 2749 1025 2828 εἱλόμην
1046 2755 1214 2809 ταῦτα
1232 2794 1250 2826 ,
1274 2747 1309 2807 ἃ
1327 2749 1439 2827 ἐμοὶ
1465 2747 1558 2826 μὲν
1579 2747 1747 2818 λύπας
1767 2748 1856 2807 ἰπὶ
1883 2747 2071 2830 χρόνον

511 2841 750 2900 πλεῖστον
779 2837 937 2900 οἴσειν
960 2836 1196 2914 ἔμελλεν,
1227 2841 1346 2916 ὑμῖν
1377 2835 1431 2896 δὲ
1467 2835 1730 2918 ταχίστην
1755 2841 1844 2896 τοῦ
1873 2834 2073 2919 παρόν-

514 2952 599 2998 τος
625 2928 744 2988 τότε
767 2932 931 2986 κακοῦ
961 2924 1298 3002 μετάστασιν.
1384 2924 1774 3004 Ἀναμνήσθητε
1803 2923 1858 2986 δὲ
1901 2927 1955 2986 ἐν
1980 2924 2073 3007 οἵῳ

509 3017 724 3098 κινδύνῳ
752 3039 808 3076 τε
828 3015 918 3075 καὶ
947 3014 1220 3094 ἀμηχανίᾳ
1243 3013 1556 3090 καθέστατε,
1579 3013 1669 3074 καὶ
1689 3013 1768 3074 ὅτι
1793 3013 1930 3074 οὕτω
1946 3015 2069 3098 σφό-

510 3105 606 3184 δρα
627 3115 760 3188 σφᾶς
788 3102 970 3172 αὐτοὺς
997 3102 1352 3186 ἐπεφόὸησθε,
1373 3101 1495 3163 ὥστ’
1521 3104 1625 3164 οὐδ’
1649 3105 1721 3172 εἰς
1745 3102 1839 3178 τὴν
1874 3102 2069 3185 ἀγορὰν

511 3191 584 3252 ἔτι
629 3192 846 3272 ἰξῄειτε,
876 3191 1094 3261 ἕκαστος
1139 3195 1284 3270 ὑμῶν
1325 3191 1555 3270 οἰόμενος
1593 3192 2068 3272 συλληφθήσεσθαι.

509 3281 692 3342 Ταῦτα
714 3280 880 3340 τοίνυν
897 3278 1032 3344 ὥστε
1053 3279 1148 3358 μὲν
1178 3279 1417 3360 γενέσθαι
1430 3286 1672 3353 τοιαῦτα,
1691 3282 1981 3342 πολλοστὸν
2005 3284 2070 3357 δή

430 3393 486 3434 ιο
512 3393 561 3432 τι
599 3367 704 3448 tyci»
748 3368 906 3451 μέρος
935 3373 1029 3440 τῆς
1059 3368 1228 3436 αἰτίας
1275 3368 1487 3448 εὖρίθην
1529 3367 1686 3449 ἔχων,
1731 3368 1867 3428 ὥστε
1896 3369 2072 3446 μέντοι

511 3461 772 3530 παυθῆναι
791 3503 808 3534 ,
839 3455 942 3536 ἐγὼ
973 3449 1044 3523 εἷς
1072 3457 1144 3516 ὢν
1177 3455 1330 3533 μόνος
1352 3455 1532 3524 αἴτιος.
1617 3458 1674 3536 (ν)
1704 3456 1811 3517 Καὶ
1843 3455 1986 3535 ὅμως
2012 3460 2073 3519 τό

510 3570 568 3626 γε
598 3545 1000 3626 δυστυχέστατος
1019 3537 1154 3604 εἶναι
1169 3545 1453 3626 ἀνθρώπων
1479 3545 1685 3623 οὐδαμῇ
1714 3542 1965 3626 ᾶκφεύγω,
1986 3545 2069 3606 ὅτε

511 3633 575 3708 δὴ
603 3634 962 3714 προαγομένης
985 3632 1080 3712 μὲν
1107 3637 1197 3706 τῆς
1221 3633 1422 3701 πόλεως
1454 3633 1540 3694 ἐπὶ
1576 3635 1772 3701 ταύτας
1810 3632 1904 3700 τὰς
1930 3657 2068 3712 συμ-

510 3721 670 3805 φορὰς
695 3721 854 3789 οὐδεὶς
879 3725 1008 3800 ἐμοῦ
1048 3721 1244 3803 ἤρχετο
1283 3721 1514 3798 γίνεσθαι
1541 3719 2066 3801 δυσδαιμονόστερος,

511 3809 888 3890 μεθισταμένης
939 3807 996 3868 δὲ
1007 3810 1176 3871 πάλιν
1213 3812 1284 3878 εἰς
1325 3809 1387 3869 τὸ
1427 3808 1653 3892 ἀσφαλὲς
1681 3808 1926 3869 ἁπάντων
1966 3811 2069 3888 ἐγὼ

510 3899 841 3966 ἀθλιώτατος.
922 3894 1132 3959 Ὄντων
1151 3897 1252 3980 γὰρ
1286 3901 1462 3960 κακῶν
1491 3897 1748 3958 τοσούτων
1793 3901 1858 3979 τῇ
1895 3897 2067 3974 πόλει,

512 3987 765 4048 ἀδύνατον
792 3979 858 4060 ἦν
897 3991 1062 4048 ταῦτα
1096 3989 1308 4060 ἰαθῆναι
1331 3987 1500 4055 ἄλλως
1531 3987 1566 4058 ἢ
1594 3989 1669 4068 τῷ
1696 3989 1809 4068 ἐμῷ
1833 3988 2067 4070 αἰσχρῷ,

425 4086 487 4139 21
511 4076 638 4138 ὥστ’
662 4080 716 4136 ἰν
743 4077 885 4158 αὐτῷ
923 4065 968 4158 ᾧ
994 4074 1098 4155 ἐγὼ
1125 4079 1297 4143 κακῶς
1330 4075 1607 4155 ἔπραττον,
1631 4077 1682 4134 ἐν
1724 4074 1894 4158 τούτῳ
1932 4079 2069 4155 ὑμᾶς

509 4164 778 4236 σώζεσθαι.
863 4164 1037 4250 Χάριν
1057 4153 1145 4223 οὗν
1175 4163 1308 4228 εἰκός
1326 4187 1392 4240 με
1409 4207 1426 4236 ,
1449 4165 1508 4222 οὔ
1529 4171 1678 4242 μῖσος
1699 4165 1774 4245 τῷ
1801 4164 2065 4246 δυσ-τυχή-

511 4274 637 4331 ματι
662 4251 828 4331 τούτῳ
851 4249 1096 4333 φέρεσθαι
1121 4249 1247 4330 παρ’
1266 4253 1430 4326 ὑμῶν.

591 4359 658 4399 ιο.
703 4338 891 4398 Καίτοι
913 4335 1014 4416 ἐγὼ
1035 4334 1140 4396 τότ’
1165 4336 1316 4404 αὐτὸς
1346 4334 1496 4415 γνοὺς
1522 4335 1615 4404 τὰς
1662 4339 1893 4414 ἐμαυτοῦ
1923 4361 2060 4416 συμ-

511 4425 698 4512 φοράς,
743 4417 884 4508 ᾧτινι
925 4429 1102 4484 κακῶν
1157 4447 1214 4484 τε
1246 4424 1333 4484 καὶ
1379 4427 1611 4505 αἰσχρῶν
1654 4427 1750 4484 οὐκ
1791 4416 1892 4484 οἷδ’
1922 4426 1970 4484 εἴ
2014 4451 2065 4485 τι

513 4513 823 4594 ἀπεγένετο,
851 4511 918 4573 τὰ
947 4512 1042 4592 μὲν
1064 4512 1400 4594 παρανοίᾳτῇ
1429 4513 1680 4588 ἐμαυτοῦ,
1709 4511 1776 4571 τὰ
1791 4513 1836 4572 δ’
1861 4512 2062 4595 ἀνάγκη

509 4607 612 4664 τῶν
645 4607 914 4686 παρόντων
939 4603 1285 4685 πραγμάτων,
1307 4601 1468 4681 ἔγνων
1497 4600 1702 4673 ἥδιστον
1730 4590 1860 4660 εἶναι
1887 4601 2063 4682 πράτ-

444 4720 470 4758 a
511 4716 615 4754 τειν
645 4717 700 4752 τε
727 4697 940 4754 τοιαῦτα
967 4692 1058 4752 καὶ
1085 4693 1382 4752 διαιτᾶσθαι
1398 4693 1535 4763 ἐκεῖ,
1559 4689 1689 4748 ὅπου
1710 4689 1904 4762 ἥκιστα
1933 4689 2060 4769 μέλ-

511 4785 653 4860 λοιμι
669 4782 984 4864 ὀφθήσεσθαι
1011 4783 1095 4864 ὑφ’
1123 4784 1288 4859 ὑμῶν.
1371 4778 1596 4851 Ἐπειδὴ
1627 4777 1682 4838 δὲ
1700 4777 1874 4860 χρόνῳ
1905 4777 2059 4838 ὕστε-

512 4895 598 4954 ρον
630 4871 836 4945 εἰσῆλθέ
877 4893 1000 4950 μοι,
1046 4870 1224 4952 ὥσπερ
1250 4867 1412 4940 εἰκός,
1455 4867 1701 4945 ἐπιθυμία
1727 4871 1821 4940 τῆς
1859 4891 1918 4927 τε
1947 4868 2060 4946 μεθ’

511 4963 656 5038 ὑμῶν
685 4960 948 5027 πολιτείας
975 4957 1172 5030 ἐκείνης
1194 4957 1284 5018 καὶ
1313 4955 1514 5031 διαίτης
1532 5001 1548 5030 ,
1573 4955 1627 5026 ἐξ
1647 4948 1709 5029 ἧς
1741 4955 1880 5037 δευρὶ
1907 4955 2060 5034 μετί-

511 5071 660 5121 στην,
690 5048 850 5128 ἔγνων
877 5048 1164 5107 λυσιτελεῖν
1187 5069 1274 5123 μοι
1297 5044 1330 5117 ἢ
1355 5051 1446 5105 τοῦ
1481 5043 1594 5126 βίου
1623 5044 1993 5125 ἀπηλλάχθαι,
2021 5045 2056 5118 ἢ

511 5135 606 5209 τὴν
625 5136 773 5197 πόλιν
789 5133 982 5207 ταύτην
1007 5133 1197 5214 ἀγαθόν
1214 5156 1264 5193 τι
1289 5137 1528 5194 τοσοῦτον
1551 5132 1868 5214 ἐργάσασθαι
1884 5177 1900 5205 ,
1922 5131 2057 5191 ὥστε

2154 901 2414 954 felicissimi
2428 901 2625 966 quidem
2638 901 2706 966 hi,
2724 900 2901 964 quibus
2912 915 3057 966 quam
3072 903 3313 954 rarissime
3330 904 3591 969 contingat
3610 906 3727 969 labi,

2156 989 2513 1053 pnidentissimi
2549 991 2712 1041 autem
2747 989 2835 1052 qui
2868 990 3096 1040 citissima
3138 990 3381 1043 ducantur
3415 994 3727 1057 poenitentia.

2157 1079 2437 1130 Communis
2454 1079 2561 1130 haec
2578 1081 2651 1130 est
2668 1079 2749 1130 lex
2774 1078 3106 1143 humanitatis,
3125 1093 3156 1130 a
3172 1094 3271 1144 qua
3296 1094 3443 1134 nemo
3460 1088 3730 1146 exemptus

2156 1170 2246 1230 σείς
2260 1168 2345 1218 sed
2362 1168 2510 1218 fatale
2522 1167 2747 1218 omnibus
2770 1165 2969 1216 omnino
2985 1169 3075 1228 est,
3100 1169 3159 1218 ut
3178 1168 3338 1232 aliqua
3350 1169 3403 1220 in
3420 1183 3477 1220 re
3495 1171 3731 1222 labantur

2138 1258 2207 1307 et
2230 1257 2389 1307 miseri
2408 1257 2520 1307 sint.
2540 1259 2861 1320 Quapropter,
2882 1255 3209 1320 Athenienses,
3223 1257 3284 1310 de
3297 1271 3377 1308 me
3388 1259 3431 1310 si
3448 1260 3733 1312 humaniter

2158 1343 2403 1400 statuatis,
2444 1343 2716 1393 habeamini
2751 1345 3007 1406 aequiores.
3026 1347 3121 1394 Res
3145 1345 3273 1395 enim
3294 1359 3417 1397 meoe
3440 1351 3567 1398 sunt
3598 1349 3733 1412 ejus·
3816 1389 3818 1402 .

2159 1431 2308 1494 modi,
2328 1432 2385 1481 ut
2396 1431 2582 1495 aequius
2620 1432 2686 1482 sit
2698 1445 2784 1483 vos
2800 1445 2969 1483 earum
2991 1433 3403 1485 commiseratione
3418 1435 3559 1498 duci,
3580 1449 3735 1500 qnam

2154 1518 2219 1570 iis
2234 1518 2451 1570 invidere
2470 1537 2484 1568 ·.
2550 1519 2612 1582 (71
2636 1519 2699 1568 ad
2714 1519 2765 1570 id
2782 1521 2912 1570 enim
2930 1520 3101 1571 deveni
3116 1523 3261 1572 sortis
3274 1521 3515 1588 adver-sm,
3544 1526 3657 1574 sive
3684 1525 3733 1574 id

2156 1607 2399 1671 iuventuti
2416 1609 2563 1671 atque
2578 1607 2917 1671 impmdenuoe
2932 1623 3055 1661 mem
3072 1610 3383 1662 tribuendum
3400 1614 3496 1676 est,
3516 1613 3628 1663 sive
3645 1627 3734 1677 po·

2160 1697 2324 1747 tentiae
2342 1709 2511 1746 eorum
2530 1697 2615 1760 qui
2632 1697 3043 1749 cohortationibus
3058 1699 3160 1750 suis
3174 1699 3238 1750 ad
3260 1701 3402 1751 istam
3421 1715 3505 1752 me
3528 1701 3733 1752 demen-

2164 1785 2281 1836 tiam
2298 1785 2563 1848 adegerunt
2574 1821 2592 1848 ,
2614 1787 2672 1836 ut
2692 1798 2787 1836 non
2806 1799 2995 1850 possem
3020 1787 3139 1850 quin
3156 1787 3281 1838 inta-
3300 1788 3401 1840 duo
3418 1791 3557 1840 mala
3576 1791 3735 1840 maxi-

2162 1886 2243 1923 ma
2267 1873 2473 1923 alterum
2502 1874 2719 1937 optarem
2754 1893 2768 1925 z
2796 1877 3020 1925 auctores
3044 1875 3175 1925 enim
3208 1876 3413 1927 istorum
3444 1878 3737 1929 facinorum

2162 1963 2201 2014 si
2225 1963 2428 2027 prodere
2448 1963 2628 2014 nollem
2644 1999 2661 2026 ,
2677 1975 2775 2014 non
2792 1962 2857 2013 de
2872 1977 2953 2014 me
2968 1964 3071 2014 solo
3088 1965 3393 2027 periclitabar
3412 1967 3565 2018 fatale
3586 1969 3736 2030 quid,

2162 2051 2441 2103 necessitate
2458 2051 2523 2102 ita
2542 2053 2741 2115 ferente,
2759 2052 2881 2116 pati,
2900 2051 2984 2102 sed
3002 2052 3146 2104 etiam
3160 2055 3349 2118 patrem
3364 2055 3551 2106 nullius
3568 2057 3737 2120 culpe
3821 2089 3822 2112 γ

2164 2143 2435 2191 consortem
2456 2143 2617 2192 metus
2632 2141 2738 2191 erat
2768 2153 2831 2191 ne
2854 2154 2952 2191 una
2973 2154 3167 2192 mecum
3186 2143 3469 2206 perimerem
3494 2145 3739 2206 (omina

2164 2229 2293 2281 enim
2312 2229 2453 2280 edere
2475 2242 2553 2279 me
2572 2230 2841 2293 recusante,
2866 2230 3135 2281 necessario
3148 2231 3243 2281 boe
3267 2232 3312 2282 ei
3330 2232 3609 2294 accidisset)
3630 2251 3649 2296 ς
3674 2247 3740 2284 ex

2162 2319 2311 2369 altera
2343 2319 2483 2381 parte
2504 2331 2605 2368 rem
2635 2320 2817 2382 gestam
2846 2317 2887 2370 si
2918 2319 3182 2383 aperirem,
3209 2322 3260 2370 et
3284 2322 3487 2384 ipsemet
3522 2322 3740 2374 emissus

2162 2407 2324 2458 salvus
2346 2407 2556 2470 abibam,
2578 2408 2631 2458 et
2660 2406 2897 2457 liberabas·
2932 2420 2963 2458 a
2988 2408 3269 2459 necessitate
3304 2409 3571 2472 parricidii.
3644 2415 3738 2462 Ec·
3822 2479 3824 2482 Α

2161 2495 2282 2560 quid
2306 2497 2471 2546 autem
2518 2496 2591 2545 est
2620 2495 2751 2559 quod
2774 2497 2829 2546 tu
2863 2509 2961 2546 non
2994 2495 3159 2547 subire
3178 2498 3325 2561 atque
3352 2499 3536 2550 audere
3552 2501 3737 2564 malis,

2163 2597 2307 2649 quam
2325 2587 2511 2648 patrem
2536 2582 2786 2635 occidere?
2848 2584 2916 2648 (8)
2946 2587 3043 2647 Ego
3060 2585 3239 2649 itaque,
3260 2598 3347 2649 pro
3369 2600 3424 2638 re
3438 2589 3575 2651 nata,
3606 2603 3738 2640 con-

2163 2672 2395 2724 ditionem
2410 2673 2637 2737 optabam
2654 2685 2779 2735 eam,
2794 2685 2909 2735 quoe
2922 2673 3039 2724 mihi
3055 2674 3253 2737 quidem
3270 2688 3502 2728 moerores
3518 2677 3585 2727 ad
3608 2680 3735 2729 tem·

2162 2775 2254 2826 pus
2270 2775 2417 2827 quam
2434 2762 2761 2824 longissimum
2780 2763 2883 2812 erat
2900 2763 3127 2826 allatura,
3141 2764 3279 2814 vobis
3295 2769 3461 2817 autem
3474 2767 3597 2818 mali
3618 2770 3737 2819 tum

2162 2851 2411 2917 praesentis
2459 2850 2789 2914 depulsionem
2837 2863 2984 2914 quam
3024 2851 3319 2904 citissimam.
3381 2855 3737 2906 necor-damini

2162 2931 2324 2993 modo,
2350 2921 2531 2993 qua'nto
2548 2929 2597 2978 in
2615 2928 2891 2978 discrimine
2906 2932 3182 2993 quantaque
3197 2931 3249 2981 in
3270 2933 3597 2995 perplexitate
3618 2937 3736 2986 tum

2164 3019 2339 3071 versati
2354 3016 2459 3068 aitis
2475 3018 2525 3067 et
2546 3029 2695 3079 quam
2720 3017 3029 3068 vehementer
3050 3017 3139 3081 ipsi
3158 3032 3245 3068 vos
3260 3025 3435 3070 mutuo
3456 3023 3735 3074 exhorrue-

2162 3109 2295 3171 r1tis,
2334 3109 2391 3157 ut
2421 3107 2497 3156 vel
2537 3105 2588 3154 in
2622 3106 2782 3156 forum
2808 3105 2999 3168 prodire
3024 3109 3397 3172 cunctaremini,
3422 3123 3735 3176 unoquoque

2164 3197 2430 3259 metuente,
2462 3208 2525 3245 ne
2545 3195 2882 3258 corriperetur.
2947 3197 3067 3253 Qum
3096 3197 3225 3247 maia
3242 3199 3296 3248 ut
3320 3198 3458 3248 νοω
3489 3199 3633 3252 hunc
3666 3203 3733 3253 ad

2162 3287 2363 3337 modum
2383 3283 2733 3347 contingerent,
2752 3282 3102 3346 deprehensum
3118 3288 3193 3338 est
3224 3299 3305 3336 me
3326 3291 3515 3350 mrtem
3542 3295 3729 3340 contu-

2160 3377 2270 3428 llsse
2302 3377 2388 3426 vix
2412 3375 2739 3437 millesimum
2774 3375 2883 3425 finis
2902 3379 3066 3426 autem
3090 3378 3146 3428 ut
3168 3377 3224 3426 iis
3248 3377 3599 3444 imponeretur,
3636 3396 3735 3446 ego

2160 3466 2292 3517 solus
2313 3465 2362 3514 in
2384 3477 2528 3515 causa
2546 3465 2630 3514 fui.
2696 3464 2765 3529 (9)
2789 3467 2849 3516 Et
2870 3465 3181 3516 nihilominus
3200 3467 3363 3516 tamen
3380 3467 3598 3530 effugere
3624 3484 3730 3522 non

2160 3568 2354 3619 possum
2388 3554 2645 3620 quominus
2678 3555 2771 3605 sim
2796 3554 3075 3604 mortalium
3090 3554 3307 3605 omnium
3328 3556 3692 3610 infelicissimum
3710 3575 3727 3610 ε

2160 3656 2273 3694 nam
2292 3657 2391 3708 quo
2408 3645 2625 3707 tempore
2640 3644 2849 3709 procella
2866 3643 2971 3693 baec
2986 3643 3037 3693 in
3051 3655 3209 3707 remp.
3226 3643 3555 3710 incumbebat,
3576 3660 3731 3698 uerno

2158 3745 2238 3783 me
2275 3733 2509 3784 infelicior
2544 3735 2676 3796 erat3
2708 3734 2760 3784 et
2796 3745 2993 3795 rursus,
3020 3731 3206 3782 reddita
3232 3732 3489 3784 securitate
3506 3770 3523 3797 ,
3552 3737 3731 3788 tamen

2158 3835 2285 3873 unus
2320 3835 2408 3885 ego
2430 3821 2653 3872 omnium
2682 3821 2993 3872 miserrimus.
3022 3820 3150 3870 nala
3184 3820 3313 3870 enim
3337 3820 3625 3884 reipublicae
3650 3828 3732 3876 tot

2158 3911 2242 3962 illa
2262 3913 2495 3975 tantaque
2516 3912 2675 3961 sanari
2714 3910 2849 3960 nullo
2881 3909 2975 3960 alio
3000 3907 3145 3958 modo
3174 3921 3324 3972 quam
3344 3909 3583 3962 dedecore
3610 3927 3729 3966 meo

2157 4001 2393 4063 poterant,
2408 4013 2507 4062 quo
2523 3999 2670 4050 tiebat
2702 4001 2775 4061 ut,
2791 3997 2921 4061 quod
2942 3997 3061 4047 mihi
3080 3999 3291 4062 noceret,
3308 3997 3360 4048 id
3386 3999 3548 4062 ipsum
3572 4003 3729 4054 saluti

2154 4087 2292 4139 vobis
2322 4089 2461 4138 esset.
2528 4087 2831 4151 Quapropter
2868 4087 3240 4136 consentaneum
3282 4087 3356 4136 est
3394 4099 3475 4136 me
3500 4101 3595 4152 per
3624 4090 3731 4141 hoc

2154 4176 2471 4227 infortunium
2488 4188 2653 4226 meum
2668 4187 2767 4226 non
2780 4174 2947 4225 odium
2968 4187 2999 4224 a
3030 4173 3169 4224 vohis
3180 4173 3389 4235 auferre,
3406 4175 3492 4226 sed
3508 4177 3727 4239 gratiam

2154 4266 2315 4330 potius
2331 4265 2469 4316 inire.
3456 4297 3463 4304 ·

2220 4356 2291 4401 ¹0.
2324 4351 2669 4402 Verumtamen
2688 4363 2775 4412 ego
2794 4350 3084 4401 calamitatis
3104 4363 3226 4401 meae
3244 4351 3352 4401 tum
3376 4353 3612 4416 temporis
3640 4357 3724 4406 in-

2152 4425 2369 4490 telligens
2400 4427 2549 4490 (nam
2587 4426 2804 4489 profecto
2830 4437 2929 4474 non
2954 4425 3067 4476 novi
3102 4425 3253 4488 genus
3273 4425 3431 4478 ullum
3466 4427 3725 4479 malorum

2151 4503 2504 4554 dedecorumve
2536 4515 2567 4552 a
2605 4514 2705 4565 quo
2748 4501 2961 4552 intactus
2996 4501 3277 4552 mansissem
3294 4537 3311 4562 ,
3352 4501 3457 4566 siye
3488 4505 3725 4556 cecitate

2152 4579 2326 4630 mentis
2340 4579 2563 4642 delusus,
2584 4577 2687 4630 sive
2724 4577 3007 4628 necessitate
3034 4591 3195 4628 rerum
3217 4579 3549 4644 constrictus),
3576 4581 3724 4631 rebar

2145 4654 2547 4719 jucundissimum
2566 4653 2705 4704 vobis
2724 4653 2828 4703 fore
2854 4652 2896 4701 si
2919 4665 2979 4701 eo
3004 4651 3150 4702 modo
3168 4653 3319 4704 vitam
3337 4667 3531 4718 agerem
3558 4668 3725 4720 eoque

2150 4727 2347 4791 inluso,
2368 4741 2465 4792 quo
2487 4727 2687 4778 minime
2704 4729 2879 4778 vestris
2906 4727 3061 4778 oeulis
3086 4740 3237 4778 essem
3259 4729 3621 4781 obversatur-us.
3654 4735 3722 4781 Ut

2149 4809 2311 4856 autem
2331 4803 2525 4854 tandem
2546 4802 2806 4866 aliquando
2832 4815 2931 4865 me,
2950 4800 3002 4851 id
3018 4801 3151 4865 quod
3173 4803 3275 4854 fieri
3300 4817 3387 4868 par
3404 4807 3527 4868 erat,
3553 4809 3605 4856 et
3624 4806 3718 4858 de-

2147 4883 2375 4936 siderium
2396 4879 2523 4943 cepit
2539 4879 2670 4929 illius
2693 4879 2825 4941 vitae,
2845 4891 2995 4942 quam
3014 4879 3132 4928 olim
3156 4879 3276 4930 civis
3296 4879 3457 4929 vester
3475 4879 3607 4929 inter
3630 4895 3723 4932 vos

2148 4958 2365 5021 egissem,
2381 4957 2433 5006 et
2450 4954 2666 5006 toedium
2692 4953 2829 5004 istius
2846 4953 3254 5016 commorationis,
3278 4953 3409 5004 unde
3434 4966 3515 5004 me
3530 4953 3633 5004 huc
3654 4957 3722 5006 ad

2146 5047 2235 5084 vos
2254 5032 2415 5094 retuli,
2434 5029 2704 5082 statuebam
2724 5027 2951 5092 expedire
2966 5027 3083 5078 mihi
3098 5064 3113 5090 ,
3127 5030 3185 5077 ut
3202 5030 3290 5079 aut
3312 5027 3373 5076 de
3394 5027 3493 5076 vita
3515 5041 3721 5090 prorsus

2146 5103 2429 5156 decederem
2444 5138 2459 5164 ,
2479 5103 2567 5152 aut
2590 5101 2727 5150 tanto
2750 5113 2903 5164 remp.
2926 5100 3044 5149 mihi
3070 5098 3411 5162 obstringerem
3447 5097 3690 5148 beneficio
3704 5138 3719 5162 ,

2146 5178 2204 5225 ut
2228 5188 2317 5224 vos
2338 5172 2471 5224 haud
2500 5172 2639 5223 inviti
2662 5171 2828 5221 essetis
2850 5170 3036 5234 passuri
3076 5183 3153 5219 me
3176 5171 3301 5221 inter
3320 5181 3409 5218 vos
3430 5181 3577 5232 aequo
3600 5183 3719 5220 cum

511 5229 654 5305 ὑμῶν
685 5225 900 5286 ἑκόντων
923 5214 1056 5284 εἶναί
1077 5223 1208 5284 “⁰⁴⁸4
1227 5221 1861 5301 flmmhffflw‘fooe‘iffio’
1887 5225 2053 5300 ὑμῶν·
2140 5247 2249 5311 jure
2274 5243 2405 5296 civili
2422 5244 2619 5294 versari.
2686 5242 2786 5305 (ιι)
2823 5242 2940 5292 inde
2978 5242 3041 5292 ab
3075 5254 3135 5290 eo
3164 5241 3307 5304 igitur
3332 5243 3555 5302 tempore
3590 5242 3719 5290 nulli

435 5324 488 5371 1⁰
514 5315 602 5400 (n)
625 5315 724 5376 Ἐκ
764 5311 820 5375 δὲ
845 5313 1027 5376 τούτου
1053 5315 1112 5376 οὗ
1141 5311 1355 5376 πώποτε
1382 5311 1499 5376 οὔτε
1525 5317 1617 5375 τοῦ
1646 5311 1890 5392 σώματος
1940 5307 2057 5370 οὔτε
2144 5317 2339 5384 peperci
2358 5328 2517 5380 neque
2532 5313 2749 5379 sumptui
2770 5327 2931 5379 neque
2952 5312 3187 5364 molestia·
3200 5349 3217 5377 ‚
3240 5311 3537 5376 nullumque
3550 5310 3717 5376 defugi

3820 2113 3822 2150 1
