3825 5842
569 483 646 534 eo
1443 465 1882 528 ΑΝΔοΚιΔοΥ
1926 467 1977 525 o
2019 467 2206 527 nam
2244 464 2403 526 ΤΩΝ
2448 431 2918 528 ΜΥΣΤΗΡιαΝζ

3488 455 3503 473 ’
3541 477 3732 560 (av—³⁷2

565 595 812 677 Καίτοιγε
848 595 1095 673 τοιαύτην
1133 593 1418 673 ἀπολογίαν
1458 592 1580 676 περὶ
1621 594 1780 654 αὑτοῦ
1809 578 2129 674 ποιήσομαι,
2222 610 2279 647 θο
2295 610 2467 648 versor
2478 597 2765 648 defensionis
2780 597 2918 659 1000,
2940 597 3022 661 ut',
3043 597 3129 656 ubi
3143 597 3307 650 minus
3322 599 3461 650 vobis
3475 613 3741 672 pei-suam,

487 703 542 744 ιο
567 684 695 746 ὅπου
720 685 796 764 μὴ
819 682 1009 744 πείθων
1030 681 1125 762 μὲν
1139 685 1277 760 ὑμᾶς
1301 679 1451 748 αὐτὸς
1474 680 1837 759 ζημιώσομαι,
1864 682 2052 752 πείσας
2067 683 2121 743 δὲ

567 773 697 856 ὑπὲρ
716 777 818 833 τῶν
851 774 1051 854 ἐχθρῶν
1072 767 1520 848 ἀπολελογημένος
1539 768 1747 848 ἔσομαι.
1829 769 1992 831 Ἀλλὰ
2022 771 2125 853 γὰρ

563 864 767 936 τάληθῆ
797 859 1083 943 εἰρήσεται.
1169 859 1257 941 (73)
1288 857 1444 918 Ἐπεὶ
1461 855 1563 938 γὰρ
1607 860 1663 917 αἱ
1691 861 1809 931 ν’ῆες
1847 859 2128 941 διεφθάρη-

565 975 662 1012 σαν
695 949 787 1010 καὶ
822 953 856 1020 ἡ
887 947 1162 1028 πολιορκία
1187 945 1414 1026 ἐγένετο,
1444 945 1822 1006 ἐὸουλεύσασθε
1853 948 1973 1029 περὶ
1997 953 2127 1026 ὁμο-

562 1039 734 1110 νοίας,
763 1037 854 1097 καὶ
879 1035 1048 1106 ἔδοξεν
1069 1036 1189 1114 ὑμῖν
1218 1032 1335 1102 τοὺς
1359 1033 1575 1113 ἀτίμους
1613 1034 1879 1114 ἐπιτίμους
1910 1041 2127 1110 ποιῆσαι

559 1126 652 1187 καὶ
687 1116 804 1186 εἶπε
842 1123 937 1198 τὴν
978 1121 1192 1204 γνώμην
1231 1121 1643 1204 Πατροκλείδης.
1727 1127 1798 1184 Οἱ
1849 1123 1905 1182 δὲ
1949 1123 2127 1202 ἄτιμοι

557 1215 689 1282 τίνες
713 1206 848 1287 ἦσαν
861 1257 878 1286 ,
901 1210 992 1272 καὶ
1015 1209 1130 1271 τίνα
1158 1209 1348 1293 τρόπον
1373 1209 1582 1271 ἕκαστοι
1599 1234 1616 1285 3
1632 1208 1736 1290 ἐγὼ
1755 1215 1894 1290 ὑμᾶς
1913 1211 2123 1281 διδάξω.

559 1307 628 1363 Oi
653 1301 748 1380 μὲν
761 1299 1004 1383 ἀργύριον
1025 1299 1311 1384 ὀφείλοντες
1324 1303 1400 1379 τῷ
1417 1297 1655 1379 δημοσίῳ
1670 1343 1689 1374 ,
1711 1297 1897 1359 ὁπόσοι
1915 1299 2126 1368 εὐθύνας

485 1415 532 1454 ιε
557 1382 729 1472 ὦφλον
755 1389 999 1470 ἄρξαντες
1022 1387 1218 1472 ἀρχάς,
1238 1386 1273 1459 ἢ
1298 1386 1509 1457 ἐξούλας
1527 1384 1562 1456 ἢ
1585 1386 1788 1469 γραφὰς
1808 1386 1845 1461 ἢ
1871 1386 2121 1457 ἐπιθολὰς

545 1469 762 1561 ὦφλον,
789 1476 826 1548 ἢ
852 1475 988 1544 ὠνὰς
1011 1478 1289 1559 πριάμενοι
1311 1477 1371 1535 ἐκ
1394 1479 1484 1534 τοῦ
1515 1473 1770 1553 δημοσίου
1785 1474 1862 1554 μὴ
1889 1474 2125 1536 κατέδα-

557 1570 649 1627 λον
671 1565 740 1626 τὰ
765 1565 1020 1647 χρήματα
1036 1612 1054 1640 ,
1095 1564 1130 1635 ἢ
1155 1563 1343 1643 ἐγγύας
1367 1561 1700 1642 ἠγγυήσαντο
1723 1563 1851 1646 πρὸς
1870 1564 1933 1624 τὸ
1958 1565 2123 1644 δημό-

559 1678 698 1729 σιον,
725 1653 922 1722 τούτοις
946 1657 982 1726 ἡ
1016 1650 1111 1732 μὲν
1136 1650 1326 1718 ἔκτισις
1353 1642 1416 1724 ἦν
1441 1651 1530 1710 ἐπὶ
1563 1655 1656 1724 τῆς
1691 1651 1876 1726 ἐνάτης
1913 1676 2122 1735 πρυτα-

559 1742 731 1817 νείας,
762 1743 809 1801 εἰ
845 1741 900 1801 δὲ
941 1739 1044 1820 μή,
1081 1739 1354 1800 διπλάσιον
1383 1738 1606 1820 ὀφείλειν
1632 1739 1723 1799 καὶ
1759 1738 1828 1799 τὰ
1871 1741 2118 1819 κτήματα

559 1833 730 1892 αὐτῶν
749 1833 1068 1911 πεπρᾶσθαι.
1149 1827 1244 1910 (74)
1278 1818 1373 1895 Εἷς
1399 1825 1494 1906 μὲν
1516 1827 1705 1909 τρόπος
1732 1819 1876 1898 οὗτος
1905 1829 2119 1908 ἀτιμίας

553 1911 653 1994 ἦν·
675 1918 845 2001 ἔτερος
875 1917 930 1978 δὲ
955 1909 1027 1977 ὃν
1057 1915 1152 1996 μὲν
1173 1915 1242 1975 τὰ
1266 1915 1490 1994 σώματα
1521 1916 1685 1996 ἄτιμα
1714 1909 1810 1991 ἦν,
1842 1915 1937 1990 τὴν
1966 1920 2014 1978 δ’
2033 1921 2122 1978 οὔ·

474 2029 528 2069 20
557 2007 674 2068 σίαν
699 1998 838 2088 εἶχον
866 2005 956 2067 καὶ
980 2005 1280 2078 ἐκέκτηντο·
1306 1997 1447 2065 οὗτοι
1475 2006 1521 2064 δ’
1550 1997 1619 2066 αὖ
1639 1998 1774 2080 ἦσαν
1795 2007 1978 2067 ὁπόσοι
1999 2009 2123 2067 κλο-

559 2101 660 2168 πῆς
687 2094 722 2167 ἢ
751 2093 930 2177 δώρων
957 2093 1188 2177 ὄφλοιεν·
1223 2091 1434 2162 τούτους
1467 2093 1514 2153 δ’
1539 2093 1645 2154 ἔδει
1682 2095 1774 2156 καὶ
1813 2095 1998 2166 αὖτοὺς
2030 2097 2121 2158 καὶ

559 2181 678 2250 τοὺς
699 2183 759 2241 ἐκ
785 2180 980 2242 τούτων
1013 2180 1227 2259 ἀτίμους
1255 2172 1415 2243 εἶναι·
1497 2181 1587 2241 καὶ
1610 2182 1792 2243 ὁπόσοι
1809 2182 2009 2243 λίποιεν
2027 2183 2121 2258 τὴν

554 2269 698 2340 τάξιν
724 2267 760 2342 ἢ
802 2268 1109 2351 ἀστρατείας
1128 2269 1164 2342 ἢ
1200 2268 1391 2338 δειλίας
1417 2268 1452 2344 ἢ
1483 2270 1810 2351 ἀναυμαχίου
1836 2270 2038 2356 ὄφλοιεν
2080 2273 2116 2347 ἢ

553 2358 649 2432 τὴν
678 2358 875 2419 ἀσπίδα
897 2357 1212 2419 ἀποὸἄλοιεν
1231 2405 1248 2438 ,
1278 2356 1440 2439 ἢτρὶς
1464 2360 1921 2441 ψευδομαρτυριῶν
1945 2360 1979 2433 ἢ
2012 2363 2120 2442 τρὶς

555 2447 958 2520 ὼευδοκλητείας
984 2446 1187 2529 ὄφλοιεν
1202 2492 1219 2519 ,
1246 2447 1282 2520 ἢ
1320 2445 1438 2515 τοὺς
1479 2445 1656 2526 γονέας
1683 2452 1857 2516 κακῶς
1893 2453 2118 2527 ποιοῖεν,

554 2530 693 2596 οὗτοι
718 2535 907 2606 πάντες
934 2535 1112 2612 ἄτιμοι
1132 2526 1268 2608 ἦσαν
1289 2533 1357 2594 τὰ
1385 2533 1607 2614 σώματα
1625 2581 1644 2616 ,
1679 2536 1747 2595 τὰ
1779 2534 1834 2596 δὲ
1862 2535 2118 2619 χρήματα

555 2615 716 2706 εἶχον.
797 2625 890 2706 (75)
945 2621 1125 2684 Ἄλλοι
1165 2613 1232 2682 αὗ
1269 2623 1406 2683 κατὰ
1456 2623 1788 2703 προστάξεις,
1842 2625 2024 2696 οἵτινες
2048 2629 2116 2701 ,οὗ

471 2734 526 2776 ²5
556 2713 890 2775 παντάπασιν
919 2712 1096 2792 ἄτιμοι
1122 2703 1285 2787 ἦσαν,
1310 2710 1446 2772 ἀλλὰ
1465 2714 1618 2794 μέρος
1643 2736 1694 2773 τι
1721 2717 1921 2789 αὑτῶν,
1941 2707 2047 2776 οἷον
2070 2719 2117 2777 οἱ

552 2806 870 2885 στρατιῶται
888 2847 907 2880 ,
930 2793 1004 2870 οἶς
1023 2846 1041 2879 ,
1060 2799 1142 2860 ὅτι
1161 2799 1436 2879 ἐπέμειναν
1459 2799 1545 2861 ἐπὶ
1566 2805 1670 2862 τῶν
1688 2800 1953 2884 τυράννων
1976 2806 2029 2863 ἐν
2051 2808 2116 2886 τῇ

551 2890 703 2950 πόλει
719 2935 735 2963 ,
757 2889 826 2950 τὰ
851 2889 946 2966 μὲν
966 2891 1104 2948 ἄλλα
1135 2880 1200 2961 ἦν
1229 2888 1364 2971 ἅπερ
1391 2893 1497 2957 τοῖς
1519 2888 1696 2958 ἄλλοις
1741 2889 2009 2965 πολίταις,
2036 2895 2116 2953 εἰ-

549 2985 668 3036 πεῖν
699 2978 744 3036 δ’
789 2979 842 3037 ἐν
881 2979 957 3058 τῷ
996 2976 1150 3057 δήμῳ
1175 2979 1269 3036 οὐκ
1293 2975 1410 3050 ἐξῆν
1455 2978 1628 3045 αὐτοῖς
1653 2977 1768 3038 οὐδὲ
1815 2982 2112 3059 βουλεῦσαι.

549 3063 766 3126 Τούτων
793 3055 927 3138 ἦσαν
955 3054 1095 3123 οὗτοι
1117 3062 1324 3142 ἄτιμοι·
1357 3063 1490 3139 αὕτη
1518 3065 1620 3147 γὰρ
1645 3058 1708 3138 ἦν
1729 3063 1929 3136 τούτοις
1944 3068 2113 3152 πρόσ-

549 3151 706 3222 ταξις.
792 3153 880 3233 (76)
935 3151 1166 3233 Ἑτέροις
1192 3154 1286 3212 οὐκ
1321 3144 1385 3226 ἦν
1413 3153 1746 3235 γράψασθαι,
1779 3163 1884 3224 τοῖς
1928 3156 1981 3216 δὲ
2024 3161 2107 3218 ἐν·

551 3241 711 3312 δεῖξαι
728 3286 747 3319 ,
775 3243 881 3310 τοῖς
907 3238 962 3302 δὲ
990 3239 1065 3320 μὴ
1099 3242 1424 3302 ἀναπλεῦσαι
1465 3244 1536 3310 εἰς
1559 3241 1983 3319 Ἑλλήσποντον,
2011 3247 2111 3306 ἄλ-

548 3333 655 3399 λοις
678 3332 725 3390 δ’
738 3332 808 3398 εἷς
830 3327 1064 3389 Ἰωνίαν·
1145 3337 1251 3396 τοῖς
1277 3328 1322 3387 δ’
1353 3331 1422 3397 εἰς
1443 3327 1537 3401 τὴν
1562 3328 1755 3410 ἀγορὰν
1785 3330 1859 3408 μὴ
1893 3332 2105 3392 εἰσιέναι

471 3439 524 3480 ao
551 3417 826 3502 πρόσταξις
847 3409 930 3490 ἦν.
1012 3419 1064 3478 Τ
1065 3419 1178 3476 αὖτ’
1198 3407 1286 3477 οὖν
1307 3417 1629 3499 ἐψηφίσασθε
1652 3419 1920 3500 ἐξαλεῖψαι
1937 3419 2109 3482 πάντα

553 3507 621 3568 τὰ
663 3505 976 3590 ψηφίσματα
1000 3550 1019 3585 ,
1065 3504 1156 3565 καὶ
1195 3502 1331 3564 αὐτὰ
1357 3506 1449 3565 καὶ
1494 3505 1543 3564 εἴ
1587 3505 1686 3566 πού
1721 3530 1772 3566 τι
1801 3508 2111 3594 ἀντίγραφον

553 3585 616 3670 ἦν
633 3641 649 3670 ,
673 3595 764 3656 καὶ
797 3594 970 3654 πίστιν
999 3594 1245 3666 ἀλλήλοις
1272 3593 1391 3676 περὶ
1413 3595 1652 3672 ὁμονοίας
1671 3598 1846 3656 δοῦναι
1875 3599 1927 3656 ἐν
1952 3600 2111 3679 ἀκρο-

551 3683 722 3748 πόλει.
805 3682 915 3744 Καί
941 3706 1030 3761 μοι
1060 3681 1318 3762 ἀνάγνωθι
1343 3681 1402 3742 τὸ
1427 3681 1674 3764 ψήφισμα
1701 3683 1760 3744 τὸ
1783 3686 2106 3767 Πατροκλεί-

553 3775 641 3834 δου
655 3818 673 3849 ,
695 3772 814 3833 καθ’
845 3771 872 3832 δ
897 3778 1066 3831 ταῦτα
1093 3771 1315 3850 ἐγένετο.

1142 3893 1523 3948 ΨΗΦῙΣΜΑ.

651 4020 764 4092 77.
819 3989 1274 4087 Πατροκλείδης
1329 3991 1518 4062 εἶπεν·
1591 3989 1818 4074 Επειδὴ
1889 3994 2107 4092 ἑψηφί-

477 4111 482 4114 ’
548 4131 730 4173 σαντο
759 4100 1042 4177 Αθηναῖοι
1084 4107 1195 4177 τὴν
1240 4095 1447 4169 ἄδειαν
1499 4103 1633 4196 περὶ
1683 4114 1803 4170 τῶν
1835 4105 2108 4197 ὀφειλόν-

545 4238 706 4295 των,
739 4215 894 4278 ὥστε
924 4213 1121 4306 λέγειν
1159 4203 1375 4287 ἐξεῖναι
1418 4209 1520 4276 καὶ
1549 4206 1959 4304 ἐπιψηφίζειν,
1995 4210 2108 4301 ψη-

549 4317 828 4408 φίσασθαι
881 4319 987 4382 τὸν
1055 4311 1249 4408 δῆμον
1308 4315 1504 4383 ταύτὰ
1547 4317 1698 4410 ἅπερ
1759 4321 1859 4384 ὅτε
1893 4316 1968 4393 ἦν
2030 4319 2109 4386 τὰ

470 4449 522 4488 as
549 4415 840 4506 Μηδικά,
899 4420 1008 4486 καὶ
1075 4423 1417 4513 συνήνεγκεν
1487 4417 1801 4500 Ᾰθηναίοις
1865 4425 1965 4492 ἐπὶ
2034 4428 2107 4493 τὸ

549 4525 811 4621 ἄμεινον.
913 4525 1053 4620 Περὶ
1078 4520 1148 4593 δὲ
1170 4535 1291 4592 τῶν
1317 4527 1839 4621 ἐπιγεγραμμένων
1856 4532 1938 4607 εἰς
1971 4533 2107 4610 τοὺς

545 4633 886 4726 πράκτορας
939 4631 975 4708 ἢ
1022 4632 1159 4709 τοὺς
1203 4634 1437 4724 ταμίας
1488 4643 1596 4710 τῆς
1647 4635 1777 4700 θεοῦ
1833 4634 1937 4701 καὶ
1986 4645 2106 4702 τῶν

550 4738 757 4808 ἄλλων
791 4742 937 4809 θεῶν
989 4739 1027 4814 ἢ
1072 4739 1178 4806 τὸν
1219 4741 1506 4824 βασιλέα,
1555 4737 1591 4813 ἢ
1631 4739 1806 4819 εἴτις
1866 4746 1947 4834 μὴ
1988 4735 2105 4819 ἐξε-

544 4847 740 4943 γράφη
781 4849 960 4941 μέχρι
988 4857 1096 4924 τῆς
1125 4840 1471 4923 ἐξελθούσης
1494 4851 1710 4932 βουλῆς
1732 4845 1816 4940 ἐφ’
1829 4847 1898 4926 ἦς
1930 4850 2105 4916 Καλ·

543 4957 684 5034 λίας
697 4952 818 5048 ἧρχ
820 4981 880 5022 εν
897 5005 915 5038 ,
940 4951 1092 5048 (78)
1113 4956 1242 5020 ὅσοι
1269 4949 1485 5046 ἄτιμοι
1503 4951 1652 5027 ἦσαν
1677 4953 1713 5027 ἢ
1736 4956 2101 5048 ὀφείλοντες,

545 5062 646 5129 καὶ
682 5065 839 5130 ὅσων
901 5059 1132 5128 εὐθῦναί
1163 5061 1315 5136 τινές
1359 5059 1471 5126 εἰσι
1515 5064 2008 5154 κατεγνωσμέναι
2044 5063 2105 5128 ἐν

543 5175 672 5246 τοῖς
705 5165 1109 5262 λογιστηρίοις
1153 5167 1270 5234 ὑπὸ
1299 5175 1422 5234 τῶν
1454 5167 1699 5234 εὐθύνων
1753 5167 1790 5241 ἢ
1831 5177 1953 5234 τῶν
1985 5194 2101 5234 πα-

522 5270 800 5367 ρέδρων.
830 5271 866 5350 ἢ
896 5277 1082 5356 μήπω
1117 5274 1474 5369 εἰσηγμέναι
1497 5274 1576 5353 εἰς
1608 5275 1679 5342 τὸ
1714 5268 2105 5368 δικαστήριον

2222 668 2453 719 damnum
2474 670 2576 731 ipse
2595 668 2687 718 sim
2708 669 3019 731 accepturum
3052 667 3137 719 ubi
3153 670 3317 719 autem
3332 683 3631 735 persuasero,
3650 690 3737 730 oen.

2219 753 2325 790 sear
2355 755 2443 805 pro
2472 740 2757 792 adversariis
2786 741 2936 791 verba
2970 741 3149 792 secisse.
3224 745 3569 795 verumtamen
3592 747 3743 802 dicetur

2220 810 2271 860 id
2296 812 2425 874 quod
2444 826 2521 864 res
2554 813 2645 862 est.
2710 811 2807 874 (73)
2841 813 3007 862 Classe
3030 812 3159 862 enim
3188 812 3402 863 funditus
3418 816 3601 879 excisa,
3624 833 3743 883 quum

2220 882 2335 932 urbs
2350 882 2666 945 obsideretur,
2690 882 3026 933 deliberabatis
3038 883 3100 933 de
3117 883 3263 933 modo
3276 885 3546 937 concordien
3560 891 3742 956 tuendae,

2219 953 2493 1018 placuitque
2521 954 2704 1004 honore
2724 954 2921 1017 privatis
2938 952 3137 1004 reddere
3149 954 3414 1006 honorem:
3440 957 3575 1020 cujus
3587 965 3743 1013 senten.

2218 1022 2300 1072 tiae
2324 1024 2480 1074 tactus
2509 1027 2583 1075 est
2612 1027 2783 1075 auctor
2820 1024 3127 1074 Patroclides.
3193 1026 3388 1076 Honore
3417 1029 3579 1077 autem
3608 1044 3743 1083 carm·

2216 1095 2290 1144 tes
2314 1095 2514 1159 quinam
2536 1098 2586 1146 et
2604 1095 2903 1160 quotuplicoe
2930 1095 3133 1158 fuerint,
3164 1095 3215 1146 id
3236 1109 3322 1147 vos
3346 1097 3549 1149 docebo.
3608 1105 3743 1154 Hono-

2216 1177 2318 1215 rem
2341 1167 2626 1218 amittebant
2644 1168 2855 1230 primum
2877 1167 3107 1230 pecunias
3122 1169 3291 1218 oerario
3310 1168 3505 1230 publico
3522 1169 3741 1238 debentes,

2215 1237 2345 1299 qnod
2378 1237 2747 1300 magistratuum
2784 1251 2815 1288 a
2848 1250 2901 1288 se
2932 1239 3175 1301 gestorum
3214 1239 3426 1290 rationes
3462 1241 3649 1294 reddere
3680 1261 3743 1297 ne-

2214 1307 2459 1372 quissent,
2497 1310 2599 1359 sive
2645 1309 2801 1359 aliena
2835 1309 2964 1359 bona
3004 1322 3091 1372 per
3129 1309 3263 1360 nefas
3300 1316 3631 1376 occupassent,
3666 1319 3744 1369 sive

2214 1378 2425 1429 actiones
2460 1380 2724 1442 majestatis
2757 1380 3031 1442 illegitimas
3062 1380 3408 1443 suscepissent,
3440 1382 3545 1432 sive
3568 1387 3739 1440 mulctas

2212 1448 2487 1501 arbitrariae
2510 1451 2825 1513 irrogassent,
2844 1451 2947 1500 sive
2966 1463 3077 1513 quae
3096 1463 3125 1500 a
3152 1465 3253 1514 rep.
3277 1453 3529 1515 vectigalia
3548 1457 3740 1510 redemis-

2212 1521 2345 1582 sent,
2364 1534 2533 1570 eorum
2560 1523 2726 1584 pactas
2760 1519 3005 1570 mercedes
3038 1533 3138 1570 non
3161 1520 3525 1586 dependissent,
3556 1526 3649 1576 sive
3674 1542 3741 1591 pro

2213 1589 2319 1641 aliis
2344 1590 2645 1654 fidejussores
2676 1591 2847 1642 sentio
2874 1590 2990 1642 tacti
3020 1591 3223 1642 finissent
3245 1613 3258 1642 :
3284 1593 3361 1642 his
3376 1594 3601 1646 omnibus
3624 1610 3739 1660 pecu·

2212 1661 2343 1710 niam
2380 1675 2467 1712 seu
2500 1663 2733 1713 mulctam
2767 1661 2939 1712 aerario
2982 1660 3269 1713 debentibus
3297 1665 3414 1714 ante
3446 1677 3624 1717 nonum
3654 1672 3741 1720 anni

2212 1742 2425 1781 mensem
2448 1732 2695 1783 evolutum
2718 1735 2823 1784 erat
2848 1731 3067 1782 debitum
3084 1732 3346 1796 luendum;
3374 1735 3453 1785 sin
3470 1737 3623 1787 minus
3636 1777 3651 1802 ,
3669 1741 3739 1789 dn-

2210 1801 2347 1863 plum
2359 1801 2597 1854 debebant
2610 1805 2659 1854 et
2671 1804 2801 1854 bona
2811 1804 3025 1867 ipsorum
3037 1803 3231 1866 publice
3242 1805 3491 1856 venibant.
3525 1807 3617 1872 (74)
3634 1813 3740 1866 Unus

2211 1870 2290 1920 hic
2308 1873 2411 1922 erat
2428 1873 2603 1924 modus
2614 1874 2903 1926 conditionis
2914 1875 3181 1926 inhonestas
3198 1876 3351 1926 :alter
3364 1877 3542 1928 modus
3562 1880 3645 1930 iste
3658 1887 3739 1947 est,

2210 1955 2362 2004 quum
2381 1957 2583 2008 corpora
2600 1946 2800 2008 quidem
2830 1945 2933 2010 ipsa
2962 1946 3345 2009 delinquentium
3376 1948 3561 1999 honore
3581 1957 3738 2018 carent,

2210 2013 2337 2064 bona
2354 2017 2517 2066 autem
2534 2016 2646 2080 ipsis
2662 2029 2774 2080 qum
2795 2015 3037 2080 possident
3061 2017 3195 2068 salva
3220 2021 3457 2069 manent:
3482 2019 3574 2070 hoc
3600 2037 3740 2085 genere

2210 2095 2481 2157 ignominiae
2516 2096 2825 2160 notabantur,
2848 2096 2915 2146 ob
2934 2097 3065 2146 furta
3084 2095 3157 2161 [in
3174 2095 3441 2161 rempubl]
3470 2101 3553 2150 aut
3584 2102 3641 2151 ob
3658 2117 3739 2154 mn·

2210 2183 2382 2220 nerum
2407 2171 2757 2234 acceptationes
2780 2172 2978 2222 mulctoe
3013 2170 3227 2222 damnati
3254 2191 3267 2222 ι
3310 2172 3401 2223 hos
3432 2175 3673 2236 oportebat
3700 2183 3739 2231 et

2209 2241 2337 2305 ipsos
2357 2244 2406 2293 et
2428 2256 2491 2292 ex
2508 2241 2621 2306 ipsis
2650 2244 2790 2293 natos
2812 2243 2995 2292 honore
3020 2255 3183 2293 carere
3205 2263 3218 2294 ι
3240 2243 3356 2294 item
3384 2246 3619 2309 quotquot
3636 2251 3735 2300 ordi·

2208 2315 2389 2363 nemin
2406 2313 2509 2364 acie
2530 2312 2877 2375 deseruissent,
2916 2313 3003 2364 aut
3032 2313 3084 2363 in
3114 2315 3270 2364 castra
3290 2325 3389 2364 non
3426 2315 3651 2382 exissent,
3672 2327 3739 2372 aut

2208 2389 2367 2452 pavidi
2393 2389 2595 2440 fuissent
2618 2391 2704 2440 aut
2736 2390 2923 2440 militiai
2960 2392 3121 2442 navali
3148 2391 3307 2443 vocati
3344 2391 3543 2442 nomina
3561 2409 3647 2445 non
3668 2399 3735 2448 de·

2207 2465 2393 2517 dissent
2408 2469 2495 2517 aut
2520 2467 2715 2516 scutum
2737 2467 3050 2530 abjecissent,
3078 2469 3163 2518 aut
3193 2469 3269 2518 ter
3288 2469 3493 2520 finissent
3522 2472 3737 2533 injudicio

2208 2544 2515 2595 condemnati
2546 2545 2651 2596 t’alsi
2679 2545 2944 2596 testimonii
2969 2547 3055 2596 ant
3082 2547 3325 2597 ementitae
3340 2547 3391 2596 in
3408 2547 3491 2610 ius
3508 2551 3734 2616 citationis,

2206 2622 2293 2671 ant
2315 2623 2538 2685 parentes
2558 2621 2685 2672 male
2720 2622 3011 2672 tractassent
3036 2640 3049 2671 ι
3070 2621 3121 2670 bi
3139 2633 3333 2686 omnes,
3368 2623 3535 2686 quoad
3568 2639 3735 2690 camora

2207 2697 2444 2748 inhonesti
2479 2699 2642 2760 erant,
2674 2697 2803 2748 bona
2832 2698 2997 2748 tamen
3022 2697 3137 2761 ipsis
3168 2697 3303 2748 salva
3328 2699 3601 2752 manebant.
3657 2703 3733 2766 (75)

2206 2781 2396 2830 Rursus
2426 2776 2511 2826 alii
2536 2775 2735 2826 infamia
2764 2776 2902 2825 erant
2930 2775 3083 2825 notati
3102 2775 3367 2826 secundum
3388 2781 3733 2844 praeemit-qua·
3790 2821 3792 2848 ἰ

2208 2853 2461 2902 damtenus
2484 2872 2496 2904 ε
2522 2851 2571 2902 hi
2602 2864 2701 2901 non
2735 2849 2951 2901 funditus
2982 2852 3119 2901 erant
3159 2850 3314 2914 capite
3342 2851 3548 2916 minuti,
3573 2856 3649 2905 sed
3673 2871 3733 2908 so-
3790 2849 3792 2856 '

2205 2928 2459 2980 lummodo
2488 2926 2650 2991 quoad
2688 2928 2876 2990 partem
2916 2923 3021 2986 eius
3060 2925 3300 2988 aliquam,
3328 2940 3374 2977 e.
3410 2941 3458 2978 c.
3490 2931 3675 2995 milites,
3702 2935 3732 2986 si

2204 3007 2289 3070 qui
2326 3004 2419 3055 sub
2454 3003 2705 3068 tyrannide
2744 3001 3157 3065 trigintavirorum
3200 3003 3253 3052 in
3292 3005 3417 3055 urbe
3456 3009 3731 3072 mansissent,

2202 3084 2253 3132 hi
2266 3083 2377 3146 jure
2398 3082 2448 3132 in
2466 3079 2695 3131 concione
2712 3078 2869 3130 standi
2883 3081 2969 3130 ant
2984 3079 3224 3128 senatorio
3239 3079 3425 3132 bonore
3446 3083 3655 3147 OEungmdi
3669 3100 3731 3135 m.

2202 3156 2391 3207 rebant.
2456 3156 2702 3206 Hactenus
2720 3153 2816 3204 iliis
2838 3155 2943 3203 erat
2974 3153 3127 3204 honos
3158 3153 3485 3209 imminutus:
3510 3172 3618 3210 nam
3650 3161 3731 3213 hnc

2202 3235 2307 3282 erat
2349 3231 2463 3294 ipsis
2512 3228 2730 3279 conditio
2769 3228 3067 3292 praescripta.
3134 3229 3235 3292 (76)
3276 3229 3397 3281 Aliis
3446 3246 3544 3282 non
3588 3235 3731 3289 licebat

2200 3317 2477 3370 quenquam
2496 3303 2760 3366 maiestatis
2777 3315 3031 3364 accusare3
3054 3300 3161 3352 aliis
3176 3314 3275 3351 non
3294 3301 3473 3355 licebat
3485 3305 3599 3356 alios
3614 3311 3729 3360 actio·

2199 3383 2344 3432 nibus
2379 3381 2683 3432 iudicationis
2714 3380 2961 3444 persequi;
2990 3379 3096 3429 aliis
3117 3379 3433 3431 interdictum
3460 3384 3563 3432 erat
3581 3386 3625 3434 in
3644 3388 3729 3436 Hel·

2201 3458 2475 3522 lespontum
2498 3456 2732 3521 proticisci
2754 3469 2838 3519 per
2856 3467 3017 3517 mare,
3033 3454 3140 3504 aliis
3166 3454 3215 3503 in
3248 3456 3466 3519 loniam;
3486 3457 3585 3509 aliis
3600 3461 3730 3512 aditus

2202 3535 2292 3584 t'orl
2310 3535 2503 3585 clausus
2524 3535 2642 3583 erat.
2710 3532 2916 3583 Decreta
2946 3531 3095 3593 igitur
3125 3530 3233 3582 haec
3257 3533 3421 3582 omnia
3434 3571 3451 3596 ,
3476 3535 3571 3584 tam
3603 3539 3728 3600 prima

2201 3614 2420 3676 exempla
2446 3625 2593 3676 quam
2616 3611 2836 3675 repetita,
2856 3609 3006 3660 deleri
3029 3609 3235 3673 jussistis
3260 3612 3653 3678 concordiamque
3672 3617 3729 3679 ju-

2202 3688 2455 3752 rejurando
2478 3689 2651 3738 mutuo
2678 3687 2727 3736 in
2752 3690 2873 3737 Arce
2890 3684 3093 3736 dicendo
3113 3685 3305 3736 sanciri.
3370 3687 3535 3738 Recita
3559 3691 3611 3739 tn
3634 3691 3727 3758 mihi

2200 3767 2448 3818 decretum
2466 3765 2748 3819 Patroclidis
2759 3801 2775 3828 ,
2794 3763 2934 3828 cujus
2947 3763 3235 3815 auctoritate
3252 3764 3359 3814 hanc
3374 3765 3570 3818 flebant.

2802 3899 3128 3941 Decumum
3138 3922 3153 3940 ι

2283 4025 2377 4078 77.
2424 4003 2779 4063 Patroclidoe
2812 4001 3042 4076 rogavit
3075 4001 3139 4059 in
3180 3999 3330 4059 hanc
3366 4003 3684 4062 sententiam
3712 4025 3723 4060 :

2200 4084 2679 4162 Quandoquidem
2725 4081 3105 4141 Athenienses
3142 4079 3539 4156 impunitatem
3578 4103 3725 4162 super

2202 4165 2425 4224 aerariis
2442 4164 2821 4223 decreverunt
2834 4204 2851 4233 ,
2868 4173 2933 4219 ut
2948 4179 3149 4219 eorum
3170 4179 3341 4219 causa
3360 4162 3531 4222 liceat
3550 4184 3724 4239 rogare

2200 4259 2370 4321 atque
2386 4246 2445 4303 in
2462 4243 2737 4318 suffragia
2746 4242 2994 4310 mittere,
3012 4241 3281 4299 decernat
3292 4243 3541 4319 populns
3554 4243 3721 4302 eadem

2200 4346 2329 4405 quae
2348 4339 2600 4402 tempore
2619 4322 2759 4380 belli
2778 4320 2987 4379 Medici
3008 4365 3025 4397 ,
3050 4341 3083 4379 e
3103 4320 3407 4379 commodo
3430 4323 3573 4400 reip.
3594 4328 3720 4396 Quo·

2200 4426 2327 4464 rum
2364 4417 2551 4462 autem
2582 4402 2818 4460 nomina
2844 4413 2908 4458 ut
2934 4401 3073 4458 fisco
3106 4399 3438 4458 debentium
3468 4403 3717 4480 inscripta

2199 4488 2315 4544 sint
2327 4484 2480 4564 apud
2494 4495 2789 4540 exactores
2800 4481 2922 4539 fisci
2940 4481 3065 4538 sive
3078 4480 3353 4538 Minervae
3368 4482 3495 4539 sive
3507 4483 3717 4540 aliorum

2200 4567 2437 4624 deorum
2463 4565 2587 4622 sive
2610 4561 2764 4639 apud
2786 4580 2976 4635 regem
2996 4580 3325 4630 sacrorum;
3352 4561 3479 4620 sive
3501 4581 3717 4640 quorum

2200 4646 2436 4704 nomina
2456 4654 2743 4720 expuncta
2765 4640 3021 4698 nondum
3054 4641 3267 4698 fuerint
3288 4653 3419 4698 ante
3453 4661 3715 4700 ext-essum

2198 4738 2427 4784 senatus
2468 4722 2631 4800 cujus
2656 4720 2929 4800 princeps
2954 4721 3059 4780 fuit
3084 4719 3322 4796 Callias»,
3350 4721 3467 4797 (78)
3500 4723 3603 4778 hoc
3620 4735 3714 4790 est,

2198 4807 2247 4864 si
2270 4807 2373 4884 qui
2389 4805 2607 4864 honore
2626 4801 2837 4880 privati
2856 4800 3069 4858 suerint
3088 4801 3244 4877 quod
3258 4800 3465 4858 aei·ario
3480 4803 3714 4870 debeant,

2199 4907 2304 4944 nec
2330 4906 2447 4944 non
2474 4902 2721 4960 quorum
2754 4882 3009 4940 rationes
3036 4893 3323 4954 gestorum
3361 4881 3630 4938 honorum
3666 4881 3714 4937 in

2198 4963 2586 5025 tribunalibus
2600 4961 2673 5020 ab
2688 4959 3027 5020 censoribus
3040 4979 3181 5018 eoru
3188 4980 3358 5036 mque
3372 4959 3716 5019 assessoribus

2198 5044 2535 5124 improbatae
2564 5055 2663 5100 aut
2686 5042 2756 5100 ad
2774 5039 3063 5118 judicium
3094 5040 3349 5098 nondum
3378 5040 3572 5098 delatae
3594 5041 3712 5108 sint,

2196 5139 2295 5184 aut
2322 5124 2537 5203 quibus
2572 5117 2911 5200 adjudicatae
2938 5120 3055 5178 sint
3088 5138 3122 5177 a
3152 5119 3447 5197 judicibus
3485 5119 3713 5197 quaedam

2196 5206 2435 5264 honoris
2459 5201 2857 5278 derogationes
2870 5243 2888 5273 ‚
2914 5211 3013 5258 aut
3030 5199 3197 5278 siqui
3218 5197 3573 5276 fidejussores
3598 5197 3717 5256 mul-

2196 5300 2300 5346 ctae
2323 5283 2686 5346 condemnati
2714 5282 2858 5354 sint,
2884 5279 2957 5338 ad
2984 5281 3153 5340 istam
3182 5297 3369 5358 usque
3396 5279 3575 5352 diem3
3599 5279 3710 5337 item
