3825 5842
139 474 398 553 ‹en-m)

997 472 1244 534 LYsiAE
1283 474 1407 536 OB.
1453 473 1555 536 DE
1593 473 1821 535 Bole·
1852 475 2429 539 ARISTOPHANIS.

3217 497 3325 549 iss

133 612 266 685 ὑμᾶς
313 602 504 665 εἰδέναι
555 604 640 664 ὅτι
679 603 1007 679 Ἀλκιὸιάδης
1059 603 1281 688 τέτταρα
1321 604 1356 678 ἢ
1395 604 1552 666 πέντε
1591 604 1682 678 ἔτη
1771 626 1857 677 per
1891 616 2122 678 quattuor
2147 616 2225 667 vel
2251 616 2469 681 quinque
2500 630 2653 670 annos
2688 622 2991 674 continenter
3025 623 3206 677 bellum
3224 642 3332 691 geg.

131 694 302 776 33⁸5<
335 693 696 775 ἐστρατηγει’
670 697 964 773 επικρατῶν
991 691 1083 754 καὶ
1109 692 1388 768 νενικηκὼς
1414 696 1683 757 Δακεδαι-

131 782 334 857 μονίους
351 827 372 863 ,
395 782 489 842 καὶ
507 780 758 841 διπλάσια
789 780 966 862 ἐκείνῳ
999 780 1173 854 ἠξίουν
1203 784 1258 840 αἱ
1285 782 1463 850 πόλεις
1487 782 1682 841 διδόναι

127 871 160 941 ἦ
191 874 333 954 ἄλλῳ
375 870 480 930 τινὶ
519 875 623 929 τῶν
664 872 988 953 στρατηγῶν,
1025 868 1150 928 ὥστ’
1189 867 1350 951 ᾤοντο
1386 860 1518 928 εἷναί
1552 892 1687 937 τινες

127 971 172 1017 α’·
169 961 265 1040 ’τῷ
287 956 448 1017 πλέον
470 956 506 1031 ἢ
530 957 714 1017 ἑκατὸν
741 958 991 1018 τάλαντα.
1073 954 1142 1019 Ὅ
1172 956 1216 1015 δ’
1245 955 1516 1017 ἀποθανὼν
1547 956 1682 1028 ἐδή-

128 1050 291 1107 'amm
333 1044 417 1105 ὅτι
469 1048 563 1105 οὗκ
608 1048 778 1121 ἀληθῆ
805 1050 976 1105 ταῦτα
1015 1037 1101 1119 ἦν·
1133 1044 1334 1105 ἐλάττω
1373 1044 1475 1126 γὰρ
1501 1046 1682 1105 οὗσίαν

127 1139 376 1199 κατέλιπε
398 1139 509 1208 τοῖς
525 1138 708 1199 παισὶν
734 1137 769 1210 ἢ
793 1136 946 1207 αὐτὸς
966 1138 1113 1220 παρὰ
1144 1142 1248 1200 τῶν
1276 1138 1681 1221 ἐπιτροπευσάν-

123 1252 222 1287 των
243 1227 572 1308 παρέλαὸεν.
719 1260 724 1265 ·

61 1344 98 1379 ,τ
201 1338 272 1379 εει.
313 1314 450 1378 ‘On
470 1315 568 1396 μὲν
583 1310 670 1377 οὗν
692 1314 784 1376 καὶ
802 1318 856 1377 ἐν
871 1320 948 1399 τῷ
970 1314 1258 1398 ἔμπροσθεν
1271 1315 1445 1399 χρόνῳ
1465 1320 1682 1377 τοιαῦτα

127 1404 394 1483 ἐγίγνετο,
447 1403 622 1487 ῥᾴδιον
654 1408 868 1483 γνῶναι·
918 1404 1047 1484 φασὶ
1080 1405 1136 1465 δὲ
1170 1403 1403 1474 καὶτοὺς
1445 1404 1685 1488 ἀρίστους

121 1494 208 1549 καὶ
237 1492 576 1569 σοφωτάτους
603 1491 834 1570 μάλιστα
863 1491 1054 1553 ἐθέλειν
1088 1492 1515 1572 μεταγινώσκειν.
1613 1494 1682 1554 Εἰ

119 1572 204 1637 οἷῖν
225 1582 386 1639 δοκοῦ
461 1604 490 1637 ν
517 1578 694 1639 εἰκότα
721 1580 888 1659 λέγειν
919 1580 1009 1639 καὶ
1029 1580 1186 1639 ἱκανὰ
1219 1581 1478 1664 τεκμήρια
1513 1580 1682 1664 παρέ-

119 1675 336 1745 χεσθαι,
363 1691 412 1726 ω
438 1666 618 1749 ἄνδρες
645 1668 924 1747 δικασταί,
956 1667 1103 1747 πάσῃ
1142 1670 1304 1751 τέχνῃ
1337 1667 1429 1729 καὶ
1466 1672 1681 1751 μηχανῇ

119 1756 396 1827 ἐλεήσατε.
485 1753 585 1823 Ὧς
609 1760 764 1831 ἡμεῖς
790 1759 882 1828 τῆς
901 1754 994 1834 μὲν
1014 1756 1264 1829 διαὸολῆς
1289 1754 1424 1816 οὕτω
1453 1757 1684 1835 μεγάλης

119 1843 270 1917 οὔσης
301 1843 390 1903 ἀεὶ
415 1844 816 1926 προσεδοκῶμεν
847 1844 1124 1924 κρατήσειν
1157 1843 1291 1922 μετὰ
1326 1850 1414 1905 τοῦ
1443 1847 1680 1917 ἀληθοῦς·

119 1935 258 2005 ὖμῶν
289 1932 349 1992 δὲ
379 1930 569 2010 μηδενὶ
590 1929 769 2012 τρόπῳ
797 1930 1151 2003 ἐθελησάντων
1175 1934 1446 2003 πεισθῆναι
1472 1932 1578 1991 οὐδ’
1603 1932 1683 1990 ἐλ·

54 2046 82 2077 ·
71 2020 202 2085 uzi<
229 2021 460 2098 οὗδεμία
490 2020 753 2101 σωτηρίας
787 2018 952 2079 ἐδόκει
982 2024 1108 2096 ἡμῖν
1145 2010 1298 2081 εἶναι.
1387 2021 1474 2099 (54)
1523 2018 1684 2080 Ἀλλὰ

119 2108 244 2187 πρὸς
271 2113 406 2168 θεῶν
447 2098 862 2185 Ὀλυμπίων,ω
907 2107 1086 2187 ἄνδρες
1126 2107 1401 2181 δικασταί,
1437 2106 1682 2187 βούλεσθε

116 2200 254 2271 ἡμᾶς
282 2196 506 2263 δικαίως
543 2199 714 2254 σῶσαι
756 2196 954 2273 μᾶλλον
986 2193 1021 2267 ἢ
1052 2194 1242 2263 ἀδίκως
1271 2193 1559 2269 ἀπολέσαι,
1591 2194 1682 2255 καὶ

115 2282 388 2343 πιστεύετε
411 2281 614 2351 τούτοις
639 2284 810 2355 ἀληθῆ
835 2284 1022 2362 λέγειν,
1045 2282 1094 2343 οἳ
1117 2282 1182 2343 ἂν
1203 2283 1292 2343 καὶ
1316 2288 1612 2352 σιοητῶντες
1629 2286 1682 2343 ἐν

117 2372 312 2430 ἅπαντι
345 2375 424 2454 τῷ
459 2371 560 2453 βίῳ
593 2370 873 2453 παρέχωσι
907 2370 1178 2453 σώφρονας
1205 2380 1341 2455 σφᾶς
1377 2371 1564 2442 αὐτοὺς
1591 2372 1682 2433 καὶ

115 2459 366 2527 δικαίους.

199 2568 266 2607 55.
309 2546 454 2625 Περὶ
481 2544 579 2623 μὲν
609 2568 698 2605 ουν
727 2548 886 2619 αὐτῆς
911 2551 1004 2619 τῆς
1024 2570 1256 2629 γραφης,
1301 2540 1457 2608 καὶΨ
1416 2574 1462 2631 ῳ
1503 2547 1682 2632 τρόπῳ

115 2632 366 2705 areatat
393 2636 528 2709 ἡμῖν
556 2631 790 2710 ἐγένοντο
807 2678 828 2709 ,
854 2632 946 2691 καὶ
972 2631 1052 2693 ὅτι
1087 2637 1180 2694 οὐκ
1220 2634 1422 2716 ἐξήρκει
1443 2634 1509 2693 τὰ
1533 2636 1683 2697 ἐκεί-

52 2730 206 2779 5ῖνσυ
225 2722 296 2788 εἷς
323 2720 418 2779 τὸν
446 2718 700 2797 ἔκπλουν,
721 2717 859 2779 ἀλλὰ
875 2720 1018 2779 καὶ’
991 2744 1060 2789 ως
1088 2720 1306 2782 ἄλλοθεν
1313 2659 1682 2802 ρπροσεδανεί-

113 2832 272 2882 σατο,
299 2809 574 2881 ἀκηκόατε
596 2808 688 2868 καὶ
715 2832 1114 2891 μεμαρτυρηται
1137 2812 1276 2887 ὖμῖν·
1299 2809 1420 2890 περὶ
1447 2810 1492 2869 δ’
1520 2812 1680 2889 ἐμαυ-

113 2903 210 2957 τοῦ
236 2898 447 2979 βραχέα
489 2897 748 2977 βούλομαι
775 2898 954 2959 εἰπεῖν.
1037 2897 1182 2977 Ἐγὼ
1214 2897 1316 2979 γὰρ
1345 2898 1438 2973 ἔτη
1463 2898 1685 2979 γεγονὼς

113 2986 216 3057 ἤδη
239 2987 528 3067 τριάκοντα
561 2984 676 3044 οὔτε
699 2988 776 3063 τῷ
801 2984 961 3067 πατρὶ
989 2984 1134 3045 οὐδὲν
1171 2984 1383 3046 πώποτε
1424 2988 1682 3063 ἀντεῖπον,

113 3072 232 3133 οὔτε
257 3078 368 3133 τῶν
400 3074 634 3132 πολιτῶν
675 3072 838 3140 οὗδείς
869 3096 958 3149 μοι
985 3073 1320 3147 ἐνεκάλεσεν,
1347 3073 1497 3154 ἐγγύς
1523 3100 1578 3134 τε
1608 3078 1682 3135 οῖ-

113 3164 214 3221 κῖιὶν
241 3166 343 3234 τῆς
366 3164 573 3241 ἀγορᾶς
594 3158 711 3219 οὔτε
745 3182 873 3241 προς
908 3160 1224 3243 δικαστηρίῳ
1258 3160 1374 3222 οὔτε
1404 3161 1534 3244 πρὸς
1562 3167 1684 3243 βου-

113 3258 372 3340 λευτηρίω
390 3256 579 3339 ὤφθην
601 3254 962 3329 οὐδεπώποτε,
984 3256 1105 3335 πριν
1127 3256 1320 3331 ταύτην
1355 3256 1448 3330 τὴν
1479 3282 1683 3341 συμφο-

61 3362 82 3399 6
115 3346 204 3425 pb
231 3346 514 3425 γενέσθαι.
613 3345 705 3425 (sc)
751 3344 887 3424 Περι
927 3342 1020 3423 μὲν
1054 3336 1142 3404 ουν
1183 3348 1408 3424 ἐμαυτοῦ
1457 3352 1684 3407 τοσαῦτα

111 3436 274 3514 λέγω,
307 3434 440 3517 περὶ
465 3432 520 3492 δὲ
545 3440 634 3493 τοῦ
659 3433 884 3515 πατρός,
915 3432 1152 3506 swerd-ist
1114 3456 1292 3515 ωσπερ
1312 3434 1610 3503 ἀδικοῦντος
1629 3439 1683 3496 αἱ

110 3522 440 3604 κατηγορίαι
463 3520 792 3633 γεγένηνται,
819 3544 1137 3627 συγγνωμην
1166 3520 1345 3602 ἔχετε,
1373 3520 1462 3581 ἐὰν
1488 3524 1628 3603 λέγω
1651 3524 1686 3583 ἃ

111 3612 394 3685 ἀνήλωσεν
442 3611 516 3675 εἷς
552 3606 648 3679 τὴν
685 3608 839 3668 πόλιν
866 3608 955 3667 καὶ
995 3610 1066 3676 εἷς
1107 3605 1223 3676 τους
1253 3607 1450 3689 φίλους·
1482 3612 1540 3670 οὗ
1584 3612 1686 3692 γὰρ

107 3697 424 3779 φιλοτιμίας
453 3695 637 3771 ἕνεκα,
667 3695 805 3756 ἀλλὰ
841 3695 1120 3776 τεκμήριον
1161 3695 1470 3774 ποιούμενος
1503 3694 1582 3757 ὅτι
1625 3701 1684 3757 οὗ

103 3794 192 3847 τοῦ
237 3788 416 3845 «own
447 3786 588 3844 ἐστιν
634 3782 816 3865 ἀνδρὸς
844 3783 966 3843 ἄνευ
996 3782 1226 3863 ἀνάγκης
1253 3807 1311 3844 τε
1349 3783 1520 3844 πολλὰ
1556 3788 1684 3844 ἀνα·

103 3875 316 3935 λίσκειν
357 3871 460 3933 καὶ
486 3869 623 3949 μετὰ
664 3868 902 3931 κινδύνου
942 3874 1032 3931 τοῦ
1076 3870 1322 3949 μεγίστου
1367 3875 1686 3950 ἐπιθυμῆσαι

105 3962 252 4043 ἔχειν
279 3985 342 4021 τι
367 3963 478 4019 τῶν
507 3962 712 4020 κοινῶν.
798 3954 890 4040 (57)
925 3957 1048 4020 Εἰσὶ
1078 3957 1135 4018 δέ
1154 3983 1286 4027 τινες
1318 3962 1368 4019 οῖ
1400 3963 1686 4043 προαναλί-

53 4072 79 4111 ο
101 4074 332 4117 σκοντες
373 4050 436 4109 οὗ
477 4045 636 4126 μόνου
679 4044 864 4105 τούτου
907 4044 1098 4124 ἕνεκεν,
1127 4047 1243 4106 ἀλλ’
1267 4046 1354 4106 ἵνα
1387 4047 1568 4130 ἄρχειν
1596 4052 1682 4130 ὑφ’

101 4142 258 4217 ὑμῶν
307 4132 619 4205 ἀξιωθέντες
661 4131 910 4193 διπλάσια
962 4132 1302 4211 κομίσωνται.
1406 4134 1475 4196 Ὁ
1514 4139 1683 4196 τοίνυν

99 4230 224 4305 ἐμὸς
252 4226 454 4305 πατὴρ
489 4220 672 4303 ἄρχειν
710 4220 804 4299 μὲν
849 4222 1180 4281 οὐδεπώποτε
1220 4220 1544 4302 ἐπεθύμησε,
1591 4223 1685 4294 τὰς

99 4317 150 4375 δὲ
177 4311 467 4395 χορηγίας
503 4309 714 4376 ἁπάσας
755 4308 1080 4389 κεχορήγηκε
1097 4354 1114 4383 ,
1152 4310 1568 4392 τετριηράρχηκε
1628 4309 1682 4373 δὲ

100 4402 358 4477 ἑπτάκις,
373 4396 626 4479 εἰσφορὰς
649 4396 704 4457 δὲ
729 4395 928 4465 πολλὰς
959 4395 1050 4457 καὶ
1074 4398 1306 4477 μεγάλας
1329 4398 1675 4479 εἰσενήνοχεν.

99 4490 223 4553 flua
245 4490 311 4551 δὲ
335 4490 518 4559 εἰδῆτε
543 4485 636 4545 καὶ
669 4485 816 4562 ὖμεῖς
832 4529 852 4563 ,
895 4490 1014 4545 καθ’
1038 4485 1262 4561 ἑκάστην
1305 4486 1680 4567 ἀναγνώσεται.

685 4665 1112 4715 ΔΕῙΤΟΥΡῙἾΔῘ.

185 4851 262 4891 ss.
309 4825 590 4903 Ἀκούετε,
619 4852 666 4887 ω
691 4826 874 4908 ἄνδρες
899 4825 1173 4900 δικασταί,
1191 4824 1252 4886 τὸ
1279 4826 1492 4901 πληθος.
1541 4828 1681 4887 Πεν-

111 4920 338 4990 τήκοντα
363 4916 474 4999 γὰρ
496 4916 590 4991 ἔτη
626 4915 770 4976 ἐστὶν
798 4914 898 4975 ὅσα
931 4920 960 4975 ὁ
993 4914 1171 4997 πατὴρ
1196 4938 1286 4974 και
1309 4916 1412 4982 τοῖς
1438 4913 1682 4997 χρήμασι

54 5026 90 5065 15
111 5009 198 5066 καὶ
211 5012 290 5089 τῷ
307 5006 526 5086 σώματι
551 5010 619 5087 τῇ
641 5004 797 5064 πόλει
821 5003 1148 5084 ἐλειτούργει.
1233 5002 1327 5064 Ἐν
1345 4996 1432 5063 ουν
1452 5001 1681 5083 τοσούτω

111 5120 282 5178 χρονῳ
307 5094 560 5156 δοκοῦντά
601 5118 656 5153 τι
685 5092 740 5162 ἐξ
765 5095 934 5173 ἀρχῆς
971 5092 1112 5173 ἔχειν
1149 5090 1397 5165 οὐδεμίαν
1424 5091 1622 5158 εἰκὸς
1593 5112 1681 5149 οα-

111 5186 280 5257 πάνην
328 5181 668 5266 πεφευγέναι.
777 5179 971 5257 Ὅμως
1015 5180 1070 5240 δὲ
1111 5180 1203 5240 καὶ
1248 5180 1514 5260 μάρτυρας
1558 5180 1680 5258 ὑμῖν

111 5272 415 5354 παρξομαι.

1769 718 1912 783 sisse,
1944 720 2202 784 profligatis
2230 722 2281 771 et
2323 721 2575 774 debellatis
2602 724 3004 791 Lacedaemoniis,
3034 728 3177 794 eique
3206 732 3331 783 civi·

1769 823 1894 873 tates
1934 823 2081 889 duplo
2118 825 2301 889 maiora
2321 840 2468 891 quam
2497 828 2585 878 ulli
2622 828 2704 879 alii
2734 842 2798 879 ex
2834 831 3041 883 ducibus
3074 831 3204 885 ultro
3237 836 3331 887 im·

1769 918 2035 979 pertivisse.
2101 922 2263 978 Quare
2278 921 2501 972 nonnulli
2517 921 2822 975 crediderunt
2839 938 2953 975 eum
2969 927 3079 990 plus
3090 929 3332 992 possidere

1771 1024 1916 1075 quam
1941 1014 2139 1065 centum
2152 1016 2335 1067 talenta
2347 1031 2364 1079 ;
2396 1017 2481 1069 illo
2506 1019 2675 1070 tamen
2712 1020 2905 1071 moi-tuo
2934 1023 3189 1075 constabat
3225 1026 3332 1077 haec

1771 1112 1959 1165 nonita
1976 1126 2029 1165 se
2056 1114 2237 1167 habere
2250 1152 2269 1178 ,
2293 1116 2531 1181 siquidem
2561 1118 2722 1173 liberis
2738 1132 2842 1172 rem
2872 1122 3111 1175 minorem
3138 1126 3333 1191 reliquit

1771 1227 1919 1277 quam
1940 1214 2040 1279 ipse
2056 1229 2087 1265 a
2102 1216 2343 1269 tutoribus
2360 1222 2622 1283 acceperat.

1834 1337 1912 1381 53.
1946 1332 2082 1383 Talia
2114 1332 2347 1388 nimirum
2362 1336 2617 1401 contigisse
2648 1338 2973 1402 superioribus
3008 1356 3203 1409 quoque
3240 1360 3329 1397 an-

1769 1426 1874 1490 nis,
1901 1427 2045 1478 facile·
2071 1430 2144 1479 est
2178 1430 2443 1483 intellectu.
2508 1432 2656 1485 Aiunt
2672 1436 2837 1485 autem
2872 1438 3081 1501 optimos
3112 1454 3333 1507 quosque

1771 1522 1822 1572 et
1845 1522 2239 1585 prudentissimos
2262 1524 2474 1577 maxime
2504 1527 2629 1577 velle
2650 1528 2713 1578 ab
2746 1541 2912 1581 errore
2942 1530 3132 1585 deduci.
3196 1541 3329 1597 Qua·

1771 1612 1968 1676 propter
1992 1612 2035 1663 si
2064 1612 2205 1665 vobis
2236 1614 2504 1677 videamur,
2534 1616 2749 1697 iudices,
2777 1620 3053 1673 verisimilia
3084 1624 3247 1678 dicere
3278 1630 3331 1679 et

1771 1705 1945 1758 idonea
1964 1710 2252 1772 argumenta
2277 1710 2479 1774 afferre,
2497 1712 2631 1762 omni
2652 1714 2839 1765 ratione
2854 1716 3097 1782 modoque
3130 1720 3329 1773 misere·

1769 1801 1905 1852 mini.
1970 1806 2029 1853 ln
2066 1804 2203 1854 tanta
2232 1804 2361 1855 enim
2392 1805 2725 1859 criminatione
2739 1846 2756 1873 ,
2791 1824 2979 1875 semper
2998 1816 3297 1877 speravimus
3311 1856 3327 1882 ,

1771 1895 1974 1947 veritate
1991 1895 2252 1960 adjuvante
2266 1934 2283 1963 ,
2306 1911 2397 1949 nos
2425 1904 2764 1967 superaturos,
2790 1906 2936 1956 modo
2964 1920 3053 1959 vos
3078 1922 3246 1973 aequos
3280 1915 3331 1964 et

1771 2003 1868 2041 non
1893 1994 2258 2057 praeoccupatos
2292 1995 2706 2058 nancisceremur3
2726 1998 2897 2049 vestris
2927 2012 3043 2050 vero
3074 2002 3245 2055 animis
3267 2006 3330 2057 ad

1770 2084 2094 2136 defensionem
2130 2088 2344 2138 nostram
2371 2101 2568 2151 prorsus
2600 2090 2832 2154 occlusis,
2859 2093 2995 2144 nulla
3028 2096 3196 2147 salutis
3222 2112 3331 2163 spes

1769 2179 1909 2230 nobis
1943 2180 2129 2244 reliqua
2151 2194 2255 2233 esse
2284 2182 2552 2234 videbatur.
2619 2184 2719 2248 (54)
2751 2185 2873 2250 Sed,
2900 2200 2986 2251 per
3014 2189 3132 2240 deos
3155 2192 3328 2256 Olym-

1770 2276 1875 2339 pios
1889 2312 1904 2338 ‚
1925 2275 2137 2340 judices,
2163 2277 2321 2329 velitis
2344 2291 2434 2329 nos
2448 2279 2559 2341 jure
2589 2281 2753 2343 potins
2774 2294 2965 2334 servare
2982 2296 3128 2347 quam
3158 2286 3333 2350 iniuria

1772 2362 1995 2427 perdere;
2016 2366 2165 2429 atque
2193 2378 2276 2415 eos
2294 2378 2409 2415 vera
2438 2366 2595 2417 dicere
2630 2368 2941 2434 existimetis,
2968 2372 3055 2435 qui
3081 2374 3227 2425 etiam
3259 2378 3331 2426 ta-

1771 2454 1935 2502 centes
1953 2464 2040 2515 per
2062 2454 2213 2503 totam
2228 2452 2381 2504 vitam
2398 2453 2549 2517 probe
2570 2456 2620 2505 et
2638 2457 2877 2520 sapienter
2892 2472 2945 2509 se
2960 2460 3204 2523 gesserint.

1832 2562 1910 2607 55.
1978 2558 2049 2605 De
2072 2556 2172 2605 tota
2196 2555 2345 2619 igitur
2369 2558 2702 2622 accusatione,
2725 2562 2775 2611 et
2795 2573 2897 2625 quo
2928 2564 3071 2627 pacto
3092 2565 3231 2615 nobis
3256 2566 3329 2619 illi

1773 2649 1952 2700 suerint
1967 2650 2201 2701 affinitate
2228 2651 2476 2715 coniuncti
2490 2689 2505 2715 ,
2534 2655 2585 2704 et
2600 2654 2735 2718 quod
2758 2656 3084 2721 Aristophanis
3108 2660 3235 2711 hona
3268 2662 3329 2713 ad

1772 2738 2124 2801 expeditionem
2146 2740 2369 2791 navalem
2388 2754 2489 2792 non
2521 2742 2824 2806 suffecerint,
2861 2746 2945 2796 sed
2974 2747 3106 2809 quod
3136 2748 3333 2803 aliunde

1774 2832 1947 2879 mutuo
1966 2842 2157 2881 sumere
2170 2833 2367 2881 coactus
2383 2830 2445 2881 sit
2460 2867 2475 2895 ,
2490 2831 2743 2883 audivistis
2758 2835 2810 2885 et
2830 2836 3031 2887 testibus
3047 2838 3184 2891 vobis
3200 2852 3329 2891 com·

1772 2922 2031 2985 probatum
2045 2924 2146 2982 est3
2170 2934 2303 2973 nunc
2328 2921 2390 2971 de
2410 2933 2491 2973 me
2526 2923 2633 2986 ipso
2658 2914 2814 2987 pauc‘a
2844 2926 3020 2978 dicam.
3084 2933 3183 2992 Ego
3202 2933 3332 2984 enim

1771 3023 1923 3060 annos
1934 3010 2037 3072 jam
2063 3012 2208 3061 natus
2230 3009 2451 3073 triginta,
2470 3010 2605 3061 nulla
2631 3024 2845 3075 unquam
2862 3014 2913 3063 in
2932 3027 2985 3065 re
3011 3016 3137 3079 patri
3155 3017 3331 3071 adver-

1770 3106 1904 3156 satus
1923 3104 1989 3154 fui
2000 3141 2016 3167 ,
2036 3117 2194 3168 neque
2210 3104 2339 3154 ullus
2359 3104 2539 3155 civium
2557 3118 2769 3169 unquam
2786 3120 2866 3158 me
2886 3108 2937 3158 in
2949 3108 3030 3171 jus
3047 3114 3261 3176 vocavit;
3280 3118 3331 3166 et

1773 3200 1963 3251 tametsi
1997 3211 2145 3264 prope
2183 3199 2343 3249 sorum
2366 3199 2556 3263 habito,
2582 3213 2831 3265 nunquam
2871 3203 2923 3253 in
2953 3204 3175 3271 judiciis,
3206 3222 3331 3261 nun·

1774 3308 1923 3359 quam
1948 3293 2005 3343 in
2039 3293 2209 3343 senatu
2231 3292 2555 3357 deprehensus
2580 3308 2718 3358 sum,
2754 3296 3035 3361 priusquam
3072 3299 3192 3350 mihi
3225 3301 3331 3353 haec

1773 3389 2023 3441 calamitas
2044 3387 2311 3439 obvenerit.
2377 3388 2475 3451 (56)
2504 3390 2664 3453 Atque
2684 3390 2793 3441 hinc
2809 3390 2871 3443 de
2887 3405 2967 3442 mc
2984 3393 3113 3445 dicta
3128 3396 3250 3459 sint;
3268 3397 3332 3449 de

1771 3486 1907 3551 patre
1932 3486 2097 3535 autem
2114 3496 2225 3534 meo
2247 3482 2333 3547 qui
2350 3486 2607 3535 accinatur
2622 3486 2856 3549 tanquam
2874 3488 2959 3551 qui
2974 3488 3135 3553 inique
3154 3491 3329 3557 egerit,

1770 3578 2026 3643 ignoscite,
2053 3577 2268 3642 jndices,
2304 3577 2433 3641 quod
2469 3579 2708 3642 proferam
2746 3584 2929 3645 quanta
2964 3583 3015 3633 in
3054 3584 3326 3650 civitatem,

1765 3672 1956 3735 quanta
1990 3671 2041 3721 in
2066 3671 2247 3722 amicos
2270 3670 2576 3736 impenderit.
2640 3674 2809 3736 Neque
2847 3674 2975 3723 enim
3009 3674 3115 3725 haec
3134 3676 3245 3727 dico
3268 3677 3331 3728 ad

1771 3758 2105 3822 aucupandam
2126 3759 2350 3823 laudem,
2381 3759 2467 3811 sed
2496 3761 2555 3810 ut
2587 3760 2839 3810 ostendam
2863 3774 2963 3812 non
2993 3762 3207 3825 eiusdem
3228 3778 3329 3816 esse

1771 3847 1981 3897 hominis
2001 3847 2181 3897 multos
2212 3848 2435 3911 sumptus
2454 3848 2636 3910 absque
2663 3848 2944 3899 necessitate
2980 3849 3160 3914 facere,
3179 3852 3230 3902 et
3250 3864 3327 3915 pe-

1771 3940 1938 3990 cunias
1958 3940 2173 4004 publicas
2186 3940 2400 3990 maximo
2418 3953 2533 3991 cum
2565 3940 2777 4003 periculo
2804 3942 3159 4005 concupiscere.
3225 3943 3325 4009 (57)

1771 4036 1898 4087 Sunt
1922 4034 2089 4085 autem
2107 4032 2325 4083 nonnulli
2354 4032 2441 4097 qui
2478 4046 2575 4083 non
2609 4032 2768 4083 solum
2786 4032 2941 4084 laudis
2962 4034 3120 4084 studio
3136 4048 3226 4085 sua
3242 4036 3328 4087 im·

1771 4123 1978 4187 pendere
1994 4122 2371 4183 consueverunt,
2395 4120 2482 4171 sed
2498 4122 2556 4171 ut
2576 4120 2885 4183 magistratus
2904 4121 3064 4185 adepti
3083 4121 3232 4186 >dupla
3252 4138 3328 4175 ro-

1773 4216 1966 4281 cipiant.
2029 4218 2169 4266 Meus
2188 4216 2351 4265 autem
2374 4216 2511 4278 pater
2535 4213 2725 4264 nullum
2744 4227 2961 4277 unquam
2996 4216 3329 4279 magistratum

1770 4308 2000 4371 ambivit,
2027 4307 2113 4359 sed
2135 4306 2369 4371 choregiis
2393 4306 2618 4357 omnibus
2648 4306 2927 4369 perfunctus
2956 4310 3055 4371 est,
3084 4310 3330 4362 triremem

1769 4401 2240 4467 septies-adornavit,
2258 4401 2440 4452 tributa
2456 4401 2613 4451 multa
2632 4400 2683 4451 et
2700 4413 2872 4464 magun
2896 4401 3141 4465 persolvit.
3208 4406 3330 4462 Qum

1770 4501 1935 4553 omnia
1952 4501 2007 4552 ut
2025 4498 2465 4576 probe-intelligatis
2474 4534 2493 4561 ,
2515 4496 2671 4548 scriba
2692 4497 2955 4548 recensebit
2972 4498 3263 4562 singulatim.

2336 4673 2765 4719 Lanuinolvns.
2848 4730 2853 4733 Ι

3184 4836 3326 4885 Pater

1769 4946 1898 4997 enim
1915 4958 2002 5009 per
2016 4944 2361 5008 quinquaginta
2376 4956 2527 4994 annos
2544 4943 2595 4993 et
2616 4941 2754 4993 bonis
2772 4943 2823 4992 et
2844 4954 3043 5004 corpore
3056 4940 3327 5005 reipublicae

1833 4844 1910 4889 58.
1948 4834 2149 4899 Audite,
2164 4832 2378 4898 judices,
2409 4834 2530 4897 quot
2546 4832 2628 4883 ille
2657 4845 2747 4896 pro
2771 4832 2909 4883 vobis
2933 4831 3117 4884 fecerit.

1771 5072 1969 5123 operam
1992 5058 2229 5122 praestitit.
2252 5062 2309 5109 ln
2339 5058 2475 5108 tanto
2508 5056 2649 5119 igitur
2665 5068 2903 5106 annorum
2923 5056 3106 5118 spatio,
3135 5054 3219 5119 qui
3246 5055 3321 5103 vi-

1767 5164 1964 5215 deretur
1979 5164 2005 5191 *
2022 5162 2049 5189 *
2068 5162 2274 5226 habere,
2300 5160 2461 5212 nullos
2488 5162 2711 5225 sumptus
2736 5159 2957 5223 effugisse
2991 5171 3077 5222 per
3109 5170 3161 5209 se
3184 5160 3337 5222 patet3

1768 5279 2102 5327 verumtamen
2122 5274 2267 5325 testes
2283 5270 2535 5323 adducam.
