3825 5842
507 460 619 511 260

1333 449 1592 508 ΙΣΑΙΟΥ
1635 451 1686 509 Ο
1729 450 1906 509 ΠΕΡΙ
1948 451 2102 510 ΤΟΥ
2148 453 2451 515 ΠΥΡΡΟΥ
2494 457 2820 517 ΚΛΗΡΟΥ.

3482 461 3669 549 (on—67}

506 580 733 661 ἄκληρον
763 578 1052 650 κατέστησε
1068 624 1084 655 ,
1111 578 1197 637 τὸν
1235 576 1289 637 δὲ
1325 580 1644 659 κληρονόμον
1681 581 1931 640 κατέλιπε
1954 585 2060 640 τῶν
2153 606 2313 643 meum
2332 594 2559 646 heredem
2578 596 2816 647 bonorum
2832 610 3029 647 suorum
3043 597 3317 649 declaravit.
3346 599 3445 661 (76)
3462 602 3589 660 Quod
3604 616 3671 651 au·
3759 614 3760 621 ¹

505 672 711 727 ἑαυτοῦ.
801 666 892 747 (76)
918 666 1076 726 Ἀλλὰ
1107 666 1209 743 μὴν
1229 665 1296 732 ὥς
1314 690 1374 744 γε
1394 667 1511 725 οὔτε
1539 669 1806 747 γαμηλίαν
1830 670 2062 749 εἰσήνεγ-

505 780 593 815 κεν
628 761 656 815 ὁ
679 761 808 823 θεῖος
833 760 1002 832 ἡμῶν,
1029 754 1144 814 οὔτε
1163 752 1256 825 τὴν
1284 754 1570 835 θυγατέρα,
1602 756 1664 827 ἥν
1687 779 1813 837 φασι
1844 757 2061 835 γνησίαν

506 845 650 923 αὐτῷ
669 836 800 902 εἶναι
819 836 956 903 οὗτοι
968 890 984 916 ,
1013 845 1308 921 εἰσαγαγεῖν
1329 846 1399 909 εἷς
1417 842 1531 910 τοὺς
1561 844 1822 925 φράτορας
1847 845 2057 919 ἠξίωσε,

426 949 479 990 35
502 930 593 988 καὶ
621 936 784 989 ταῦτα
820 930 980 1008 νόμου
1017 928 1160 997 ὄντος
1190 930 1389 1003 αὐτοῖς,
1414 930 1770 1009 ἀναγνώσεται
1807 936 1929 1011 ὑμῖν
1964 934 2059 1007 τὴν

504 1021 609 1076 τῶν
633 1018 902 1099 φρατόρων
926 1022 1031 1076 τῶν
1055 1016 1250 1077 ἐκείνου
1277 1017 1589 1100 μαρτυρίαν.
1615 1018 1975 1096 Ἀναγίνωσκε·
1996 1021 2060 1081 σὺ

506 1108 550 1164 δ’
573 1105 790 1165 ἕπίλαὸε
813 1107 873 1166 τὸ
896 1104 1056 1187 ὕδωρ.

1101 1252 1435 1301 ΜΑΡΤΥΡΙΑ.

585 1376 730 1439 Λαὸὲ
776 1377 829 1435 δὲ
868 1377 958 1435 καὶ
1003 1380 1072 1444 ὡς
1095 1377 1382 1449 ἐποιήσατο
1408 1376 1497 1436 τὸν
1525 1376 1650 1455 ἐμὸν
1677 1376 1898 1459 ἀδελφὸν
1952 1378 2059 1437 υἱὸν

500 1471 663 1549 αὐτῷ.

1111 1614 1202 1659 ΜΔ
1210 1613 1445 1663 ΡΤΥΡῘΑ.

578 1762 648 1803 77.
695 1731 830 1801 Εἶτα
850 1741 995 1819 ὑμεῖς
1018 1738 1114 1813 τὴν
1135 1740 1442 1815 Νικοδήμου
1463 1738 1751 1821 μαρτυρίαν
1771 1740 1874 1796 τῶν
1899 1736 2058 1795 αὐτοῦ

503 1832 593 1892 τοῦ
619 1828 756 1887 θείου
775 1831 1136 1911 ἐκμαρτυριῶν
1156 1826 1468 1909 πιστοτέραν
1496 1826 1758 1905 ἡγήσεσθε
1783 1815 1912 1883 εἶναι
1929 1868 1946 1901 ,
1967 1821 2059 1881 καὶ

497 1914 597 1988 τὴν
613 1916 751 1977 οὕτω
778 1916 952 1991 κοινὴν
976 1927 1081 1987 τοῖς
1117 1917 1444 1999 βουλομένοις
1467 1914 1838 1996 γεγενημένην,
1863 1910 2058 1984 ταύτην

421 2026 476 2067 40
499 2006 824 2087 ἐπιχειρήσει
857 2030 931 2073 τις
957 2013 1090 2085 ὑμᾶς
1113 2003 1309 2066 πείθειν
1340 2005 1418 2066 δ’τι
1461 2002 1720 2084 ἐγγυητὴν
1762 2006 1986 2079 γυναῖκα
2028 2003 2055 2057 ὃ

498 2094 748 2176 ἡμέτερος
778 2098 908 2163 θεῖος
935 2095 1110 2177 {qm
1139 2096 1230 2177 (78)
1259 2096 1396 2155 Ἀλλ’
1422 2098 1600 2173 ὑμεῖς,
1630 2096 1699 2159 ὡς
1723 2089 1874 2170 ἔγωγ’
1891 2080 2058 2166 οἶμαι,

499 2183 557 2238 οὖ
589 2182 930 2261 πιστεύσετε,
963 2184 1053 2243 ἐὰν
1094 2184 1169 2263 μὴ
1203 2182 1468 2265 ἀποφαίνῃ
1499 2183 1642 2259 ὑμῖν,
1674 2178 1800 2260 ὅπερ
1829 2176 2058 2259 ἀρχόμε-

498 2292 580 2336 νος
603 2260 746 2329 εἶπον
786 2276 877 2330 τοῦ
903 2272 1092 2350 λόγου,
1127 2276 1334 2353 πρῶτον
1361 2270 1454 2349 μὲν
1479 2270 1566 2331 ἐπὶ
1595 2268 1692 2328 τίνι
1716 2265 1892 2347 προικὶ
1914 2257 2060 2332 οὗτος

500 2360 750 2437 ἐγγυῆσαι
791 2361 866 2439 τῷ
911 2359 1106 2441 Πύρρῳ
1135 2360 1263 2441 φησὶ
1290 2358 1384 2433 τὴν
1417 2357 1665 2439 ἀδελφήν,
1709 2354 1889 2414 ἔπειτα
1934 2352 2059 2431 πρὸς

499 2449 673 2503 ὁποῖον
705 2444 932 2526 ἄρχοντα
973 2452 1007 2518 ἡ
1040 2447 1266 2526 ἐγγυητὴ
1300 2444 1429 2523 γυνὴ
1467 2444 1690 2504 ἀπέλιπε
1723 2442 1810 2501 τὸν
1833 2440 1995 2519 ἄνδρα
2022 2436 2056 2509 ἢ

498 2532 584 2591 τὸν
613 2523 749 2592 οἷκον
781 2536 938 2592 αὐτοῦ
955 2579 971 2607 ,
1008 2527 1120 2593 εἶτα
1144 2534 1270 2611 παρ’
1287 2532 1406 2592 ὅτου
1434 2531 1716 2609 ἐκομίσατο
1743 2528 1837 2601 τὴν
1865 2530 2056 2607 προῖκα

502 2620 682 2695 αὐτῆς,
696 2620 873 2692 ἐπειδὴ
895 2621 1270 2693 τετελευτηκὼς
1286 2612 1350 2692 ἦν
1372 2610 1416 2701 ᾧ
1433 2642 1585 2701 φησιν
1606 2617 1768 2689 αὐτὴν
1785 2620 2053 2695 ἐγγυῆσαι·

400 2714 467 2766 46
501 2703 538 2777 ἢ
557 2708 602 2763 εἷ
635 2710 870 2767 ἀπαιτῶν
901 2707 974 2785 μὴ
1001 2708 1218 2767 ἐδύνατο
1231 2708 1553 2785 κομίσασθαι
1587 2710 1637 2764 ἐν
1658 2704 1846 2763 εἴκοσιν
1867 2702 2055 2775 ἔτεσιν,

501 2794 684 2852 ὁποίαν
729 2794 876 2867 δίκην
905 2794 1048 2854 σίτου
1075 2794 1111 2866 ἢ
1134 2800 1227 2866 τῆς
1255 2794 1466 2875 προικὸς
1496 2797 1656 2865 αὐτῆς
1684 2790 1817 2872 ὑπὲρ
1846 2794 1941 2861 τῆς
1964 2792 2055 2868 ἐγ-

499 2888 696 2959 γυητῆς
711 2883 950 2962 γυναικὸς
969 2882 1248 2942 ἐδικάσατο
1274 2885 1350 2964 τῷ
1373 2882 1549 2962 ἔχοντι
1567 2881 1656 2939 τὸν
1686 2878 1899 2959 Πύρρου
1919 2879 2055 2949 κλῆ-

504 2993 588 3049 ρον
621 2962 783 3038 οἶτος.
816 3034 826 3041 ,
866 2974 955 3054 (7ο)
982 2970 1107 3031 Ἔτι
1132 2970 1185 3029 δὲ
1212 2970 1344 3052 πρὸς
1368 2970 1568 3037 τούτοις
1613 2966 1921 3036 ἐπιδειξάτω
1952 2966 2055 3047 8τῴ

500 3058 803 3139 πρότερον-ἣ
832 3059 1045 3139 ὕστερον
1075 3058 1350 3138 ἐνεγύησεν
1378 3050 1524 3125 οὗτος
1550 3057 1644 3129 τὴν
1669 3055 1919 3137 ἀδελφήν,
1954 3052 2054 3126 ἢεί

501 3145 554 3212 ἐξ
583 3145 744 3204 ἄλλου
777 3146 909 3213 τινὸς
933 3146 1269 3226 γεγενημένοι
1292 3146 1391 3205 εἶσὶ
1424 3147 1604 3213 παῖδες
1627 3147 1782 3226 αὐτῇ.
1866 3146 2052 3203 Ταῦτα

448 3253 473 3289 5
501 3225 586 3291 οῧν
619 3234 818 3301 ἀξιοῦτε
839 3234 1189 3294 πυνθάνεσθαι
1210 3236 1336 3315 παρ’
1368 3236 1524 3293 αὐτοῦ
1541 3279 1557 3306 ,
1583 3233 1674 3292 καὶ
1697 3233 1816 3313 περὶ
1843 3236 1934 3304 τῆς
1951 3235 2055 3299 τοῖς

502 3322 753 3401 φράτορσι
798 3320 1059 3398 γαμηλίοις
1097 3321 1171 3398 μὴ
1216 3327 1582 3398 ἀμνημονεῖτε.
1667 3320 1747 3381 Οὐ
1796 3317 1898 3398 γὰρ
1950 3322 2053 3376 τῶν

503 3408 791 3485 ἐλαχίστων
819 3406 945 3487 πρὸς
973 3406 1065 3479 τὴν
1094 3407 1276 3468 τούτου
1314 3408 1603 3489 μαρτυρίαν
1629 3406 1908 3486 τεκμήριόν
1941 3408 2053 3465 ἐστι

500 3498 670 3554 τοῦτο.
754 3495 925 3565 Δῆλον
943 3492 1043 3573 γὰρ
1067 3492 1172 3567 ὅτι,
1205 3498 1248 3554 εἰ
1277 3494 1489 3568 ἐπείσθη
1511 3494 1880 3574 ἐγγυήσασθαι,
1910 3492 2055 3552 ἐπεί-

502 3585 601 3653 σθη
635 3581 698 3639 ἂν
723 3581 814 3640 καὶ
842 3582 1108 3659 γαμηλίαν
1145 3581 1273 3663 ὑπὲρ
1297 3586 1455 3656 αὐτῆς
1475 3592 1582 3651 τοῖς
1601 3582 1881 3664 φράτορσιν
1915 3583 2051 3640 εἷσε-

501 3670 698 3747 νεγκεῒν
723 3668 814 3728 καὶ
835 3670 1130 3747 εἰσαγαγεῖν
1149 3668 1244 3741 τὴν
1264 3673 1323 3730 ἐκ
1345 3672 1537 3743 ταύτης
1560 3673 1944 3749 ἅποφανθεῖσαν
1965 3674 2051 3728 θυ·

499 3755 697 3839 γατέρα
724 3760 792 3825 ὡς
810 3758 1025 3837 γνησίαν
1056 3750 1214 3818 οὖσαν
1238 3761 1398 3819 αὑτῶ.
1487 3756 1574 3836 (80)
1593 3756 1702 3818 Καὶ
1721 3758 1773 3815 ἐν
1801 3758 1876 3838 τῷ
1900 3755 2053 3839 δήμῳ

504 3842 816 3923 κεκτημένος
850 3845 937 3905 τὸν
964 3846 1296 3927 τριτάλαντον
1327 3868 1354 3903 ο
1378 3868 1485 3919 κον,
1533 3846 1577 3902 εἰ
1611 3836 1673 3916 ἦν
1709 3842 2051 3922 γεγαμηκώς,

423 3956 472 3995 ιο
496 3935 817 4012 ἠναγκάζετο
845 3934 907 3993 ἂν
933 3935 1061 4015 ὑπὲρ
1090 3940 1181 4007 τῆς
1207 3936 1443 4012 γαμετῆς
1469 3930 1711 4009 γυναικὸς
1747 3931 1838 3991 καὶ
1858 3936 2050 4009 θεσμο-

500 4020 652 4102 φόρια
689 4027 864 4082 ἑστιᾶν
903 4022 994 4092 τὰς
1022 4032 1294 4102 γυναῖκας,
1336 4020 1426 4080 καὶ
1464 4011 1633 4080 τᾶλλα
1669 4018 1769 4079 ὅσα
1816 4026 2052 4101 προσῆκε

496 4110 805 4191 λειτουργεῖν
842 4114 893 4170 ἐν
922 4115 998 4193 τῷ
1021 4111 1172 4192 δήμῳ
1199 4108 1331 4191 ὑπὲρ
1359 4112 1452 4181 τῆς
1475 4108 1713 4186 γυναικὸς
1742 4106 1849 4167 ἀπό
1881 4132 1941 4188 γε
1965 4109 2052 4167 οὗ·

498 4197 611 4265 σίας
629 4200 963 4273 τηλικαύτης.
989 4203 1068 4261 Οὐ
1093 4199 1260 4260 τοίνυν
1284 4206 1518 4280 φανεῖται
1533 4196 1675 4255 οὐδὲν
1695 4195 1888 4256 τούτων
1903 4219 2053 4274 γεγε·

497 4286 716 4361 νημένον
737 4286 1085 4347 οὐδεπώποτε.
1109 4290 1180 4349 Οἱ
1207 4285 1300 4365 μὲν
1321 4276 1406 4346 οὖν
1427 4284 1679 4368 φράτορες
1715 4283 2053 4366 μεμαρτυρή-

497 4394 649 4432 κασιν
679 4378 801 4449 ὑμῖν
819 4399 832 4413 ·
863 4374 996 4435 λαὸὲ
1027 4376 1081 4435 δὲ
1111 4376 1202 4436 καὶ
1223 4374 1318 4449 τὴν
1345 4378 1448 4435 τῶν
1469 4376 1707 4453 δημοτῶν
1723 4376 1825 4431 τῶν
1857 4373 2052 4433 ἐκείνου

501 4460 812 4542 μαρτυρίαν.

1096 4608 1433 4659 ΜΑΡἸὝΡῙΑ.

2150 683 2249 731 tem
2272 684 2538 733 avunculus
2560 689 2723 735 noster
2738 698 2894 748 neque
2910 686 3194 737 sacrificium
3212 700 3369 750 neque
3390 689 3577 750 epulum
3598 703 3667 737 nu-

2149 770 2294 831 ptiale
2316 772 2529 822 intulerit
2540 785 2697 837 neque
2714 773 2765 823 in
2776 774 3023 837 phratoras
3041 775 3285 826 induxerit
3306 776 3449 827 filiam
3460 814 3475 839 ‚
3493 792 3622 841 qnam
3637 780 3676 827 hi

2149 856 2285 907 aiunt
2298 858 2343 907 ei
2363 859 2572 921 legitime
2588 866 2751 911 natam
2768 876 2871 913 esse
2882 900 2897 925 ‚
2916 876 3193 927 quanquam
3218 865 3346 927 apud
3362 866 3597 928 phratoras
3610 867 3679 915 ob-
3759 930 3760 933 Ἰ

2150 945 2271 996 tinet
2288 947 2369 996 mc
2386 948 2531 1011 ritus,
2553 949 2627 999 his
2640 949 2704 1001 de
2723 951 2867 1001 rebus
2890 953 2943 1002 ut
2957 952 3093 1003 vobis
3104 956 3317 1015 constet,
3338 954 3547 1003 recitabit
3562 955 3679 1003 vous
3759 938 3760 943 ’

2148 1034 2303 1085 scriba
2332 1036 2658 1087 testimonium
2681 1040 2965 1101 phratorum
3000 1041 3087 1103 qui
3123 1042 3240 1091 olim
3268 1043 3507 1092 avunculo
3534 1044 3679 1092 nostro

2150 1120 2361 1172 ruerunt.
2426 1126 2591 1175 Recita
2613 1128 2669 1176 tu
2690 1140 2703 1176 ι
2728 1131 2783 1177 tu
2802 1130 2963 1179 autem
2982 1128 3145 1179 inhibe
3161 1143 3354 1193 aquam.

2704 1272 3155 1317 ‘rssstmomum

2210 1394 2339 1456 Cape
2356 1394 2448 1443 hoc
2463 1408 2659 1459 quoque
2674 1398 3018 1462 testimonium,
3038 1399 3213 1451 docens
3230 1400 3368 1465 illud,
3382 1401 3445 1451 ab
3464 1402 3680 1451 avunculo

2150 1480 2347 1531 tratrem
2370 1496 2533 1533 meum
2550 1484 2831 1549 adoptatum
2861 1500 2982 1538 esse.

2703 1624 3154 1667 ‘rus'rnmmuu-

2211 1758 2290 1806 77.
2322 1758 2483 1817 Vosne
2502 1755 2633 1820 jam,
2663 1758 2877 1822 judices,
2904 1760 3176 1811 testimonio
3199 1760 3448 1813 Nicodemi
3476 1762 3682 1823 maiorem

2149 1840 2291 1891 tidem
2306 1879 2322 1905 ,
2340 1856 2488 1906 quam
2509 1847 2735 1897 avunculi
2752 1848 2902 1898 nostri
2928 1849 3273 1899 extestimoniis
3288 1848 3558 1900 habebitis?
3588 1852 3681 1898 Jam

2148 1928 2403 1991 quisquam
2434 1932 2721 1993 persuadere
2750 1934 2891 1984 vobis
2920 1938 3140 1996 conetur,
3176 1950 3289 1999 quae
3320 1936 3495 1985 mulier
3522 1935 3683 1985 volenti

2147 2012 2319 2075 cuique
2333 2017 2542 2077 patuerit
2554 2053 2569 2077 ,
2590 2030 2699 2068 eam
2716 2022 2956 2071 avunculo
2972 2023 3138 2072 nostro
3162 2033 3365 2071 uxorem
3397 2022 3539 2073 ruisse
3554 2023 3681 2085 legiti-

2148 2102 2308 2149 mam?
2319 2102 2417 2165 (78)
2429 2103 2573 2165 Atqui
2585 2118 2688 2167 vos,
2708 2108 2764 2156 nt
2777 2106 2961 2169 opinor,
2972 2107 3065 2156 hoc
3074 2120 3171 2156 non
3179 2106 3401 2167 credetiS,
3412 2106 3501 2156 nisi
3510 2107 3683 2170 planum

2148 2188 2311 2237 fecerit
2346 2186 2422 2249 id,
2456 2189 2584 2251 quod
2625 2192 2761 2241 initio
2792 2192 2939 2254 huius
2958 2192 3189 2242 orationis
3210 2193 3441 2255 urgebam
3454 2229 3469 2253 ‚
3496 2193 3681 2256 primum

2147 2268 2239 2317 hoc
2252 2305 2267 2329 ,
2292 2268 2543 2330 cujusnam
2563 2270 2655 2320 sub
2678 2271 2805 2321 dotis
2820 2272 3095 2324 conditione
3112 2273 3405 2325 Nicodemus
3426 2276 3601 2340 Pyrrho
3616 2289 3681 2324 so·

2148 2366 2305 2402 rorem
2330 2366 2467 2403 suam
2498 2353 2828 2418 desponderit3
2852 2356 3025 2406 deinde
3056 2357 3185 2420 apud
3216 2372 3478 2423 quemnam
3502 2360 3681 2409 archon-

2146 2439 2245 2487 tem
2268 2438 2439 2488 mulier
2470 2438 2824 2490 denuntiaverit
2844 2454 2898 2492 se
2916 2442 3063 2491 domo
3084 2442 3245 2492 mariti
3268 2445 3399 2494 ultro
3424 2446 3681 2501 excoesiazm

2147 2525 2255 2583 post
2270 2535 2301 2571 a
2322 2535 2533 2585 quonam
2568 2524 2856 2574 Nicodemus
2878 2524 3042 2575 dotem
3072 2526 3251 2575 sororis
3283 2528 3574 2590 recuperarit
3597 2532 3683 2588 post

2146 2616 2393 2654 excoeaum
2412 2603 2516 2667 ejus
2530 2644 2546 2669 ,
2565 2607 2717 2657 cuiae
2730 2608 2799 2658 ait
2820 2606 2950 2657 illam
2972 2606 3313 2671 spopondisse3
3338 2610 3425 2657 aut
3440 2644 3455 2670 ,
3479 2608 3519 2657 si
3544 2608 3682 2657 dotem

2144 2702 2297 2750 quum
2321 2692 2589 2752 reposceret
2615 2704 2893 2753 recuperare
2912 2705 3011 2742 non
3030 2692 3269 2755 potuerit,
3296 2705 3557 2756 quamnam
3576 2693 3679 2742 intra

2143 2770 2311 2833 viginti
2333 2784 2483 2823 annos
2498 2772 2737 2823 actionem
2758 2772 2820 2823 de
2840 2772 3011 2824 dandis
3026 2774 3267 2825 alimentis
3288 2774 3366 2825 vel
3384 2773 3447 2824 de
3464 2774 3573 2824 dote
3592 2772 3683 2823 red-

2144 2853 2299 2904 denda
2324 2854 2374 2903 in
2396 2869 2509 2905 eum
2537 2856 2794 2929 intenderit
2814 2858 2899 2920 qui
2929 2859 3097 2921 Pyrrhi
3126 2858 3443 2909 hereditatem
3473 2858 3683 2922 possem.

2146 2937 2242 3001 (79)
2264 2940 2499 2989 Praeterea
2510 2940 2683 2990 doceto
2700 2940 2991 2992 Nicodemus
3002 2978 3017 3005 ,
3038 2956 3156 2991 num
3170 2942 3250 2991 alii
3264 2942 3478 3006 cuipiam
3496 2955 3683 2993 sororem

2142 3032 2279 3069 suam
2302 3021 2604 3085 desponderit
2620 3022 2721 3073 sive
2742 3025 2883 3073 antea
2909 3023 3011 3073 sive
3038 3025 3184 3073 etiam
3208 3024 3346 3086 post,
3368 3025 3489 3074 item
3506 3037 3616 3073 num
3633 3024 3683 3072 ab

2144 3102 2225 3153 illa
2248 3105 2449 3155 muliere
2478 3106 2634 3156 adhuc
2654 3107 2735 3157 alii
2760 3107 2897 3156 liberi
2922 3106 3031 3156 aliis
3052 3106 3155 3156 nati
3175 3106 3376 3157 suerint.
3426 3110 3549 3157 Eaec
3570 3106 3684 3156 vobis

2142 3199 2207 3237 ex
2231 3186 2313 3237 illo
2338 3190 2663 3252 percontanda
2698 3203 2801 3241 esse
2834 3190 3107 3241 existimate
3120 3228 3135 3252 ,
3172 3203 3333 3252 neque
3368 3190 3682 3240 obliviscimini

2142 3271 2205 3321 de
2229 3274 2427 3324 victima
2448 3276 2649 3339 nuptiali
2666 3276 2717 3325 in
2737 3276 2987 3339 phraioras
3014 3274 3147 3324 illata
3174 3272 3490 3336 interrogare.
3552 3282 3682 3334 Argu-

2142 3361 2360 3410 mentum
2386 3361 2516 3411 enim
2548 3360 2639 3410 hoc
2666 3362 2739 3410 est
2766 3372 2864 3410 non
2886 3358 3181 3410 levissimum
3209 3356 3444 3408 adversus
3464 3356 3681 3408 Nicodemi

2142 3444 2487 3497 testimonium.
2553 3446 2756 3495 Planum
2786 3444 2914 3494 enim
2932 3444 3006 3493 est
3020 3442 3061 3493 si
3082 3442 3290 3505 Pyrrhus
3316 3441 3481 3492 induci
3498 3439 3683 3505 potuerit

2142 3532 2198 3579 ut
2211 3531 2460 3580 mulierem
2474 3529 2598 3578 hanc
2608 3542 2693 3593 pro
2712 3541 2865 3578 uxore
2877 3527 3087 3589 legitima
3106 3526 3194 3575 sibi
3208 3525 3389 3577 sineret
3402 3524 3681 3590 desponderi,

2142 3627 2393 3677 passurum
2412 3625 2605 3676 quoque
2627 3625 2741 3662 eum
2767 3612 2909 3662 fuisse
2930 3623 2983 3660 ae
3005 3608 3179 3659 adduci
3200 3610 3258 3659 ut
3275 3621 3365 3671 pro
3382 3622 3441 3659 ea
3460 3610 3679 3659 victimam

2141 3698 2405 3761 nuptialem
2438 3696 2487 3746 in
2516 3697 2766 3760 phratoras
2799 3696 3023 3754 inferret,
3050 3695 3168 3744 item
3200 3694 3257 3741 ut
3287 3690 3440 3742 filiam
3457 3730 3474 3756 ‚
3497 3706 3599 3755 quae
3628 3704 3681 3738 ex

2142 3780 2226 3831 illa
2242 3782 2444 3831 muliere
2468 3780 2558 3843 ipsi
2574 3782 2689 3829 nata
2706 3778 2940 3843 proditur,
2970 3776 3219 3826 induceret
3245 3787 3335 3838 pro
3356 3775 3455 3824 iilia
3473 3774 3557 3823 sihi
3581 3770 3680 3832 legi-

2142 3867 2261 3916 time
2292 3868 2432 3929 Βαΐας
2467 3865 2567 3928 (80)
2604 3864 2839 3927 denique,
2871 3876 3024 3925 quum
3055 3860 3377 3912 substantiam
3402 3859 3496 3909 tria
3525 3858 3679 3907 talenta

2142 3948 2383 3999 valentem
2418 3946 2645 4008 haberet,
2682 3946 2724 3997 si
2754 3946 2967 4008 Pyrrhus
3002 3956 3170 3995 revera
3195 3943 3331 3993 illam
3370 3955 3459 4006 pro
3493 3939 3678 4003 legitima

2142 4045 2296 4082 uxore
2326 4032 2594 4093 habuisset,
2626 4030 2773 4080 etiam
2806 4028 2856 4077 in
2886 4040 3008 4091 pago
3038 4028 3143 4091 ejus
3165 4025 3362 4075 nomine
3388 4026 3617 4074 matronas
3636 4022 3677 4069 in

2132 4116 2527 4179 .Thesmophoriis
2545 4115 2696 4178 epulis
2712 4114 2933 4177 excipere
2952 4112 3145 4174 aliaque
3162 4108 3395 4159 nonnulla
3408 4108 3459 4158 in
3476 4121 3587 4171 pago
3598 4118 3676 4154 suo

2142 4218 2231 4268 pro
2252 4202 2625 4265 matrefamiliaS‚
2644 4200 2907 4264 proeeertim
2924 4213 2953 4249 e
2969 4212 3023 4249 re
3038 4200 3139 4249 tam
3160 4197 3338 4261 ampla,
3356 4208 3568 4261 peragere
3582 4206 3674 4242 mu·

2142 4292 2223 4342 nia
2240 4291 2461 4342 debebat.
2526 4286 2675 4351 Atqui
2700 4287 2874 4336 horum
2900 4284 3116 4335 omnium
3136 4284 3254 4334 nihil
3272 4285 3452 4334 factum
3470 4294 3562 4333 esse
3577 4292 3673 4327 cou-

2142 4378 2254 4427 stat.
2320 4376 2575 4427 Phi-atores
2588 4374 2688 4437 iam
2706 4369 3033 4423 testimonium
3052 4368 3301 4419 dixerunt.
3370 4366 3568 4428 Accipite
3581 4362 3669 4424 jam

2142 4462 2411 4515 testimonia
2424 4472 2713 4525 paganorum
2728 4470 2923 4522 quoque
2936 4454 3019 4520 qui
3034 4455 3217 4519 Pyrrho
3230 4452 3473 4517 quondam
3482 4452 3526 4500 fu
3532 4450 3667 4499 erunt·

2696 4595 3140 4640 Tasmomuu.
