3825 5842
978 512 1372 577 isocRATts
1415 512 1700 574 ORATIO
1743 514 1841 575 DE
1884 515 2521 580 PERMUTATIONE.

164 665 258 723 τῶν
301 662 472 721 αὐτῶν
521 656 720 719 τούτων
762 645 835 716 ὧν
889 656 1072 723 παῖδες
1116 652 1256 721 ὄντες
1309 650 1717 733 ἀπελείφθησαν.

161 750 316 811 Ὅθεν
361 746 576 827 μάλιστ’
601 746 666 804 ἄν
694 768 772 813 τις
797 742 942 823 γνοίη
976 742 1071 815 τὴν
1111 739 1415 820 ἐπιμέλειαν
1445 739 1573 813 ὅσην
1609 739 1720 822 ἔχει

169 837 414 915 δύναμιν·
457 836 612 907 δῆλον
649 831 750 913 γὰρ
784 830 864 891 ὅτι
904 830 1021 889 τότε
1063 828 1159 909 μὲν
1197 828 1422 897 ἅπαντες
1460 828 1724 897 τοιαύταις

161 930 382 1007 ἐχρῶντο
407 924 520 990 ταῖς
544 921 792 989 διανοίαις
813 918 925 987 οἵας
947 942 1048 1000 περ
1075 917 1130 987 ἐξ
1149 920 1318 999 ἀρχῆς
1344 916 1539 1000 ἔφυσαν
1569 916 1725 997 ἔχον-

119 1038 144 1078 }
167 1038 244 1083 τες
259 1060 274 1087 ,
298 1013 482 1095 ἄνδρες
503 1010 559 1071 δὲ
581 1008 851 1089 γενόμενοι
879 1008 1074 1067 τούτων
1099 1006 1372 1086 διήνεγκαν
1405 1006 1498 1067 καὶ
1527 1005 1724 1085 μετήλ·

169 1103 322 1173 λαξαν
352 1102 456 1174 τὴν
487 1098 735 1181 φρόνησιν
761 1101 838 1177 τῷ
859 1096 976 1165 τοὺς
1003 1096 1101 1175 μὲν
1130 1094 1488 1177 ἐκκεχυμένως
1517 1100 1610 1169 ζῆν
1634 1092 1727 1155 καὶ

172 1188 440 1274 ῥαθύμως,
473 1185 593 1255 τοὺς
619 1184 676 1245 δὲ
705 1186 809 1254 τοῖς
833 1208 890 1243 τε
924 1184 1203 1266 πράγμασι
1224 1183 1314 1244 καὶ
1344 1184 1517 1267 σφίσιν
1552 1186 1727 1251 αὐτοῖς

161 1278 434 1361 προσέχειν
451 1275 539 1335 τὸν
561 1279 702 1335 νοῦν.
787 1271 907 1355 (208)
935 1271 1116 1335 Ὅπου
1138 1270 1302 1333 δὲκαὶ
1325 1270 1412 1332 διὰ
1439 1271 1530 1341 τὰς
1553 1276 1725 1332 αὑτῶν

161 1364 454 1444 ἐπιμελείας
481 1362 746 1443 γίγνονταί
771 1385 903 1430 τινες
925 1360 1156 1441 βελτίους
1177 1406 1194 1435 ,
1222 1365 1334 1428 πῶς
1357 1362 1450 1421 οὐκ
1481 1360 1543 1420 ἂν
1585 1353 1728 1421 οὗτοι

98 1478 142 1519 ιο
162 1454 406 1521 λαθόντες
426 1450 709 1524 ἐπιστάτην
733 1450 823 1511 καὶ
849 1448 1201 1533 πρεσὸύτερον
1229 1450 1320 1509 καὶ
1346 1450 1556 1509 πολλῶν
1589 1472 1728 1532 πρα-

161 1543 372 1623 γμάτων
393 1540 659 1621 ἔμπειρον,
681 1539 773 1599 καὶ
792 1536 862 1598 τὰ
881 1539 980 1616 μὲν
999 1537 1360 1621 παρειληφότα
1373 1584 1390 1612 ,
1411 1536 1478 1597 τὰ
1503 1540 1549 1598 δ’
1571 1537 1726 1599 αὐτὸν

164 1630 418 1713 εὑρηκότα
438 1675 458 1705 ,
488 1626 626 1688 πολὺ
649 1625 713 1688 ἃν
735 1625 812 1687 ἔτι
837 1625 995 1687 πλέον
1022 1626 1114 1686 καὶ
1132 1630 1276 1709 σφῶν
1305 1628 1473 1687 αὐτῶν
1509 1627 1726 1687 καὶτῶν

166 1720 329 1781 ἄλλων
355 1716 670 1797 διήνεγκαν;

237 1830 338 1870 202.
389 1808 472 1868 Οὗ
502 1804 659 1885 μόνον
687 1805 732 1865 δ’
765 1806 827 1865 ἔκ
864 1803 1064 1865 τούτων
1103 1803 1242 1865 ἀλλὰ
1280 1804 1372 1865 καὶ
1399 1807 1502 1864 τῶν
1527 1806 1724 1865 λοιπῶν

100 1910 141 1951 ιε
173 1895 380 1963 εἰκότως
405 1893 469 1954 ἂν
499 1892 724 1961 ἅπαντες
760 1890 857 1965 τὴν
887 1892 1097 1975 ἄγνοιαν
1119 1892 1444 1973 θαυμάσειαν
1472 1896 1572 1952 τῶν
1599 1894 1725 1952 τολ-

165 1984 378 2063 μιῖιντων
406 1982 566 2051 οὕτως
589 1984 703 2063 εἰκῇ
731 1990 1072 2063 καταφρονεῖν
1094 1986 1188 2055 τῆς
1209 1980 1534 2064 φιλοσοφίας·
1563 1984 1726 2061 πρῶ-

166 2097 246 2133 τον
276 2071 376 2151 μὲν
411 2075 460 2132 εἰ
495 2070 672 2140 πάσας
705 2069 799 2139 τὰς
824 2069 1036 2152 πράξεις
1068 2071 1161 2130 καὶ
1194 2069 1286 2139 τὰς
1312 2069 1500 2151 τέχνας
1538 2069 1726 2138 εἰδότες

170 2162 278 2229 ταῖς
305 2162 554 2240 μελέταις
595 2160 686 2220 καὶ
712 2160 824 2227 ταῖς
859 2159 1180 2241 φιλοπονίαις
1207 2158 1556 2237 ἁλισκομένας
1595 2157 1726 2240 πρὸς

165 2248 252 2323 τὴν
283 2255 382 2323 τῆς
407 2246 704 2333 φρονήσεως
732 2247 956 2322 ἄσκησιν
983 2253 1150 2308 ταῦτα
1180 2246 1446 2327 μηδεμίαν
1473 2252 1722 2325 ἡγοῦνται

93 2363 146 2396 au
166 2339 382 2418 δύναμιν
417 2338 576 2419 ἔχειν,
607 2339 723 2416 (210)
757 2334 920 2397 ἔπειτ’
948 2339 994 2397 εἶ
1014 2341 1118 2398 τῶν
1154 2338 1250 2416 μὲν
1277 2336 1537 2415 σωμάτων
1563 2333 1726 2415 μηδὲν

167 2427 319 2496 οὕτως
365 2424 432 2485 ἂν
465 2426 689 2508 φήσαιεν
730 2415 864 2485 εἶναι
891 2428 1106 2509 φαῦλόν,
1151 2424 1184 2484 ὅ
1207 2450 1260 2485 τι
1295 2424 1594 2506 γυμνασθὲν
1635 2423 1728 2486 καὶ

157 2520 396 2589 ’πονῆσαν
423 2517 519 2575 οὗκ
542 2512 603 2575 ἃν
633 2513 716 2585 εἴη
747 2513 972 2595 βέλτιον,
998 2514 1090 2583 τὰς
1121 2513 1175 2574 δὲ
1194 2514 1366 2596 ψυχὰς
1392 2512 1485 2584 τὰς
1509 2514 1724 2593 ἄμεινον

169 2602 455 2686 πεφυκυίας
480 2607 584 2663 τῶν
609 2602 873 2682 σωμάτων
911 2602 1073 2681 μηδὲν
1102 2601 1168 2661 ἂν
1195 2602 1462 2681 νομίζουσι
1484 2602 1726 2683 γενέσθαι

165 2688 566 2771 σπουδαιοτέρας
601 2688 963 2757 παιδευθείσας
989 2689 1080 2749 καὶ
1118 2690 1378 2769 τυχούσας
1405 2692 1498 2760 τῆς
1524 2712 1726 2770 προση-

97 2800 142 2838 2⁵
166 2780 354 2853 κούσης
385 2777 686 2856 ἐπιμελείας
705 2801 719 2816 ·
753 2779 871 2856 (ati)
904 2775 982 2837 ἔτι
1001 2779 1047 2837 δ’
1073 2778 1119 2837 εἰ
1141 2776 1263 2857 περὶ
1281 2776 1398 2844 τοὺς
1417 2776 1609 2844 ἵππους
1635 2775 1728 2838 καὶ

165 2864 273 2933 τοὺς
307 2864 473 2933 κύνας
498 2863 590 2924 καὶ
628 2864 696 2925 τὰ
737 2870 962 2925 πλεῖστα
988 2869 1095 2925 τῶν
1123 2862 1268 2949 ζῴων
1291 2868 1508 2947 δρῶντες
1539 2864 1728 2947 τέχνας

165 2954 374 3035 ἔχοντάς
391 2976 535 3023 τινας
549 3000 566 3029 ,
591 2944 672 3023 αἷς
685 2951 752 3013 τὰ
773 2954 868 3033 μὲν
886 2954 1212 3037 ἀνδρειότερα
1231 3000 1248 3033 ,
1266 2952 1334 3014 τὰ
1357 2954 1411 3014 δὲ
1435 2954 1700 3037 πραότερα
1713 3000 1728 3029 ,

163 3043 228 3101 τὰ
265 3043 326 3104 δὲ
355 3042 722 3126 φρονιμώτερα
747 3048 986 3117 ποιοῦσι,
1017 3043 1138 3125 περὶ
1173 3041 1270 3115 τὴν
1304 3046 1410 3101 τῶν
1439 3041 1726 3123 ἀνθρώπων

165 3128 310 3209 φύσιν
336 3130 602 3209 μηδεμίαν
625 3128 820 3191 οἴονται
845 3129 1091 3205 τοιαύτην
1111 3134 1359 3211 εὑρῆσθαι
1381 3129 1640 3205 παιδείαν,
1665 3130 1731 3204 ἥ-

99 3236 146 3275 ³⁰
165 3242 236 3287 τις
256 3219 320 3279 ἂν
352 3218 540 3287 αὐτοὺς
577 3218 666 3278 ἐπί
691 3242 741 3278 τι
767 3218 964 3279 τούτων
990 3210 1163 3301 ὧνπερ
1197 3216 1287 3279 καὶ
1307 3216 1377 3278 τὰ
1403 3219 1557 3300 θηρία
1582 3221 1730 3291 δυνη·

165 3308 270 3381 θείη
297 3316 642 3388 προαγαγεῖν,
687 3308 812 3387 (212)
841 3307 980 3367 ἀλλὰ
1015 3306 1274 3381 τοσαύτην
1303 3307 1548 3367 ἁπάντων
1577 3312 1728 3387 ἡμῶν

165 3395 384 3476 ἅτυχίαν
409 3394 820 3475 κατεγνώκασιν,
849 3396 974 3457 ὥσθ’
998 3396 1374 3478 ὁμολογήσειαν
1405 3395 1500 3474 μὲν
1529 3396 1594 3456 ἂν
1617 3406 1732 3466 ταῖς

165 3484 442 3568 ἡμετέραις
477 3484 726 3554 διανοίαις
753 3484 970 3546 ἕκαστον
999 3490 1104 3546 τῶν
1139 3485 1303 3546 ὄντων
1329 3484 1532 3566 βέλτιον
1560 3486 1731 3565 γίγνε-

167 3578 282 3631 σθαι
303 3572 399 3633 καὶ
433 3573 855 3655 χρησιμώτερον,
887 3572 1072 3641 αὐτοὺς
1113 3575 1160 3633 δ’
1184 3578 1325 3653 ἡμᾶς
1357 3572 1476 3642 τοὺς
1512 3573 1729 3655 ἔχοντας

96 3678 144 3719 aa
165 3658 255 3734 τὴν
279 3660 528 3743 φρόνησιν
551 3660 766 3736 ταύτην,
791 3655 828 3743 ᾖ
862 3661 1037 3722 πάντα
1060 3660 1275 3730 πλέονος
1305 3658 1425 3729 ἄξια
1457 3669 1727 3743 ποιοῦμεν,

165 3752 398 3827 τολμῶσι
431 3749 603 3829 λέγειν
631 3754 702 3819 ὣς
739 3750 886 3811 οὐδὲν
912 3750 976 3810 ἂν
1003 3750 1262 3823 ἀλλήλους
1289 3752 1418 3835 πρὸς
1441 3751 1720 3811 ἐπιείκειαν

165 3839 616 3919 εὗεργετήσαιμεν.
717 3839 842 3917 (ata)
870 3837 948 3900 ‘0
972 3836 1027 3898 δὲ
1059 3838 1272 3899 πάντων
1299 3838 1610 3912 δεινότατον,
1651 3837 1730 3899 ὅτι

164 3926 278 3984 καθ’
304 3924 527 3986 ἕκαστον
547 3926 656 3986 τὸν
683 3926 914 3988 ἐνιαυτὸν
943 3931 1248 4010 θεωροῦντες
1283 3928 1338 3987 ἐν
1363 3928 1470 3995 τοῖς
1497 3926 1730 4005 θαύμασι

163 4012 280 4082 τοὺς
317 4013 417 4092 μὲν
456 4012 670 4083 λέοντας
710 4015 997 4099 πραότερον
1045 4014 1400 4093 διακειμένους
1443 4014 1568 4098 πρὸς
1610 4014 1730 4083 τοὺς

95 4116 143 4156 to
165 4101 540 4184 θεραπεύοντας
580 4102 614 4176 ἢ
660 4108 765 4164 τῶν
815 4104 1102 4186 ἀνθρώπων
1153 4103 1277 4164 ἔνιοι
1325 4104 1454 4188 πρὸς
1501 4104 1619 4172 τοὺς
1673 4095 1732 4164 εὗ

164 4198 465 4265 ποιοῦντας,
488 4190 581 4259 τὰς
607 4192 652 4252 δ’
683 4192 902 4276 ἄρκτους
930 4192 1339 4269 καλινδουμένας
1362 4193 1452 4253 καὶ
1470 4191 1729 4254 παλαιού·

166 4301 257 4348 σας
283 4279 376 4339 καὶ
397 4277 722 4359 μιμουμένας
739 4280 831 4349 τὰς
843 4281 1106 4361 ἡμετέρας
1132 4278 1452 4359 ἐπιστήμας,
1476 4281 1592 4359 (214)
1619 4282 1728 4341 οὐδ’

165 4368 224 4427 ἐκ
236 4368 435 4428 τούτων
455 4367 699 4428 δύνανται
721 4374 915 4449 γνῶναι
937 4369 1034 4442 τὴν
1049 4369 1290 4429 παιδείαν
1315 4368 1403 4430 καὶ
1429 4368 1524 4442 τὴν
1547 4367 1733 4448 ἐπιμέ-

165 4457 308 4516 λειαν
337 4456 467 4529 ὅσην
492 4456 604 4537 ἔχει
623 4456 863 4533 δύναμιν,
887 4458 994 4518 οὐδ’
1013 4458 1094 4518 ὅτι
1115 4464 1282 4517 ταῦτα
1305 4457 1442 4519 πολὺ
1462 4458 1526 4517 ἂν
1546 4463 1728 4519 θᾶττον

95 4557 142 4595 ⁴⁵
165 4543 256 4618 τὴν
280 4544 548 4627 ἡμετέραν
585 4544 740 4626 φύσιν
769 4545 805 4618 ἢ
832 4544 928 4617 τὴν
966 4546 1180 4607 ἐκείνοιν
1217 4545 1538 4628 ὠφελήσειεν
1555 4570 1569 4585 ·
1598 4545 1728 4607 ὥστ’

168 4636 348 4717 ἀπορῶ
366 4632 584 4716 πότερον
614 4634 678 4693 ἄν
700 4658 778 4703 τις
794 4635 1114 4716 δικαιότερον
1139 4635 1424 4713 θαυμάσειε
1451 4634 1544 4703 τὰς
1560 4635 1728 4717 πραό-

162 4746 322 4797 τητας
357 4721 450 4791 τὰς
485 4732 590 4792 τοῖς
619 4724 1014 4804 χαλεπωτάτοις
1039 4728 1145 4784 τῶν
1188 4724 1380 4805 θηρίων
1411 4725 1728 4804 ἐγγιγνομέ-

164 4835 254 4880 νας
273 4812 310 4885 ἢ
333 4812 430 4880 τὰς
455 4810 770 4893 ἀγριότητας
795 4811 887 4881 τὰς
904 4816 958 4874 ἐν
983 4820 1100 4881 ταῖς
1129 4815 1324 4895 ψυχαῖς
1353 4816 1456 4873 τῶν
1485 4812 1730 4875 τοιούτων

165 4900 450 4982 ἅνθρῶπων
477 4899 709 4968 ἐνούσας.
987 4892 996 4901 ⁴

98 5002 146 5041 ⁶0
242 5008 339 5048 215.
379 4984 543 5069 Ἔχοι
571 4988 616 5048 δ’
642 4988 707 5047 ἄν
728 5011 805 5056 τις
832 4988 1000 5049 πλείω
1017 4987 1355 5071 περὶτούτων
1379 4990 1571 5049 εἰπεῖν·
1591 4988 1728 5049 ἀλλὰ

167 5076 266 5157 γὰρ
290 5075 354 5149 ἢν
378 5075 555 5136 πολλὰ
576 5075 694 5136 λίαν
719 5077 859 5157 λέγω
888 5079 1132 5159 περὶτῶν
1161 5076 1310 5160 παρὰ
1328 5086 1432 5145 τοῖς
1467 5076 1730 5146 πλείστοις

167 5164 616 5243 ὁμολογουμένων,
651 5165 856 5226 δέδοικα
884 5164 960 5245 μὴ
1000 5166 1122 5247 περὶ
1160 5170 1264 5225 τῶν
1292 5164 1729 5247 ἀμφισὸητουμέ-

167 5276 268 5311 νων
297 5254 510 5335 ἀπορεῖν
537 5251 690 5321 δόξω.
771 5256 1120 5331 Παυσάμενος
1137 5244 1226 5313 οὗν
1259 5252 1456 5314 τούτων
1481 5253 1565 5313 ἐπ’
1598 5254 1730 5313 ἐκεί·

171 5362 286 5408 vove
303 5342 564 5425 τρέψομαι
581 5382 610 5421 ,.
629 5339 748 5410 τοὺς
773 5344 832 5401 οὗ
859 5347 1309 5425 καταφρονοῦντας
1339 5341 1436 5421 μὶν
1459 5346 1554 5415 τῆς
1579 5343 1726 5424 φιλο·

3258 530 3370 583 229

1813 666 1908 713 tur.
1976 662 2101 713 Hinc
2122 663 2201 713 vel
2238 665 2451 717 maxime
2480 665 2653 730 aliquis
2690 665 2968 731 cognoverit
2988 679 3134 732 qnam
3167 666 3269 719 vim
3302 668 3387 719 lra-

1811 776 1923 826 beat
1944 789 2059 826 cura
2075 781 2125 827 et
2146 777 2409 829 meditatio.
2474 781 2611 831 l‘atet
2626 782 2754 832 enim
2776 782 2885 833 illos
2898 786 3015 833 tunc
3028 796 3086 835 ea
3104 786 3263 835 mente
3282 798 3389 835 esse

1813 906 1928 943 usos
1944 928 1961 955 ,
1984 905 2079 956 qua
2094 892 2229 944 initio
2246 893 2347 943 nati
2363 900 2525 946 essent
2546 914 2559 946 ε
2584 896 2643 945 ad
2676 896 2859 947 virilem
2872 894 3035 949 autem
3058 899 3253 949 oetatem
3275 912 3387 962 pro·

1827 1008 1952 1057 vecti
1974 1008 2095 1058 iuter
2114 1007 2245 1072 ipsos
2264 1007 2465 1072 digressi
2489 1014 2603 1061 sunt
2624 1013 3027 1077 mutaveruntque
3060 1013 3301 1075 ingenium
3322 1014 3390 1064 illi

1813 1121 2048 1173 dissolute
2066 1125 2115 1174 et
2130 1126 2311 1175 temere
2334 1125 2544 1176 vivendo
2558 1161 2574 1188 ,
2594 1126 2645 1177 bi
2667 1125 2811 1179 rebus
2830 1127 3051 1191 gerendis
3072 1128 3283 1193 ipsisque
3308 1142 3387 1179 ex-

1813 1238 2027 1290 colendis
2044 1240 2261 1291 animum
2287 1241 2595 1306 applicando.
2668 1242 2799 1307 (208)
2834 1243 3021 1303 Quodsi
3056 1243 3273 1295 nonnulli
3297 1257 3387 1295 sua

1813 1354 2047 1405 industria
2078 1354 2139 1405 ad
2160 1356 2405 1407 meliorem
2420 1356 2741 1408 conditionem
2762 1370 2815 1409 se
2833 1361 3125 1421 evexemnt,
3148 1357 3389 1423 quomodo

1813 1470 1866 1521 hi
1895 1470 2019 1521 duce
2039 1476 2236 1537 accepto
2256 1474 2305 1523 et
2328 1472 2515 1523 seniore
2540 1476 2591 1523 et
2612 1473 2871 1524 multarum
2902 1486 3061 1524 rerum
3095 1472 3247 1537 perito
3266 1510 3281 1537 ,
3306 1476 3389 1540 qui

1814 1588 1908 1641 alia
1926 1588 1988 1639 ab
2004 1589 2111 1641 aliis
2127 1588 2411 1642 addidicerit
2425 1628 2440 1654 ,
2464 1592 2557 1641 alia
2576 1592 2681 1656 ipse
2696 1592 2962 1656 invenerit,
2986 1598 3036 1644 et
3055 1592 3149 1657 ipsi
3162 1607 3299 1645 suam
3319 1595 3389 1645 t'a·

1815 1706 2045 1756 cultatem
2064 1720 2161 1757 non
2176 1706 2381 1758 etlerant
2399 1708 2598 1773 aliisque
2614 1709 2825 1761 multum
2850 1713 3109 1774 prestent?

1877 1818 1984 1863 209.
2016 1814 2116 1863 Nec
2132 1814 2292 1864 solum
2310 1827 2425 1865 vero
2446 1829 2504 1866 ex
2523 1816 2601 1868 his
2617 1830 2729 1881 quoe
2746 1816 2851 1868 dixi
2871 1854 2888 1881 ,
2912 1818 2997 1870 sed
3026 1820 3173 1870 etiam
3194 1834 3250 1871 ex
3280 1821 3383 1872 reli·

1815 1919 1924 1984 quis
1942 1931 2109 1970 omnes
2122 1920 2231 1983 june
2250 1920 2486 1973 mirentur
2502 1922 2741 1974 inscitiam
2754 1938 2919 1976 eorum
2935 1963 2947 1987 ,
2962 1927 3045 1991 qui
3064 1928 3185 1979 adeo
3205 1933 3385 1979 temere

1817 2028 2105 2094 eloquentiae
2128 2030 2343 2081 studium
2362 2034 2695 2096 contemnant,
2718 2035 2929 2099 primum
2954 2038 3022 2101 si,
3042 2052 3194 2103 quum
3218 2042 3379 2090 omnia

1814 2139 2004 2205 opificia
2029 2142 2079 2190 et
2100 2141 2229 2191 artes
2250 2154 2368 2191 cura
2398 2145 2450 2193 et
2480 2142 2643 2195 labore
2663 2144 3003 2210 comprehendi
3029 2146 3257 2209 videant,
3284 2148 3391 2200 hoec

1813 2249 1874 2299 ad
1891 2249 2067 2313 ingenii
2081 2250 2317 2302 culturam
2334 2252 2515 2303 nullam
2529 2253 2627 2303 vim
2642 2253 2819 2305 habere
2837 2260 3036 2319 putant;
3058 2256 3190 2319 (210)
3212 2254 3385 2307 deinde

1817 2356 2047 2423 slcorpus
2065 2360 2252 2412 nullum
2268 2361 2391 2413 adeo
2412 2374 2617 2427 pravum
2639 2377 2746 2415 esse
2763 2364 2951 2426 dicunt,
2968 2370 3023 2415 ut
3045 2367 3387 2418 exercitatione

1814 2476 1864 2521 et
1881 2472 2067 2523 actione
2094 2486 2191 2523 non
2222 2474 2395 2525 melius
2426 2474 2672 2538 reddatur,
2700 2477 2889 2527 animos
2911 2483 3074 2529 autem
3106 2480 3392 2543 corporibus

1814 2582 1985 2631 namra
2006 2582 2361 2645 praestantiores
2374 2583 2526 2634 nihilo
2548 2584 2650 2635 lieri
2678 2586 2931 2651 meliores,
2949 2588 2990 2637 si
3009 2588 3323 2640 instituantur
3342 2596 3391 2641 et

1815 2692 2035 2743 idoneam
2054 2693 2291 2745 culturam
2314 2694 2662 2759 adipiscantur3
2687 2698 2818 2761 (211)
2839 2711 2983 2763 porro
3005 2700 3075 2761 si,
3092 2713 3245 2764 quum
3265 2714 3361 2750 non
3376 2724 3390 2739 ·

1815 2804 1975 2856 nullos
2016 2810 2144 2857 artes
2180 2806 2419 2859 invenisse
2458 2808 2652 2860 videant
2692 2809 2869 2873 quibus
2910 2812 3022 2876 equi
3064 2816 3114 2863 et
3153 2825 3295 2863 canes
3334 2817 3384 2863 et

1816 2916 2022 2981 plurima
2059 2916 2285 2969 animalia
2318 2919 2409 2969 alia
2440 2918 2762 2981 animosiora,
2796 2921 2890 2972 alia
2919 2923 3275 2985 mansuetiora,
3296 2924 3391 2974 alia

1815 3023 2122 3089 prudentiore
2144 3023 2425 3089 reddantur,
2448 3026 2672 3078 liumanae
2690 3030 2878 3079 naturae
2896 3029 3081 3081 nullam
3104 3031 3387 3095 hujusmodi

1816 3136 1967 3185 artem
1994 3133 2239 3186 inventam
2264 3134 2487 3197 credant,
2506 3149 2604 3200 qua
2628 3137 2687 3186 ad
2710 3151 2859 3188 unum
2887 3139 3096 3203 aliquid,
3120 3154 3217 3203 quo
3240 3141 3387 3191 etiam

1817 3242 1990 3293 bellum
2012 3243 2293 3305 educentur,
2317 3244 2469 3307 possit
2511 3245 2721 3309 institui,
2768 3247 2896 3311 (212)
2928 3254 3124 3313 tamque
3164 3250 3387 3303 miseram

1817 3358 2035 3405 nostrum
2064 3356 2278 3405 omnium
2301 3355 2619 3407 conditionem
2638 3358 2884 3422 judicent,
2907 3360 2967 3410 ut
2996 3365 3161 3411 nostra
3190 3362 3387 3426 quidem

1817 3464 2127 3526 intelligentia
2170 3464 2401 3529 pleraque
2440 3464 2637 3516 meliora
2672 3465 2773 3517 fieri
2814 3472 2863 3517 et
2900 3468 3091 3519 utiliora
3132 3471 3387 3534 fateantur,

1817 3574 2137 3637 nosmetipsos
2158 3576 2347 3639 autem,
2371 3576 2454 3638 qui
2474 3575 2599 3626 banc
2617 3577 2935 3639 cognitionem
2969 3580 3231 3633 habeamus
3247 3620 3261 3645 ,
3289 3598 3388 3648 qua

1817 3688 2042 3752 pleraque
2060 3687 2259 3738 meliora
2281 3688 2566 3754 reddamus,
2604 3690 2721 3740 nihil
2754 3704 2893 3755 posse
2923 3690 3140 3743 benetieii
3169 3694 3388 3743 conferre

1815 3797 1879 3847 ad
1895 3796 2079 3847 cultum
2104 3798 2308 3861 ingenii,
2332 3798 2490 3848 dicere
2514 3798 2736 3849 audeant.
2799 3800 2930 3865 (213)
2956 3802 3183 3851 Omnium
3222 3806 3385 3853 autem

1817 3874 2027 3957 maxime
2058 3905 2331 3956 mirandum
2358 3910 2434 3955 est
2469 3905 2630 3969 quod,
2668 3919 2819 3970 quum
2852 3908 3109 3971 quotannis
3131 3908 3296 3959 leones
3336 3910 3385 3960 in

1817 4016 2101 4080 spectaculis
2145 4018 2423 4067 intueantur
2464 4017 2783 4067 mansuetiore
2812 4029 2926 4079 erga
2964 4030 3025 4067 cu
3034 4022 3215 4069 latores
3272 4033 3386 4071 suos

1815 4129 1977 4180 animo
1998 4140 2141 4192 qnam
2166 4128 2421 4178 nonnullos
2452 4128 2671 4181 homines
2694 4143 2807 4194 erga
2830 4143 2915 4180 eos
2936 4143 2965 4179 a
2991 4129 3168 4195 quibus
3199 4131 3382 4182 beneti-

1816 4238 1892 4289 cia
1933 4214 2251 4303 acceperunt,
2286 4244 2335 4289 et
2360 4253 2497 4290 ursos
2528 4254 2637 4293 sese
2678 4240 2949 4292 volutantes
2980 4246 3031 4293 et
3054 4243 3293 4295 luctantes
3332 4248 3383 4295 et

1816 4358 1981 4406 nostra
2000 4352 2197 4417 artificia
2210 4354 2479 4417 imitantes,
2502 4355 2633 4417 (214)
2658 4368 2721 4405 ne
2742 4368 2803 4406 ex
2828 4340 2903 4407 bis
2920 4356 3117 4419 quidem
3144 4358 3385 4420 exemplis

1815 4454 2101 4527 cognoscere
2122 4468 2344 4528 possunt,
2358 4465 2707 4527 quantamvim
2728 4477 2841 4515 cura
2859 4470 2910 4517 et
2934 4466 3171 4517 institutio
3190 4466 3383 4529 habeat,

1818 4569 2001 4635 hasque
2024 4570 2177 4621 multo
2194 4570 2379 4623 facilius
2394 4576 2570 4623 nostroe
2597 4573 2745 4624 indoli
2764 4587 2908 4638 quam
2932 4574 3119 4654 illorum
3140 4576 3380 4639 prodesse.

1817 4683 1983 4745 ltaque
2010 4680 2126 4731 mihi
2156 4694 2254 4732 non
2276 4685 2492 4744 constat,
2520 4686 2679 4733 utrum
2703 4683 2813 4747 quis
2828 4684 3011 4747 iustius
3031 4684 3231 4735 miretur
3251 4698 3381 4735 man-

1816 4788 2119 4840 suetudinem
2155 4803 2267 4854 quae
2300 4790 2380 4840 vel
2412 4789 2461 4840 in
2495 4790 2801 4843 ferocissimis
2846 4791 3130 4842 animalibus
3168 4794 3381 4857 reperia-

1818 4899 1912 4956 tur,
1942 4906 2005 4944 an
2028 4894 2261 4946 feritatem
2280 4907 2391 4959 quae
2408 4894 2459 4945 in
2480 4894 2657 4946 animis
2682 4894 2849 4946 talium
2877 4892 3125 4944 bominum
3149 4894 3284 4946 insit.

1877 5003 1985 5049 215.
2020 5001 2092 5049 De
2114 4998 2192 5049 his
2215 5000 2367 5049 multo
2386 4998 2524 5064 plura
2546 4998 2639 5049 dici
2671 5002 2912 5063 possunt:
2938 5004 2989 5048 at
3015 4999 3141 5049 enim
3166 4998 3205 5049 si
3238 4998 3382 5050 nimis

1815 5086 1967 5135 multa
1987 5086 2049 5136 de
2066 5086 2127 5137 iis
2146 5086 2304 5137 dicam
2328 5100 2439 5151 quoe
2457 5086 2585 5151 apud
2604 5085 2855 5150 plerosque
2872 5088 3120 5148 constant,
3138 5091 3302 5137 metuo
3320 5096 3381 5139 ne

1814 5175 1875 5225 de
1909 5176 1971 5225 iis
1992 5188 2103 5238 quae
2122 5175 2421 5239 dubitentur,
2447 5174 2685 5237 ambigere
2709 5175 2873 5225 videar
2908 5174 3027 5239 quid
3050 5175 3223 5227 dicam.
3288 5178 3380 5227 llis

1817 5264 1967 5325 igitur
1988 5263 2183 5315 omissis
2208 5265 2269 5315 ad
2292 5264 2401 5315 illos
2420 5278 2501 5315 me
2522 5269 2829 5327 convertam,
2861 5266 2946 5329 qui
2979 5278 3253 5329 quanquam
3278 5266 3375 5317 elo·

1813 5352 2027 5416 quentiae
2087 5352 2303 5403 studium
2355 5366 2452 5403 non
2499 5354 2817 5405 contemnunt
2835 5388 2853 5417 ,
2914 5353 2967 5404 id
3008 5356 3170 5405 tamen
3223 5354 3379 5405 multo
