3825 5842
481 438 594 489 294

1231 406 1492 479 ΙΣΑΙΟΥ
1533 416 1584 477 Ο
1629 414 1810 475 ΠΕΡΙ
1854 412 2010 473 ΤΟΥ
2052 413 2385 477 ΚῙΡΩΝΟΣ
2430 411 2753 473 ΚΛΗΡΟΥ.

3378 414 3595 494 (wo—212

397 591 445 629 ω
481 567 704 621 τοιοῦτον
734 557 898 620 οὐδέν.
985 555 1094 619 Καὶ
1140 552 1285 613 ταῦθ’
1340 556 1408 620 ὡς
1453 553 1620 625 ἀληθῆ
1660 548 1797 629 λέγω
1815 594 1830 625 ,
1873 549 2024 609 κάλει
2120 568 2172 607 re
2194 554 2561 609 evidentissima.
2626 558 2753 607 vera
2768 554 3017 607 hoecame
3034 556 3128 607 dici
3154 570 3251 620 quo
3268 558 3616 622 consauciata

476 648 671 711 τούτων
694 647 810 716 τοὺς
835 646 1119 727 μάρτυρας.

1081 784 1421 837 ΜΑΡΤΥΡΕΣ.

557 944 630 985 21.
674 920 800 983 Ἔτι
837 917 1024 992 τοίνυν,
1051 905 1096 975 ὦ
1141 915 1346 995 ἄνδρες,
1393 911 1483 971 καὶ
1524 910 1576 981 ἐξ
1618 902 1690 971 ὧν
1733 913 1760 970 ὁ
1806 910 2030 982 Διοκλῆς

481 1009 697 1093 ἔπραξεν
720 1005 804 1067 ὅτε
827 1010 976 1085 ἡμῶν
1002 1008 1032 1064 δ
1053 1002 1266 1070 πάππος
1289 999 1590 1073 ἐτελεύτησε
1606 1042 1624 1077 ,
1644 1002 1835 1077 γνῶναι
1857 996 2029 1113 ξᾴδιον

479 1099 558 1159 ὅτι
585 1094 991 1177 ὥμολογούμεθα
1024 1083 1155 1152 εἶναι
1197 1089 1494 1171 θυγατριδοῖ
1525 1087 1777 1169 Κίρωνος.
1883 1088 2028 1147 Ηκον

477 1187 579 1269 γὰρ
603 1184 706 1263 ἐγὼ
727 1181 1064 1262 κομιούμενος
1092 1179 1246 1239 αὐτὸν
1267 1183 1337 1247 ὡς
1363 1176 1539 1260 θάψων
1565 1178 1624 1237 ἐκ
1641 1180 1733 1249 τῆς
1754 1174 1918 1242 οἰκίας
1939 1178 2032 1247 τῆς

479 1278 706 1352 ἐμαυτοῦ
725 1318 744 1351 ,
781 1274 884 1331 τῶν
929 1272 1158 1349 ἐμαυτοῦ
1203 1264 1404 1327 οἰκείων
1450 1263 1566 1325 τινὰ
1611 1262 1771 1344 ἔχων,
1824 1261 2031 1345 ἀνεψιὸν

480 1366 570 1423 τοῦ
619 1356 841 1440 πατρός·
889 1356 982 1418 καὶ
1026 1354 1250 1418 Διοκλέα
1301 1354 1397 1434 μὲν
1432 1355 1490 1415 οὗ
1529 1350 1818 1413 κατέλαὸον
1869 1352 2031 1427 ἔνδον,

401 1463 452 1503 ¹⁸
479 1445 718 1511 εἰσελθὼν
741 1445 796 1507 δὲ
820 1445 943 1505 εἴσω
967 1443 1194 1523 κομίζειν
1221 1434 1322 1511 οἶος
1345 1434 1434 1519 ἦν,
1464 1440 1600 1523 ἔχων
1627 1440 1744 1509 τοὺς
1777 1438 2029 1506 οἴσοντας.

485 1538 575 1619 (22)
614 1534 876 1613 Δεομένης
923 1532 978 1593 δὲ
1018 1537 1111 1605 τῆς
1155 1537 1244 1591 τοῦ
1292 1530 1511 1591 πάππου
1557 1528 1796 1609 γυναικὸς
1838 1530 1896 1589 ἐκ
1939 1530 2031 1599 τῆς

483 1624 646 1693 οἰκίας
668 1623 821 1683 αὑτὸν
847 1620 1042 1695 ἐκείνης
1069 1618 1298 1694 θάπτειν,
1319 1618 1411 1680 καὶ
1431 1616 1682 1698 λεγούσης
1703 1615 1782 1676 ὅτι
1807 1615 2031 1695 βούλοιτ’

484 1711 547 1771 ἂν
576 1710 710 1783 αὐτὴ
741 1708 800 1769 τὸ
829 1712 985 1786 σῶμα
1013 1707 1071 1767 τὸ
1100 1707 1296 1767 ἐκείνου
1321 1703 1879 1785 συμμεταχειρίζεσθαι
1919 1701 2031 1778 μεθ’

480 1804 631 1877 ἡμῶν
693 1798 783 1858 καὶ
843 1800 1146 1875 κοσμῆσαι,
1205 1795 1295 1855 καὶ
1347 1798 1515 1854 ταῦτα
1561 1790 1890 1865 ἱκετευούσης
1943 1788 2033 1851 καὶ

480 1885 758 1959 κλαιούσης
777 1930 794 1963 ,
821 1882 1077 1957 ἐπείσθην,
1105 1872 1149 1943 ὦ
1176 1882 1382 1964 ἄνδρες,
1411 1881 1501 1941 καὶ
1538 1880 1704 1963 τούτῳ
1734 1876 2031 1961 προσελθὼν

484 1973 759 2056 μαρτύρων
797 1969 1024 2031 ἐναντίον
1068 1960 1210 2030 εἷπον
1239 1968 1318 2029 ὅτι
1346 1970 1573 2027 ἐντεῦθεν
1610 1966 1899 2044 ποιήσομαι
1938 1969 2031 2037 τὴν

481 2062 671 2143 ταφήν·
721 2058 1003 2138 δεδεημένη
1059 2056 1162 2139 γὰρ
1212 2056 1292 2130 εἴη
1345 2060 1514 2115 ταῦτα
1560 2059 1726 2115 ποιεῖν
1771 2058 1806 2127 ἡ
1852 2051 2035 2113 τούτου

399 2164 457 2207 ao
483 2146 702 2227 ἀδελφή.
789 2148 881 2227 (23)
908 2145 1018 2206 Καὶ
1050 2148 1219 2203 ταῦτα
1247 2144 1470 2215 Διοκλῆς
1496 2140 1720 2212 ἀκούσας
1757 2142 1902 2201 οὐδὲν
1937 2143 2035 2199 οἰν-

479 2244 673 2310 τεῖπεν,
707 2232 842 2293 ἀλλὰ
879 2232 969 2292 καὶ
996 2229 1255 2305 ἐωνῆσθαί
1278 2255 1328 2290 τι
1356 2233 1458 2289 τῶν
1488 2232 1558 2298 εἰς
1585 2228 1679 2303 τὴν
1706 2225 1902 2312 ταφήν,
1931 2232 2034 2287 τῶν

482 2324 538 2384 δὲ
584 2321 866 2405 ἀρραὸῶνα
910 2317 1188 2379 δεδωκέναι
1234 2310 1378 2387 οὗτος
1423 2316 1638 2403 φάσκων
1680 2322 1847 2378 ταῦτα
1891 2314 2035 2389 ἠξίου

481 2410 608 2492 παρ’
631 2414 759 2490 ἐμοῦ
783 2408 982 2481 λαὸεῖν,
1007 2407 1096 2467 καὶ
1121 2406 1549 2486 διωμολογήσατο
1575 2410 1679 2467 τῶν
1710 2405 1805 2485 μὲν
1837 2408 2037 2485 ἠγορα-

491 2497 692 2578 σμένων
715 2494 872 2576 τιμὴν
902 2493 1206 2570 ἀπολαὸεἵν,
1233 2486 1304 2554 ὧν
1342 2492 1396 2553 δὲ
1423 2494 1701 2577 ἄρραὸῶνα
1731 2493 1924 2575 ἔφασκε
1952 2492 2038 2551 δε·-

491 2586 742 2661 δωκιίναι,
769 2588 1026 2658 συστῆσαι
1066 2582 1182 2651 τοὺς
1213 2582 1488 2650 λαὸόντας.
1575 2580 1737 2650 Εὐθὺς
1771 2574 1860 2644 οὖν
1887 2585 2037 2639 τοῦτο

484 2673 897 2755 παρεφθέγγετο,
918 2676 987 2739 ὥς
1005 2673 1114 2731 οὐδ’
1136 2673 1302 2729 ὁτιοῦν
1323 2668 1402 2742 εἴη
1428 2667 1602 2752 Κίρων
1627 2667 2033 2739 καταλελοιπώς,

484 2762 665 2822 οὗδένα
710 2760 862 2842 λόγον
903 2762 1028 2838 ἐμοῦ
1056 2782 1141 2817 πω
1185 2757 1494 2836 ποιουμένου
1533 2759 1652 2840 περὶ
1695 2760 1796 2817 τῶν
1843 2756 2035 2817 ἐκείνου

403 2874 458 2913 2ο
483 2849 792 2933 χρημάτων.
881 2846 973 2927 (24)
1021 2846 1205 2909 Καίτοι
1253 2848 1298 2905 εἰ
1341 2845 1414 2925 μὴ
1444 2838 1510 2919 ἦν
1555 2845 1884 2927 θυγατριδοῦς
1938 2841 2034 2905 Kc·

485 2961 641 3019 ρωνος
654 2983 673 3016 ,
701 2939 794 2997 οὐκ
835 2934 896 2995 ἂν
941 2939 1107 2994 ταῦτα
1151 2935 1542 3014 διωμολογεῖτο,
1572 2936 1689 2993 ἀλλ’
1723 2931 1945 2999 ἐκείνους
1972 2929 2036 2991 ἂν

481 3024 597 3093 τοὺς
624 3024 804 3104 λόγους
842 3022 988 3102 ἔλεγε
1029 3049 1055 3077 ι
1082 3020 1146 3081 σὺ
1189 3021 1244 3081 δὲ
1283 3020 1359 3091 τίς
1403 3014 1478 3095 εἷ,
1503 3021 1584 3081 σοὶ
1611 3018 1666 3080 δὲ
1695 3020 1746 3079 τί
1776 3018 2030 3100 προσήκει

485 3115 725 3186 θάπτειν,
753 3115 810 3172 οὗ
851 3108 1089 3191 γινώσκω
1126 3132 1211 3171 σε·
1235 3112 1293 3169 οὐ
1336 3110 1412 3188 μὴ
1439 3110 1564 3169 εἴσει
1587 3111 1657 3177 εἰς
1683 3107 1777 3181 τὴν
1801 3107 1990 3169 οἰκίαν.
2012 3132 2038 3161 ²·

483 3200 648 3262 Ταῦτ’
673 3200 834 3259 εἰπεῖν
861 3201 1123 3279 προσῆκεν
1138 3241 1154 3271 ,
1186 3196 1318 3277 ἅπερ
1351 3202 1438 3256 νῦν
1474 3196 1674 3277 ἐτέρους
1699 3194 1916 3255 πέπεικε
1951 3193 2045 3257 λέ-.

485 3312 592 3367 γειν
611 3306 624 3321 ·
667 3293 756 3347 νῦν
781 3285 837 3347 δὲ
859 3290 1085 3345 τοιοῦτον
1117 3283 1210 3362 μὲν
1237 3282 1381 3343 οὐδὲν
1407 3275 1547 3343 εἶπεν
1563 3328 1580 3359 ,
1622 3287 1693 3353 εἰς
1729 3284 1799 3343 ἔω
1825 3282 1878 3343 δὲ
1905 3286 2037 3364 τάρ-

484 3374 659 3456 γύριον
703 3372 934 3433 ἐκέλευεν
986 3373 1308 3450 εἰσενεγκεῖν.
1391 3370 1502 3431 Καὶ
1543 3377 1709 3432 ταῦτα
1751 3374 1822 3441 ὡς
1868 3372 2037 3444 ἀληθῆ

485 3462 653 3539 λέγω,
677 3460 828 3520 κάλει
855 3482 944 3537 μοι
970 3459 1165 3521 τούτων
1192 3455 1308 3526 τοὺς
1331 3457 1614 3539 μάρτυρας.

1092 3598 1431 3649 ΜΑΡΤΥΡΕΣ.

408 3748 462 3788 ao
567 3744 642 3785 2⁵.
688 3724 768 3785 Οὔ
795 3720 963 3781 τοίνυν
991 3720 1178 3789 ἐκεῖνος
1220 3719 1398 3800 μόνος,
1427 3722 1543 3781 ἀλλ’
1583 3720 1699 3781 οὗδὲ
1742 3724 1771 3781 ὁ
1809 3726 1898 3781 νῦν
1940 3723 2039 3800 ἀμ·

487 3810 754 3896 φισὸητῶν
798 3814 890 3869 τοῦ
930 3810 1125 3890 κλήρου
1165 3814 1392 3869 τοιοῦτον
1421 3798 1562 3869 εἶπεν
1607 3809 1769 3883 οὐδέν,
1799 3809 1914 3869 ἀλλ’
1940 3810 2041 3870 ὑπὸ

488 3900 670 3961 τούτου
693 3896 1142 3979 παρασκευασθεὶς
1160 3899 1496 3978 ἀμφισὸητεῖ.
1582 3896 1836 3958 Κᾶκείνου
1861 3896 1921 3957 τὸ
1946 3896 2037 3976 μὲν

487 3997 615 4073 παρ’
653 3994 780 4069 ἐμοῦ
823 3986 1064 4067 κομισθὲν
1109 3988 1350 4069 ἀργύριον
1395 3989 1489 4047 οὐκ
1527 3986 1864 4061 ἐθελήσαντος
1910 3991 2039 4050 ἀπο-

488 4080 688 4153 λαὸεῖν,
715 4074 860 4158 παρὰ
901 4076 1084 4135 τούτου
1113 4076 1157 4135 δ’
1181 4073 1524 4158 ἀπειληφέναι
1551 4080 1616 4156 τῇ
1649 4076 1892 4157 ὑστεραίᾳ
1939 4077 2039 4157 φοί-

489 4190 698 4234 σκοντος
712 4212 728 4239 ,
749 4168 841 4225 οὔκ
865 4162 1170 4242 ἐκωλυόμην
1194 4163 1520 4238 συνθάπτειν,
1549 4162 1684 4223 ἀλλὰ
1703 4164 1876 4224 πάντα
1899 4188 2042 4226 συνε-

488 4256 686 4315 ποίουν·
716 4255 814 4335 οὔχ
842 4252 980 4321 ὅπως
1005 4254 1154 4311 τοῦδε
1203 4250 1568 4322 ἀναλίσκοντος
1597 4253 1712 4313 οὐδὲ
1740 4252 2040 4328 Διοκλέους,

491 4344 606 4403 ἀλλ’
632 4342 683 4412 ἐξ
725 4334 796 4401 ὦν
825 4342 1012 4410 ἐκεῖνος
1041 4339 1286 4400 κατέλιπε
1326 4340 1606 4421 γινομένων
1643 4346 1744 4400 τῶν
1774 4342 1844 4410 εἰς
1885 4342 2039 4402 αὐτὸν

409 4448 461 4487 as
491 4428 867 4507 ἀναλωμάτων.
959 4428 1044 4511 (2ο)
1087 4427 1275 4490 Καίτοι
1316 4428 1406 4489 καὶ
1445 4428 1611 4511 τούτῳ
1657 4433 1941 4511 προσῆκεν,
1996 4436 2041 4490 εἰ

493 4518 567 4597 μὴ
585 4518 797 4584 πάππος
817 4508 878 4590 ἦν
899 4539 986 4593 μοι
1010 4515 1206 4597 Κίρων,
1227 4518 1398 4595 ὠθεῖν,
1423 4518 1694 4578 ε’κὸοίλλειν
1714 4518 1804 4577 καὶ
1821 4520 2039 4578 κωλύειν

491 4605 818 4666 συνθάπτειν.
903 4604 1070 4663 Οὐδὲν
1106 4604 1208 4686 γὰρ
1248 4603 1422 4683 ὅμοιον
1453 4596 1514 4679 ἦν
1557 4630 1644 4685 μοι
1684 4605 1812 4687 πρὸς
1845 4611 2041 4667 τοῦτον·

493 4694 594 4771 ἐγὼ
619 4693 714 4773 μὲν
737 4692 837 4773 γὰρ
870 4692 986 4751 εἴων
1028 4692 1181 4752 αὖτὸν
1215 4693 1517 4777 ἀδελφιδοῦν
1555 4693 1678 4754 ὄντα
1705 4702 1794 4755 τοῦ
1823 4694 2045 4756 πάππου

492 4787 657 4841 ταῦτα
679 4780 851 4840 πάντα
879 4784 1174 4860 συμποιεῖν,
1197 4780 1364 4863 τούτῳ
1387 4782 1433 4840 δ’
1459 4780 1544 4859 ἔμ’
1563 4783 1620 4841 οὗ
1643 4786 1901 4863 προσῆκεν
1926 4786 2043 4856 ἐᾶν,

496 4869 641 4952 εἰπερ
671 4870 840 4943 ἀληθῆ
884 4873 1050 4927 ταῦτα
1090 4861 1155 4941 ἦν
1212 4869 1346 4950 ἅπερ
1406 4874 1493 4928 νῦν
1543 4868 1709 4948 λέγειν
1765 4870 2043 4946 τολμῶσιν.

493 4958 586 5041 (27)
617 4957 754 5018 Ἀλλ’
777 4956 911 5017 οὕτω
933 4960 1000 5036 τῇ
1022 4961 1112 5016 τοῦ
1134 4954 1439 5036 πράγματος
1465 4956 1681 5038 ἀληθείᾳ
1706 4955 2045 5031 καταπέπλη-

490 5071 616 5126 κτο,
644 5046 768 5105 ὥστ’
791 5046 897 5105 οὐδ’
925 5044 1010 5105 ἐπὶ
1042 5049 1132 5104 τοῦ
1155 5044 1421 5123 μνήματος
1461 5046 1588 5123 ἐμοῦ
1629 5042 1939 5122 ποιουμένου
1966 5044 2048 5107 λό-

415 5155 466 5195 to
488 5159 623 5217 γους,
639 5134 728 5195 καὶ
747 5138 1151 5215 κατηγοροῦντος
1164 5132 1438 5200 Διοκλέους
1461 5132 1540 5191 δ’τι
1563 5130 1893 5215 τὰχρήματα
1913 5135 2043 5193 ἀπο-

493 5228 686 5303 στερῶν
706 5225 882 5282 τοῦτόν
905 5223 1249 5298 μοιπέπεικεν
1267 5222 1639 5304 ἀμφισὸητεῖν,
1669 5226 1762 5283 οὐκ
1790 5225 2047 5303 ἐτόλμησε

2118 644 2236 693 mibi
2268 644 2411 695 hosce
2433 644 2595 695 testes.

2790 787 3019 830 TESTE&

2184 916 2259 962 21.
2287 912 2523 962 Praeterea
2544 912 2625 963 illa
2642 911 2772 976 ipsa,
2792 924 2905 975 quae
2921 911 3110 963 Diocles
3130 912 3193 961 ab
3212 924 3403 963 excessu
3417 914 3487 964 avi
3507 919 3629 967 nostri

2119 990 2287 1054 gessit,
2324 991 2439 1041 satis
2452 1026 2467 1053 ‚
2501 1004 2532 1040 o
2554 990 2767 1053 iudices,
2796 988 3033 1053 produnt,
3066 990 3333 1039 constitisse
3362 991 3476 1041 inter
3496 1007 3631 1045 omnoe
3740 1048 3742 1051 Α

2120 1068 2309 1119 Gitonis
2326 1082 2354 1118 e
2372 1068 2467 1118 iilia
2490 1068 2797 1131 nepotes'hos
2815 1080 2932 1118 esse.
2997 1067 3261 1133 veniebam
3284 1068 3456 1119 scilicet
3476 1082 3550 1131 ego
3566 1074 3631 1121 ci-

2121 1146 2250 1197 ronis
2268 1147 2332 1197 ad
2352 1146 2551 1197 domum
2564 1184 2579 1211 ,
2608 1147 2813 1198 cadaver
2838 1146 2941 1209 ejus
2961 1146 3093 1197 illinc
3114 1158 3276 1197 meam
3298 1147 3347 1196 in
3372 1146 3549 1199 domum
3572 1164 3634 1202 as·

2120 1227 2367 1291 portatum
2379 1264 2394 1290 ,
2414 1229 2473 1277 ut
2490 1241 2519 1277 e
2538 1239 2637 1291 qua
2658 1227 2831 1277 vellem
2852 1227 2997 1277 funus
3013 1226 3175 1277 efferri
3200 1244 3214 1277 ε
3234 1225 3459 1277 habebam
3475 1243 3634 1281 mecum
3742 1232 3744 1237 ’

2120 1306 2330 1369 aliquem
2356 1306 2757 1369 necessariorum,
2782 1308 2933 1371 patris
2949 1308 3043 1358 mei
3069 1307 3423 1358 consobrinum.
3482 1310 3547 1359 lbi
3566 1324 3633 1374 ego

2120 1383 2337 1435 Dioclem
2354 1384 2549 1447 quidem
2566 1384 2700 1436 domi
2718 1384 2905 1437 Gitonis
2924 1384 3052 1436 baud
3068 1384 3243 1449 reperi,
3260 1384 3485 1448 ingressus
3504 1388 3635 1440 tamen
3744 1404 3746 1445 i

2118 1461 2170 1513 in
2186 1461 2385 1513 domum
2402 1462 2681 1526 accingebar
2694 1462 2757 1516 ad
2772 1476 2946 1527 corpus
2959 1462 3343 1513 transferendum
3352 1498 3369 1523 ,
3386 1463 3549 1515 habuis
3558 1479 3637 1518 me-

2120 1552 2233 1589 cum
2250 1553 2415 1591 servos
2430 1540 2493 1591 ad
2507 1540 2835 1604 bajulandum.
2880 1543 2979 1607 (22)
3002 1545 3189 1595 Verum
3208 1540 3519 1593 intercedebat
3532 1557 3634 1595 uxor
3746 1574 3748 1585 ·

2120 1617 2225 1680 avi,
2242 1618 2516 1681 supplicans
2533 1620 2588 1668 ut
2605 1632 2691 1683 ego
2709 1619 2881 1670 vellem
2902 1633 2931 1669 e
2946 1619 3091 1669 domo
3110 1631 3201 1669 sua
3224 1618 3366 1671 fimus
3384 1618 3458 1669 avi
3473 1620 3637 1683 efferre,
3746 1620 3748 1623 ⁴

2118 1694 2357 1758 spondens
2373 1708 2566 1761 operam
2585 1710 2615 1746 a
2632 1709 2686 1747 se
2702 1697 2840 1747 nobis
2858 1696 3180 1761 prestandam
3198 1696 3248 1747 in
3266 1710 3456 1761 corpore
3477 1699 3545 1749 avi
3557 1702 3633 1750 tra-

2121 1772 2296 1823 ctando
2334 1776 2383 1823 et
2420 1773 2697 1824 adornando
2722 1774 3087 1838 :permovebar,
3103 1772 3310 1837 jndices,
3333 1774 3535 1827 oratione
3548 1792 3637 1843 sup·
3748 1766 3750 1777 '

2120 1850 2339 1913 plicantis
2349 1852 2397 1901 et
2410 1851 2719 1913 lacrimantis,
2734 1854 2790 1901 ut
2801 1851 2861 1902 ad
2876 1852 3091 1903 Dioclem
3109 1852 3403 1916 accederem,
3414 1854 3488 1903 cui
3504 1868 3636 1905 coram

2120 1932 2323 1984 testibus
2350 1932 2675 1997 significabant
2700 1945 2781 1983 me
2810 1932 3077 1984 decrevisse
3102 1933 3298 1984 Cironis
3314 1946 3343 1985 e
3371 1933 3506 1985 domo
3523 1936 3639 1989 funus
3750 1946 3752 1975 ³

2122 2010 2225 2074 eius
2250 2012 2451 2077 efferre3
2480 2014 2625 2077 idque
2648 2010 2765 2063 dare
2785 2013 3006 2076 precibus
3030 2012 3223 2076 vidum,
3246 2026 3357 2077 quae
3374 2016 3489 2065 esset
3518 2016 3638 2079 ipsius

2123 2089 2357 2157 [Dioclis]
2370 2104 2520 2142 soror.
2586 2092 2685 2155 (28)
2704 2091 2896 2143 Diocles
2911 2090 3001 2141 ista
3018 2091 3221 2141 audiens
3233 2091 3301 2141 nil
3316 2090 3644 2157 obloquebatur,

2124 2168 2573 2221 baectantummodo
2582 2169 2871 2221 admonebat
2884 2169 3065 2221 funeris
3075 2182 3191 2232 ergo
3206 2181 3261 2221 se
3272 2169 3494 2221 nonnulla
3506 2172 3645 2223 emine

2122 2251 2281 2303 soluta
2310 2253 2541 2316 pecunia,
2566 2266 2655 2317 pro
2679 2254 2787 2304 aliis
2801 2264 2919 2303 vero
2938 2252 3230 2316 quibusdam
3250 2252 3438 2303 arrham
3452 2251 3641 2303 dedisse:

2124 2332 2450 2397 rogabatergo
2476 2336 2534 2385 ιιι
2556 2335 2763 2399 pretium
2794 2334 2887 2385 sibi
2902 2333 3152 2385 redderem
3171 2370 3187 2397 ,
3222 2335 3507 2398 curabatque
3527 2334 3644 2387 sibia
3754 2394 3756 2397 Α

2124 2428 2204 2467 me
2228 2416 2392 2467 statim
2416 2417 2640 2481 sponderi
2660 2417 2723 2469 de
2742 2416 2896 2481 pretio
2920 2428 3083 2467 rerum
3110 2418 3384 2481 emptarum
3412 2414 3644 2477 reddendo,

2130 2501 2213 2563 et,
2246 2500 2550 2565 quibusase
2574 2500 2737 2552 datam
2771 2501 2930 2553 aiebat
2960 2501 3155 2551 arrham
3177 2514 3311 2563 esse,
3342 2513 3491 2551 eosse
3516 2500 3646 2549 adme

2126 2582 2449 2635 adducturum
2478 2598 2595 2635 esse.
2659 2586 2883 2637 Protinus
2911 2587 3074 2649 itaque
3094 2586 3288 2637 Diocles
3304 2586 3393 2635 boc
3414 2586 3535 2635 velut
3564 2584 3643 2634 obi·

2126 2662 2201 2711 ter
2221 2662 2430 2712 sermoni
2446 2676 2534 2713 suo
2558 2662 2884 2727 immiscebat,
2902 2664 3041 2727 quasi
3060 2664 3213 2715 ciron
3233 2664 3354 2714 nihil
3372 2664 3420 2713 in
3438 2663 3645 2712 facultati-

2124 2738 2219 2789 bus
2251 2738 2544 2803 reliquisset;
2576 2755 2857 2805 quanquam
2887 2756 2975 2807 ego
3014 2741 3257 2793 nihildum
3286 2742 3348 2792 de
3374 2740 3645 2791 facultatibus

2126 2820 2312 2871 Gitonis
2320 2822 2609 2884 quaerebam.
2628 2824 2725 2886 (24)
2740 2826 2903 2887 Atqui,
2918 2824 2959 2874 si
2968 2824 3153 2875 cir-onis
3162 2838 3253 2887 ego
3270 2836 3299 2874 e
3316 2824 3411 2874 tilia
3418 2836 3551 2886 nepos
3564 2836 3643 2871 non

2127 2903 2347 2968 fuissem,
2376 2907 2591 2969 protecto
2621 2920 2871 2971 nunquam
2910 2908 3102 2959 Diocles
3137 2907 3261 2958 illud
3298 2921 3482 2959 mecum
3514 2906 3647 2957 fuisset

2126 2989 2321 3051 pactus,
2346 2988 2430 3038 sed
2448 2989 2540 3038 hac
2568 2990 2727 3053 potius
2756 2990 2969 3041 oratione
2990 3004 3070 3041 me
3090 2991 3344 3054 repulisset
3368 3010 3381 3041 :
3410 3008 3435 3033 α
3458 2994 3527 3040 'ru
3548 3005 3639 3039 veru

2128 3070 2265 3133 cuius
2281 3074 2361 3121 es?
2373 3071 2489 3135 quid
2498 3072 2585 3123 tibi
2604 3086 2713 3123 cum
2726 3073 2893 3124 timere
2910 3074 3127 3125 Cir-onis?
3142 3088 3232 3138 ego
3252 3076 3301 3125 te
3318 3087 3413 3124 non
3426 3074 3528 3123 novi
3537 3090 3551 3135 ;
3570 3074 3648 3125 noli

2126 3170 2283 3208 meam
2312 3160 2363 3209 in
2389 3157 2588 3210 domum
2616 3160 2810 3211 intrare.
2842 3178 2867 3203 ι·
2889 3162 2991 3211 Hac
3020 3174 3133 3210 eum
3150 3160 3367 3211 oratione
3384 3160 3453 3211 uti
3470 3163 3565 3210 tum
3584 3160 3645 3209 de·

2128 3243 2299 3305 cebet,
2322 3256 2468 3307 quam
2502 3256 2633 3295 nunc
2652 3244 2771 3295 alios
2802 3243 2997 3295 induxit
3032 3246 3088 3294 ut
3108 3244 3230 3295 mihi
3254 3245 3509 3308 ingererent
3530 3264 3543 3295 ι
3562 3244 3649 3293 tun

2128 3334 2243 3372 vero
2268 3322 2387 3373 nibil
2416 3323 2589 3373 horum
2612 3323 2715 3386 ipse
2744 3324 2807 3374 ad
2828 3336 2937 3384 me,
2960 3322 3045 3373 sed
3066 3323 3159 3374 boc
3190 3324 3378 3388 potius,
3407 3324 3461 3373 ιιι
3484 3336 3647 3385 operam

2130 3404 2297 3455 darem
2310 3406 2367 3455 ut
2386 3404 2465 3456 dle
2481 3407 2590 3469 post
2606 3418 2675 3455 ms
2688 3404 2777 3455 sibi
2796 3406 3133 3468 persolverem.
3200 3408 3367 3458 Testes
3380 3409 3433 3458 ιιι
3448 3406 3556 3455 mibi
3572 3406 3647 3457 cita

2130 3482 2497 3535 confirmaturos
2513 3483 2619 3534 haec
2647 3497 2675 3533 a
2698 3496 2779 3535 me
2808 3496 2923 3533 vera
2948 3482 3061 3535 dici.

2783 3602 3019 3647 TRSTBS.

2132 3778 2141 3786 .
2192 3742 2269 3787 25.
2289 3738 2455 3799 Neque
2472 3735 2662 3787 Diocles
2674 3736 2979 3787 solummodo
2990 3748 3043 3787 se
3057 3749 3088 3786 a
3098 3736 3188 3787 tali
3204 3737 3419 3789 oratione
3430 3736 3644 3797 abstinmt,

2128 3820 2298 3858 verum
2314 3807 2460 3857 etlam
2476 3806 2555 3856 bic
2571 3808 2670 3871 ipse
2691 3808 2776 3870 qui
2798 3820 2929 3857 nnnc
2954 3821 3148 3859 mecum
3168 3822 3315 3873 super
3334 3808 3573 3859 hereditate
3586 3808 3647 3857 ci·

2128 3878 2259 3929 tonis
2294 3876 2567 3939 contendit3
2606 3876 2787 3928 scilicet
2822 3877 2863 3929 is
2897 3890 2927 3927 a
2960 3878 3129 3929 Diocle
3162 3880 3448 3929 subornatus
3480 3892 3645 3927 mecum

2130 3947 2389 4021 contepdit.
2453 3950 2563 3997 Jam
2581 3960 2733 4011 quum
2756 3961 2825 3999 aes
2840 3950 3033 4011 pactum
3052 3950 3204 3999 Diocli
3226 3949 3425 4000 daturus
3440 3949 3641 4007 aller-tem,

2128 4026 2285 4079 noluit
2316 4025 2401 4075 ille
2432 4024 2672 4087 accipere,
2711 4038 2813 4088 prm
2844 4038 2897 4075 se
2929 4025 3087 4075 serens
3118 4024 3181 4075 ab
3216 4025 3311 4075 hoc
3345 4024 3647 4090 [competitore

2130 4102 2269 4167 meo]
2288 4102 2367 4153 die
2397 4104 2587 4167 postero
2610 4101 2701 4152 sibi
2728 4102 2831 4163 jam
2861 4114 2965 4152 esse
2992 4102 3320 4164 satisfactum3
3350 4115 3485 4153 nemo
3510 4104 3645 4151 tamen

2131 4179 2239 4231 ideo
2251 4192 2332 4230 me
2347 4177 2631 4242 prohibebat
2644 4177 2900 4240 quominus
2913 4177 2963 4227 in
2976 4176 3189 4227 curando
3204 4178 3370 4229 sunere
3380 4179 3539 4241 prasio
3554 4174 3647 4239 ipsis

2131 4268 2282 4307 essem
2294 4290 2310 4316 ,
2330 4251 2417 4305 sed
2433 4253 2577 4303 rebus
2594 4252 2645 4302 in
2662 4252 2889 4303 omnibus
2908 4264 3103 4315 operam
3127 4264 3241 4301 cum
3266 4252 3359 4303 illis
3378 4262 3641 4301 communem

2132 4331 2401 4393 navabam;
2421 4331 2634 4380 ceterum
2660 4342 2817 4393 neque
2838 4328 2920 4378 bic
2939 4341 3097 4393 neque
3122 4329 3311 4379 Diocles
3332 4328 3391 4377 de
3418 4341 3499 4377 suo
3526 4328 3568 4375 in
3592 4327 3644 4375 iu·

2132 4422 2224 4459 nus
2255 4404 2538 4469 erogabant,
2565 4402 2651 4455 sed
2679 4416 2742 4455 ex
2763 4403 3027 4454 hereditate
3043 4416 3073 4453 a
3088 4404 3267 4453 Gitone
3282 4399 3457 4453 relicta.
3472 4402 3557 4464 (2ο)
3572 4402 3644 4451 Αι-

2132 4482 2215 4547 qui
2229 4516 2244 4542 ,
2284 4480 2324 4531 si
2350 4481 2462 4530 ciro
2486 4491 2604 4529 avus
2635 4479 2752 4529 mibi
2790 4492 2889 4529 non
2914 4480 3043 4542 erat,
3086 4478 3338 4543 oportebat
3364 4478 3485 4528 hunc
3514 4478 3643 4540 ipsum

2131 4570 2325 4625 quoque
2342 4556 2733 4621 [competitorem
2754 4555 2943 4620 meum]
2962 4568 3043 4606 me
3058 4556 3342 4619 extrudere,
3361 4554 3603 4614 eliminare,
3621 4566 3643 4600 a

2132 4636 2358 4690 societate
2378 4642 2537 4696 operae
2562 4632 2613 4681 ia
2628 4631 2929 4695 pollingendo
2952 4646 3031 4684 me
3048 4644 3226 4683 arcere.
3292 4634 3397 4683 Non
3414 4631 3529 4681 enim
3554 4640 3640 4679 era·

2132 4724 2243 4763 mus
2266 4722 2355 4761 nos
2378 4708 2523 4759 ambo
2548 4706 2820 4759 conditione
2848 4720 2987 4770 pares
3021 4727 3035 4759 z
3066 4720 3181 4758 nam
3211 4720 3298 4769 ego
3327 4702 3537 4768 equidem
3552 4716 3643 4752 eum

2132 4786 2287 4837 sinere
2316 4786 2533 4847 poteram
2564 4783 2616 4833 in
2645 4782 2723 4832 avi
2758 4782 2925 4833 sunere
2958 4782 3175 4832 curando
3210 4793 3401 4830 mecum
3432 4777 3643 4828 assiduum

2134 4879 2235 4917 csse
2245 4902 2261 4928 ,
2280 4864 2456 4928 quippe
2473 4863 2557 4926 qui
2583 4862 2689 4926 ejus
2705 4875 2733 4912 e
2749 4873 2912 4911 sorore
2928 4873 3075 4924 nepos
3092 4861 3215 4910 esset
3224 4876 3240 4921 3
3259 4860 3391 4909 illum
3410 4859 3554 4908 autem
3572 4856 3641 4905 de·

2137 4940 2274 4989 cebat
2298 4950 2461 4987 arcere
2494 4951 2597 5001 me,
2628 4938 2670 4987 si
2705 4952 2818 4989 vera
2848 4940 2985 4988 erant
3010 4950 3066 4987 ea
3096 4951 3207 5002 qua·
3241 4950 3369 4989 nunc
3395 4936 3556 4987 audent
3576 4932 3641 4997 ja-

2136 5012 2282 5060 ctare.
2349 5008 2447 5071 (27)
2468 5011 2653 5059 Verum
2682 5010 2783 5059 tam
2802 5011 2906 5061 erat
2926 5009 2995 5059 rei
3024 5008 3225 5060 veritate
3254 5007 3509 5073 perculsus,
3529 5008 3575 5055 ut
3592 5017 3642 5055 ne

2136 5090 2241 5138 tum
2280 5086 2501 5149 quidem,
2534 5098 2687 5149 quum
2722 5099 2809 5149 ego
2838 5086 2901 5137 ad
2936 5086 3210 5149 sepulcrum
3246 5086 3385 5137 verba
3416 5083 3571 5134 faciens
3592 5084 3643 5131 de

2138 5164 2302 5215 Diocle
2338 5176 2582 5227 quererer,
2620 5162 2705 5227 qui
2741 5162 2925 5215 Gitonis
2958 5162 3223 5213 hereditate
3254 5176 3333 5214 me
3363 5160 3639 5224 spoliatum,

2140 5234 2268 5288 buno
2292 5232 2409 5285 mibi
2428 5232 2707 5287 immitteret
2722 5232 2859 5287 litem
2886 5233 3023 5289 daea
3044 5240 3239 5287 nuscum
3268 5231 3638 5290 exorant-imm&
