3825 5842
538 470 647 523 uo

1531 451 1816 515 ΛΥΣῙΟΥ
1855 454 1908 514 Ο
1959 452 2168 514 ΚΑΤΑ
2208 450 2841 515 ΕΡΑΤΟΣΘΕΝΟΥΣ.

3442 456 3531 537 (m
3540 466 3680 540 —am

529 593 708 671 ἡγεῖτο
735 586 838 669 γὰρ
859 585 1000 647 ἅπαν
1022 584 1258 658 ποιήσειν
1277 582 1450 657 αὐτόν,
1470 582 1517 641 εἰ
1537 606 1614 651 τις
1632 581 1872 665 ἀργύριον
1898 582 2084 655 διδοίη.
2181 590 2585 655 communicaret,
2620 604 2770 655 quem
2800 590 2963 641 omnia
3016 590 3257 641 facturum
3296 590 3616 659 arbitrabatur,
3650 614 3684 651 ει

532 679 622 755 (ιε)
651 674 890 739 Ἐκείνου
918 674 972 733 δὲ
1002 670 1364 751 διαλεγομένου
1389 668 1634 749 Θεόγνιδι
1679 668 1953 750 (ἔμπειρος
1990 670 2092 751 γὰρ

530 763 603 823 ὢν
632 764 914 844 ἐτύγχανον
937 766 1030 834 τῆς
1051 759 1215 828 οἰκίας
1235 805 1251 836 ,
1280 757 1372 818 καὶ
1399 758 1543 840 ᾔδειν
1566 757 1646 818 ὅτι
1669 757 1954 840 ἀμφίθυρος
1977 758 2088 840 εἴη)

531 853 697 925 ἐδόκει
717 874 807 930 μοι
828 849 994 931 ταύτῃ
1017 853 1296 928 πειρᾶσθαι
1311 850 1570 924 σωθῆναι,
1593 846 1958 928 ἐνθυμουμένῳ
1981 845 2089 919 ὅτι,

530 940 623 1001 ἐὰν
651 939 744 1019 μὲν
787 938 964 1016 λάθω,
1003 937 1340 1014 σωθήσομαι,
1382 934 1471 995 ἐὰν
1501 933 1556 993 δὲ
1602 937 1814 1017 ληφθῶ,
1851 934 2089 1015 ἡγούμην

451 1047 501 1087 ss
531 1028 645 1107 μέν,
689 1031 734 1087 εἰ
773 1025 988 1105 Θέογνις
1024 1024 1108 1097 εἴη
1140 1024 1484 1103 πεπεισμένος
1519 1022 1621 1082 ὐπὸ
1653 1027 1745 1082 τοῦ
1773 1022 2091 1101 Δαμνίππου

529 1116 780 1198 χρήματα
817 1112 1021 1190 λαὸεῗν,
1065 1111 1209 1172 οὐδὲν
1247 1102 1402 1184 ἧττον
1427 1110 1806 1191 ἀφεθήσεσθαι,
1829 1113 1876 1169 εἰ
1898 1108 1953 1168 δὲ
1986 1109 2089 1188 μή,

528 1206 716 1283 ὁμοίως
731 1206 1114 1263 ἀποθανεῖσθαι.
1135 1199 1225 1283 (ιο)
1237 1204 1426 1262 Ταῦτα
1438 1195 1717 1271 διανοηθεὶς
1727 1198 1956 1281 ἔφευγον,
1969 1198 2092 1259 ἐκεί·

526 1314 628 1352 νων
651 1290 738 1351 ἐπὶ
759 1294 824 1371 τῇ
848 1287 1038 1369 αὐλείῳ
1058 1286 1190 1371 θύρᾳ
1206 1288 1300 1359 τὴν
1315 1284 1554 1369 φυλακὴν
1569 1286 1910 1364 ποιουμένων·
1932 1288 2091 1367 τριῶν

527 1379 582 1437 δὲ
609 1382 775 1457 θυρῶν
805 1379 988 1451 οὐσῶν,
1017 1376 1079 1443 ἃς
1101 1376 1202 1435 ἔδει
1232 1399 1298 1454 με
1327 1376 1558 1449 διελθεῖν,
1599 1374 1800 1433 ἅπασαι
1825 1373 2089 1455 ἀνεῳγμέ-

525 1489 612 1525 ναι
629 1466 833 1547 ἔτυχον.
881 1464 1213 1546 Ἀφικόμενος
1228 1464 1282 1523 δὲ
1297 1466 1369 1530 εἰς
1389 1462 1647 1543 Ἀρχένεω
1666 1468 1754 1523 τοῦ
1774 1461 2083 1543 ναυκλήρου,

527 1558 718 1615 ἐκεῖνον
743 1552 940 1632 πέμπω
962 1556 1032 1621 εἰς
1059 1554 1218 1627 ἄστυ,
1241 1552 1558 1631 πευσόμενον
1583 1552 1704 1635 περὶ
1728 1558 1819 1612 τοῦ
1847 1554 2111 1635 ἀδελφοῦ·’

525 1642 669 1717 ἥκων
697 1641 752 1702 δὲ
779 1642 954 1719 ἔλεγεν
980 1639 1061 1700 ὅτι
1090 1638 1467 1724 Ἐρατοσθένης
1495 1639 1648 1699 αὐτὸν
1677 1643 1730 1700 ἐν
1755 1644 1820 1721 τῇ
1860 1642 1965 1721 ὁδῷ
1990 1643 2089 1700 λα-

449 1750 503 1790 80
530 1729 638 1789 ὅὼν
689 1732 759 1798 εἰς
799 1730 857 1789 τὸ
909 1728 1264 1809 δεσμωτήριον
1311 1726 1596 1806 ἀπαγάγοι.
1683 1728 1770 1808 (17)
1825 1728 1937 1789 Καὶ
1984 1726 2089 1808 ἐγὼ

525 1821 743 1876 τοιαῦτα
790 1816 1116 1893 πεπυσμένος
1171 1820 1263 1888 τῆς
1305 1814 1550 1887 ἐπιούσης
1587 1814 1768 1882 νυκτὸς
1807 1814 2087 1876 διέπλευσα

526 1902 829 1983 Μέγαράδε.
915 1901 1253 1984 Πολεμάρχῳ
1273 1900 1328 1961 δὲ
1352 1900 1712 1983 παρήγγειλαν
1737 1905 1784 1962 οἱ
1804 1902 2089 1984 τριάκοντα

525 1990 586 2050 τὸ
604 1994 696 2049 ὑπ’
717 1989 926 2051 ἐκείνων
947 1988 1232 2068 εἰθισμένον
1257 1989 1611 2071 παράγγελμα
1627 2034 1643 2063 ,
1666 1984 1830 2049 πίνειν
1853 1990 2088 2070 κώνειον,

526 2077 648 2159 πρὶν
667 2076 760 2151 τὴν
787 2078 960 2139 αἰτίαν
983 2080 1146 2137 εἰπεῖν
1170 2080 1238 2137 δι’
1261 2077 1443 2150 ἥντινα
1468 2076 1684 2155 ἔμελλεν
1701 2076 2087 2138 ἀποθανεῖσθαι·

526 2166 664 2245 οὕτω
679 2169 874 2225 πολλοῦ
893 2164 1074 2239 ἐδέησε
1095 2170 1334 2246 κριθῆναι
1354 2164 1446 2224 καὶ
1463 2163 1912 2243 ἀπολογήσασθαι.
1998 2166 2085 2247 (ιε)

529 2253 638 2321 Καὶ
681 2252 859 2326 ἐπειδὴ
898 2252 1184 2336 ἀπεφέρετο
1212 2254 1272 2312 ἐκ
1311 2256 1404 2313 τοῦ
1446 2251 1803 2333 δεσμωτηρίου
1837 2252 2085 2332 τεθνεὼς,

447 2360 500 2402 aa
525 2344 681 2424 τριῶν
710 2346 836 2420 ἡμῖν
857 2344 1032 2401 οἰκιῶν
1060 2344 1226 2402 οὐσῶν
1254 2342 1497 2418 οὐδεμιᾶς
1519 2338 1701 2400 εἴασαν
1729 2339 2088 2423 ἐξενεχθῆναι,

525 2429 663 2506 ἀλλὰ
698 2428 895 2490 κλίσιον
942 2428 1327 2507 μισθωσάμενοι
1375 2427 1656 2509 προῦθεντο
1699 2428 1874 2491 αὐτόν.
1976 2430 2086 2492 Καὶ

527 2517 735 2576 πολλῶν
759 2516 922 2576 ὄντων
950 2514 1172 2593 ἱματίων
1209 2518 1440 2575 αἰτοῦσιν
1469 2514 1613 2575 οὐδὲν
1653 2514 1838 2575 ἔδοσαν
1878 2520 1950 2585 εἰς
1990 2516 2085 2590 τὴν

522 2602 712 2685 ταφήν,
743 2603 879 2663 ἀλλὰ
906 2608 1008 2663 τῶν
1037 2602 1198 2685 φίλων
1224 2607 1251 2662 ὁ
1277 2602 1371 2681 μὲν
1399 2602 1628 2681 ἱμάτιον,
1656 2606 1684 2661 ὁ
1708 2602 1763 2662 δὲ
1785 2604 2089 2687 προσκεφά-

523 2693 688 2764 λαιον,
722 2693 750 2748 ὁ
777 2687 831 2749 δὲ
859 2687 893 2748 ὅ
915 2714 966 2749 τι
997 2689 1213 2759 ἕκαστος
1240 2690 1419 2771 ἔτυχεν
1449 2690 1640 2750 ἔδωκεν
1675 2693 1744 2759 εἰς
1770 2689 1865 2764 τὴν
1893 2691 2087 2753 ἐκείνου

521 2777 712 2859 ταφήν.
796 2778 885 2856 (ιο)
911 2778 1018 2839 Καὶ
1041 2778 1244 2859 ἔχοντες
1271 2779 1366 2858 μὲν
1394 2776 1710 2846 ἑπτακοσίας
1740 2779 1964 2848 ἀσπίδας
1984 2783 2087 2840 τῶν

524 2864 816 2947 ἡμετέρων,
847 2865 1053 2946 ἔχοντες
1083 2866 1137 2925 δὲ
1179 2866 1422 2949 ἀργύριον
1454 2866 1546 2927 καὶ
1583 2868 1795 2948 χρυσίον
1824 2874 2086 2943 τοσοῦτον,

523 2951 726 3033 χαλκὸν
755 2950 809 3011 δὲ
831 2951 924 3011 καὶ
950 2952 1147 3030 κόσμον
1174 2953 1266 3012 καὶ
1287 2952 1484 3029 ἔπιπλα
1504 2954 1594 3013 καὶ
1614 2956 1797 3032 ἱμάτια
1817 2966 2086 3032 γυναικεῖα

444 3059 498 3101 ιο
521 3038 618 3099 ὅσα
646 3038 980 3099 οὐδεπώποτε
1017 3040 1181 3123 ᾤοντο
1207 3041 1534 3121 κτήσασθαι,
1555 3042 1645 3102 καὶ
1679 3042 1979 3125 ἀνδράποδα
2007 3044 2085 3104 εἴ-

523 3148 641 3186 κοσι
676 3126 768 3186 καὶ
801 3130 1009 3205 ἑκατόν,
1051 3118 1123 3187 ὧν
1165 3127 1234 3189 τὰ
1273 3128 1366 3208 μὲν
1396 3128 1642 3210 βέλτιστα
1694 3128 1906 3209 naemu,
1937 3130 2004 3190 τὰ
2031 3131 2085 3191 δὲ

521 3213 679 3273 λοιπὰ
693 3214 764 3281 εἰς
779 3212 840 3273 τὸ
859 3212 1104 3292 δημόσιον
1126 3214 1404 3291 ἀπέδοσαν,
1425 3220 1496 3285 εἰς
1515 3214 1771 3291 τοσαύτην
1792 3218 2086 3292 ἀπληστίαν

523 3300 615 3360 καὶ
640 3300 1062 3381 αἰσχροκέρδειαν
1088 3304 1332 3386 ἀφίκοντο
1355 3305 1445 3365 καὶ
1467 3311 1558 3365 τοῦ
1581 3304 1776 3387 τρόπου
1799 3312 1887 3367 τοῦ
1909 3312 2083 3367 αὐτῶν

525 3387 784 3457 ἀπόδειξιν
815 3388 1148 3460 ἐποιήσαντο·
1189 3396 1283 3463 τῆς
1319 3392 1419 3472 γὰρ
1457 3392 1812 3473 Πολεμάρχου
1847 3396 2088 3473 γυναικὸς

522 3480 745 3554 χρυσοῦς
767 3477 1066 3557 ἑλικτῆρας,
1101 3476 1187 3546 οὓς
1208 3476 1401 3558 ἔχουσα
1426 3477 1704 3561 ἐτύγχανεν
1733 3479 1817 3539 ὅτε
1850 3481 1910 3540 τὸ
1942 3486 2085 3562 πρῶ-

520 3583 610 3620 τον
636 3553 792 3635 ἦλθεν
819 3565 890 3631 εἰς
920 3564 1016 3636 τὴν
1044 3564 1211 3623 οἰκίαν
1239 3566 1540 3641 Μηλόὸιος,
1569 3572 1629 3627 ἐκ
1655 3572 1757 3627 τῶν
1780 3565 1929 3628 ὤτων
1958 3568 2084 3638 ἐξεί·

428 3650 660 3721 122λετο.
691 3651 781 3728 (ου)
808 3649 920 3710 Καὶ
947 3649 1064 3710 οὐδὲ
1089 3650 1226 3711 κατὰ
1243 3652 1304 3712 τὸ
1325 3654 1600 3733 ἐλάχιστον
1621 3652 1773 3736 μέρος
1797 3660 1890 3728 τῆς
1909 3656 2086 3726 οὐσίας

523 3735 667 3811 ἐλέου
694 3740 819 3818 παρ’
845 3740 1016 3798 αὐτῶν
1044 3739 1418 3821 ἐτυγχάνομεν·
1504 3743 1628 3801 ἀλλ’
1654 3742 1815 3812 οὕτως
1842 3747 1912 3811 εἰς
1947 3750 2087 3822 ἡμᾶς

524 3824 609 3883 διὰ
631 3824 698 3901 τὰ
719 3825 972 3907 χρήματα
1005 3827 1386 3908 ἐξημάρτανον,
1421 3828 1600 3911 ὥσπερ
1627 3830 1689 3890 ἂν
1719 3830 1882 3915 ἕτεροι
1923 3833 2085 3913 μεγά-

522 3912 628 3970 λων
657 3913 996 3991 ἀδικημάτων
1024 3914 1185 3995 ὀργὴν
1227 3915 1468 3997 ἔχοντες,
1501 3920 1558 3977 οὐ
1587 3918 1783 3979 τούτων
1823 3919 1991 3989 ἀξίους
2024 3944 2086 4000 γε

522 3997 673 4067 ὄντας
692 4004 758 4079 τῇ
773 4000 943 4081 πόλει,
961 4002 1098 4060 ἀλλὰ
1112 4002 1288 4072 πάσας
1301 4002 1392 4071 τὰς
1405 4003 1655 4086 χορηγίας
1666 4006 2085 4087 χορηγήσαντας,

523 4084 721 4154 πολλὰς
757 4089 805 4147 δ’
842 4088 1086 4171 εἰσφορὰς
1121 4092 1534 4171 εἰσενεγκόντας,
1580 4094 1824 4172 κοσμίους
1865 4098 1908 4155 δ’
1945 4101 2086 4176 ἡμᾶς

451 4186 478 4226 5
523 4171 707 4242 αὐτοὺς
727 4176 1056 4257 παρέχοντας
1083 4176 1173 4238 καὶ
1197 4188 1301 4237 πᾶν
1329 4179 1388 4239 τὸ
1412 4180 1863 4263 προσταττόμενον
1884 4190 2087 4244 ποιοῦν-

521 4284 646 4340 τας,
677 4262 858 4343 ἐχθρὸν
884 4264 931 4321 δ’
961 4263 1144 4324 οὐδένα
1182 4267 1559 4346 κεκτημένους,
1589 4269 1809 4339 πολλοὺς
1845 4271 1888 4331 δ’
1926 4272 2082 4347 Ἀθη-

521 4351 679 4413 ναίων
707 4354 767 4409 ἐκ
796 4356 898 4410 τῶν
919 4352 1184 4431 πολεμίων
1209 4355 1532 4435 λυσαμένους
1557 4358 1802 4419 τοιούτων
1827 4358 2081 4441 ἠξίωσαν,

521 4440 621 4517 οὐχ
663 4437 853 4511 ὁμοίως
895 4446 1259 4517 μετοικοῦντας
1294 4442 1473 4525 ὥσπερ
1520 4445 1666 4505 αὐτοὶ
1706 4448 2081 4511 ἐπολιτεύοντο.

525 4526 614 4604 (21)
635 4516 800 4585 Οὗτοι
824 4525 926 4608 γὰρ
947 4526 1169 4597 πολλούς
1189 4528 1283 4609 μὲν
1303 4534 1406 4590 τῶν
1429 4534 1656 4593 πολιτῶν
1678 4535 1748 4601 εἰς
1775 4534 1892 4602 τοὺς
1921 4537 2084 4595 πολε-

524 4612 670 4689 μίους
691 4611 970 4688 ἐξήλασαν,
992 4615 1215 4685 πολλοὺς
1245 4618 1293 4677 δ’
1325 4617 1512 4687 ἀδίκως
1537 4619 1932 4690 ἀποκτείναντες
1954 4622 2084 4682 ἀτοί-

524 4723 646 4781 φους
673 4700 948 4781 ἐποίησαν,
979 4704 1199 4775 πολλοὺς
1217 4706 1262 4765 δ’
1289 4706 1554 4785 έπιτίμους
1576 4706 1725 4777 ὄντας
1753 4708 1967 4787 ἀτίμους
1994 4717 2085 4785 τῆς

447 4806 495 4845 ιο
525 4790 724 4858 πόλεως
756 4789 1108 4870 κατέστησαν,
1146 4794 1356 4854 πολλῶν
1388 4796 1444 4854 δὲ
1481 4794 1767 4877 θυγατέρας
1795 4799 2086 4877 μελλούσας

525 4877 814 4938 ἐκδίδοσθαι
840 4880 1129 4943 ἐκώλυσαν.
1216 4885 1306 4965 (22)
1337 4883 1443 4944 Καὶ
1473 4886 1544 4952 εἷς
1569 4885 1809 4945 τοσοῦτόν
1837 4888 1937 4947 εἰσι
1964 4888 2085 4949 τόλ-

526 4991 627 5045 μης
659 4968 960 5049 ἀφιγμένοι,
984 4970 1108 5031 ὥσθ’
1137 4970 1350 5044 ἥκουσιν
1386 4972 1863 5054 ἀπολογησόμενοι,
1887 4976 1980 5036 καὶ
2004 4978 2085 5038 λέ-

523 5078 700 5133 γουσιν
727 5060 796 5124 ὡς
819 5056 964 5116 οὐδὲν
999 5058 1160 5119 κακὸν
1191 5060 1298 5120 οὐδ’
1325 5058 1542 5141 αἰσχρὸν
1575 5062 1903 5141 εἰργασμένοι
1934 5067 2082 5129 εἰσίν.

527 5142 670 5219 Ἐγὼ
687 5145 732 5204 δ’
752 5144 1043 5224 ἐὸουλόμην
1063 5145 1126 5205 ἂν
1143 5146 1324 5216 αὐτοὺς
1341 5149 1509 5221 ἀληθῆ
1523 5149 1710 5228 λέγειν·
1728 5156 1889 5229 μετῆν
1903 5152 2005 5236 γὰρ
2023 5152 2086 5215 ἂν

526 5231 618 5307 καὶ
640 5232 758 5309 ἐμοὶ
779 5231 964 5293 τούτου
982 5236 1209 5314 τάγαθοῦ
1227 5238 1320 5299 οὐκ
1341 5237 1616 5319 ἐλάχιστον
1630 5238 1801 5322 μέρος·
1886 5239 1974 5324 (2³)
1996 5248 2086 5303 νῦν

2177 680 2287 744 quis
2303 680 2391 743 ipsi
2408 678 2607 731 offerret
2622 678 2894 743 pecuniam.
2960 678 3061 743 (15)
3081 681 3209 729 Dum
3228 679 3369 743 igitur
3388 681 3428 731 is
3442 684 3687 737 cumTheo·

2176 766 2318 832 gnide
2347 767 2703 832 colloqueretur
2740 767 2902 831 (eram
2934 767 3065 818 enim
3098 766 3277 818 oedinm
3311 768 3510 833 peritus,
3542 784 3691 839 euque

2178 868 2406 907 noveram
2432 869 2534 907 esse
2551 855 2759 919 bifores)
2776 892 2793 919 ,
2812 856 2959 908 statui
2976 854 3096 905 mihi
3110 855 3399 907 tentandum
3420 871 3519 909 esse
3539 860 3693 926 aliquid

2178 946 2235 995 ut
2250 945 2343 995 hac
2354 946 2631 1009 aufugerem
2645 962 2661 1008 ς
2679 948 2905 1009 reputans
2921 944 3105 996 scilicet
3120 957 3201 995 me
3211 980 3227 1007 ,
3250 944 3291 995 si
3309 944 3361 995 id
3376 946 3569 998 facerem
3584 951 3695 1003 elan-

2178 1033 2369 1097 culum,
2396 1034 2585 1084 salvum
2612 1034 2743 1097 tore3
2766 1034 2841 1083 sin
2860 1032 3260 1098 deprehenderer,
3286 1033 3434 1084 nihilo
3448 1036 3600 1087 tamen
3616 1041 3695 1089 mi-

2177 1134 2271 1172 nus
2304 1134 2443 1185 posse
2474 1121 2698 1186 liberari,
2734 1122 2776 1172 si
2811 1122 3111 1186 Damnippus
3138 1121 3400 1185 Theognidi
3430 1126 3698 1186 persuaderet

2176 1208 2432 1273 pecuniam
2454 1210 2695 1278 accipet-03
2720 1210 2796 1261 sin
2821 1213 3071 1274 renueret,
3098 1222 3179 1261 me
3205 1211 3385 1275 pariter
3408 1212 3695 1284 interiturum.

2180 1296 2279 1360 (16)
2305 1302 2426 1358 Quae
2452 1298 2665 1361 rogitans
2685 1297 2902 1362 subripui
2926 1312 3007 1367 me
3022 1334 3038 1361 ,
3060 1297 3165 1351 istis
3184 1299 3308 1349 atria
3329 1301 3634 1364 servantibus3
3660 1307 3699 1355 et

2176 1374 2334 1451 quum
2354 1388 2454 1437 tres
2474 1387 2634 1438 essent
2660 1387 2788 1438 sores
2812 1400 2897 1451 per
2916 1400 3039 1451 quas
3060 1387 3265 1439 transire
3288 1400 3369 1439 me
3392 1389 3615 1455 oport-uit,
3635 1406 3701 1444 eas

2176 1486 2344 1525 omnes
2359 1474 2539 1525 offendi
2559 1476 2764 1539 apertas.
2831 1480 2987 1539 Atque
3002 1489 3159 1539 quum
3176 1476 3240 1526 ad
3266 1476 3493 1527 Archenei
3518 1480 3699 1531 naucleri

2177 1562 2305 1613 sodes
2337 1561 2657 1626 pervenissem
2670 1599 2688 1627 ,
2728 1562 2867 1613 illum
2891 1563 2955 1613 ad
2986 1564 3157 1629 urbem
3192 1565 3337 1615 mitto
3364 1564 3426 1615 de
3448 1578 3552 1616 meo
3578 1567 3701 1619 fratre

2176 1652 2587 1714 permutatumm.
2650 1654 2891 1703 Reversus
2915 1652 3079 1702 narrat
3103 1664 3216 1703 eum
3248 1652 3311 1702 ab
3344 1654 3637 1705 Eratosthene
3660 1658 3701 1706 in

2176 1739 2257 1788 via
2276 1737 2625 1803 deprehensum
2650 1740 2701 1791 et
2720 1742 2772 1791 tn
2792 1753 3033 1791 camerem
3058 1739 3323 1791 deductum
3340 1754 3457 1792 esse.
3520 1743 3609 1807 (17)
3632 1745 3701 1795 iiis

2175 1840 2263 1889 ego
2287 1827 2464 1878 auditis
2483 1826 2753 1892 insequenti
2776 1830 2917 1879 nocte
2936 1832 3174 1892 Megaram
3193 1829 3432 1892 navigavi.
3494 1832 3701 1882 Polemar·

2176 1914 2269 1982 cbo
2292 1918 2455 1966 autem
2477 1916 2672 1967 solitum
2694 1915 2825 1967 istud
2845 1916 3057 1967 edictum
3076 1916 3367 1980 trigintaviri
3396 1918 3703 1971 denuntiarunt

2176 2004 2233 2053 ut
2257 2004 2466 2054 cicutam
2495 2003 2707 2068 biberet,
2736 2006 2869 2056 nulla
2898 2018 3041 2056 causa
3070 2006 3201 2056 necis
3226 2007 3415 2070 prolata
3442 2026 3455 2058 ε
3488 2008 3597 2059 adeo
3622 2022 3701 2059 non

2174 2091 2265 2155 ipsi
2299 2091 2439 2143 licuit
2469 2092 2573 2155 lege
2604 2094 2812 2157 experiri
2840 2106 2989 2158 seque
3016 2094 3174 2158 ipsum
3200 2093 3471 2145 defendere.
3536 2096 3624 2160 (18)
3652 2100 3702 2149 tt
3769 2128 3770 2131 =

2176 2193 2329 2244 quum
2346 2192 2411 2230 ex
2442 2192 2636 2232 carcere
2660 2182 2885 2233 mortuus
2908 2184 3262 2246 exportaretur,
3292 2196 3563 2248 quanquam
3590 2187 3703 2236 nohis

2174 2268 2276 2317 tres
2290 2268 2429 2319 erant
2452 2267 2581 2319 aedes
2594 2304 2610 2331 ,
2630 2281 2691 2319 ex
2712 2268 2849 2319 nulla
2863 2269 3028 2319 tamen
3049 2269 3227 2319 barum
3252 2280 3367 2319 eum
3384 2268 3537 2319 efferri
3554 2272 3703 2333 permi-

2176 2356 2372 2419 serunt,
2408 2355 2492 2407 scd
2522 2356 2761 2408 conducto
2791 2356 3013 2419 tugurio,
3048 2356 3119 2407 ibi
3144 2368 3255 2406 eum
3288 2356 3599 2419 exponebant.
3654 2360 3705 2409 Et

2177 2456 2332 2507 quum
2353 2442 2493 2495 nobis
2508 2446 2665 2495 vestes
2680 2445 2838 2495 essent
2862 2444 3110 2507 plurium.
3136 2445 3325 2495 nullam
3354 2446 3515 2494 tamen
3535 2457 3703 2495 conces·

2177 2544 2282 2583 sere
2296 2531 2359 2582 ad
2375 2532 2673 2597 sepulturam
2697 2532 2995 2596 petentibus,
3021 2545 3191 2583 verum
3221 2532 3492 2582 amicorum
3513 2546 3628 2585 unus
3640 2548 3705 2584 ve·

2176 2620 2327 2681 stem,
2349 2620 2603 2683 pulvinum
2629 2621 2769 2683 alter,
2796 2620 2917 2671 alter
2936 2620 3279 2685 quodcumque
3292 2622 3473 2684 presto
3505 2624 3641 2684 esset,
3664 2623 3705 2671 in

2176 2706 2323 2758 simiis
2342 2708 2504 2759 dabat.
2570 2709 2669 2772 (19)
2690 2711 2801 2759 Jam
2819 2708 2902 2771 qui
2926 2707 3171 2759 habebant
3194 2722 3257 2759 ex
3292 2708 3437 2760 bonis
3462 2711 3623 2761 nostris
3643 2723 3705 2760 se·

2178 2793 2449 2858 ptingentos
2465 2793 2675 2857 clypeos,
2685 2795 2879 2845 tantum
2896 2794 3003 2844 auri
3019 2796 3167 2859 atque
3182 2796 3387 2859 argenti,
3406 2798 3705 2861 praeteream,

2176 2884 2228 2933 et
2250 2882 2397 2951 ..varia
2430 2883 2711 2933 ornamenta
2727 2919 2744 2945 ,
2780 2881 3115 2946 mundumque
3144 2882 3461 2947 muliebrem,
3500 2888 3706 2948 quantum

2176 2984 2429 3036 nunquam
2442 2984 2495 3021 se
2510 2973 2739 3022 nacturos
2752 2985 2857 3023 esse
2872 2972 3251 3033 arbitrabantur,
3270 2974 3511 3037 mancipia
3526 2974 3706 3039 denique

2178 3062 2373 3110 centum
2390 3062 2441 3110 et
2456 3060 2640 3123 viginti,
2660 3073 2867 3123 quorum
2884 3060 3273 3123 praestantissima
3290 3060 3387 3110 sibi
3413 3066 3706 3124 reservarunt,

2178 3147 2361 3211 reliqua
2380 3147 2691 3197 contulerunt
2706 3148 2757 3197 in
2772 3147 3053 3210 publicum;
3084 3148 3135 3197 in
3158 3160 3267 3197 eam
3290 3149 3453 3198 tamen
3471 3149 3708 3213 inexplebi-

2177 3236 2274 3286 lem
2303 3235 2615 3299 cupiditatem
2632 3238 2919 3299 turpemque
2948 3235 3074 3285 lucri
3100 3248 3313 3287 amorem
3346 3250 3609 3299 processere
3622 3274 3635 3299 ‚
3662 3252 3709 3289 ea

2177 3335 2370 3373 morum
2384 3336 2583 3374 suorum
2596 3322 2845 3387 prodidere
2862 3324 3137 3387 specimina,
3157 3325 3215 3374 ut
3232 3324 3551 3375 Ptolemarcbi
3566 3329 3709 3376 uxoris

2176 3412 2367 3462 inaures
2388 3424 2585 3475 aureas,
2608 3425 2730 3475 quas
2758 3412 2930 3462 habuit
2954 3411 3039 3462 ubi
3060 3412 3270 3476 primum
3292 3412 3346 3463 in
3372 3413 3499 3464 aedoe
3522 3414 3618 3477 ejus
3644 3428 3709 3464 ve·

2175 3498 2314 3547 nerat
2335 3496 2569 3547 Melobius
2582 3533 2599 3560 ,
2620 3510 2685 3547 ex
2699 3497 2896 3548 auribus
2923 3497 3198 3551 detraxerit.
3261 3500 3364 3565 (20)
3384 3504 3445 3552 Et
3460 3516 3522 3552 ne
3536 3502 3709 3552 minima

2176 3584 2371 3648 quidem
2389 3586 2439 3635 in
2456 3586 2595 3648 parte
2613 3586 2916 3637 fortunarum
2940 3588 3211 3638 nostrarum
3224 3589 3491 3653 quidquam
3510 3591 3708 3640 humani·

2176 3671 2287 3722 tatis
2303 3671 2366 3722 ab
2390 3672 2491 3722 istis
2508 3686 2675 3723 sumus
2692 3675 2876 3737 experti
2890 3690 2905 3736 3
2934 3688 3103 3726 verum
3120 3678 3315 3740 propter
3336 3677 3525 3729 divitias
3544 3680 3709 3729 nostras

2176 3761 2243 3810 ita
2260 3760 2486 3811 atrociter
2504 3774 2589 3812 noe
2609 3764 2930 3826 exceperunt,
2949 3764 3007 3813 ut
3022 3764 3179 3815 solent
3200 3766 3281 3815 alii
3300 3768 3498 3830 propter
3512 3766 3709 3829 gravissi·

2176 3866 2281 3903 mas
2301 3852 2514 3917 injurias·
2578 3853 2723 3918 Atqui
2740 3869 2837 3905 non
2858 3856 2964 3906 haec
2980 3857 3137 3907 meriti
3154 3871 3351 3909 eramus
3386 3872 3416 3910 a
3452 3859 3703 3922 republica.-

2175 3960 2343 3997 verum
2375 3947 2514 3997 nobis
2543 3949 2629 4011 qui
2662 3951 2885 4012 sumptus
2918 3962 3087 4001 omnes
3123 3952 3344 4015 publicos
3387 3952 3605 4013 tulimus„
3636 3954 3705 4015 qui

2174 4041 2327 4091 multa
2344 4039 2526 4091 tributa
2543 4040 2889 4104 persolvimus,
2908 4042 2995 4105 qui
3020 4054 3109 4093 nos
3130 4042 3346 4094 modeste
3367 4044 3591 4107 gessimus
3604 4080 3619 4105 ,
3637 4044 3708 4106 qui

2174 4133 2335 4183 omnia
2356 4131 2591 4195 imperata
2619 4133 2835 4184 exsecuti
2862 4133 3073 4195 suimuS,
3103 4134 3189 4197 qui
3208 4134 3389 4185 nullius
3412 4134 3546 4184 nobis
3566 4133 3708 4183 inimi-

2174 4222 2311 4273 citias
2340 4223 2727 4287 conciliavimus,
2765 4224 3043 4287 multosque
3071 4223 3385 4275 Athenienses
3422 4224 3485 4274 ab
3516 4222 3710 4274 hostibus

2174 4316 2476 4368 redimendos
2497 4316 2801 4379 curavimus5
2824 4317 2962 4367 nobis
2976 4354 2991 4379 ,
3023 4318 3221 4380 inquam
3238 4356 3253 4381 ,
3274 4316 3401 4367 hanc
3425 4316 3619 4381 gratiam
3640 4330 3705 4366 re-

2174 4410 2329 4461 tulere
2343 4448 2359 4475 ,
2378 4409 2518 4461 nobis
2540 4410 2625 4474 qui
2650 4408 2908 4473 inquilinos
2926 4408 3161 4473 ejusmodi
3183 4423 3271 4461 nos
3300 4423 3399 4461 non
3424 4410 3710 4475 praestitimus

2174 4502 2340 4566 quales
2354 4503 2423 4554 illi
2442 4516 2494 4553 se
2512 4501 2790 4567 reipublicae
2806 4502 2956 4553 duces
2967 4502 3279 4565 praestabant.
3344 4504 3443 4567 (21)
3464 4504 3537 4555 llli
3553 4503 3710 4553 etenim

2174 4596 2355 4646 civium
2370 4597 2551 4647 multos
2564 4594 2625 4646 ad
2643 4595 2803 4646 hostes
2815 4596 3072 4660 coningere
3085 4597 3360 4661 coegerunt,
3378 4596 3553 4647 multos
3568 4596 3711 4660 inique

2174 4689 2355 4740 occisos
2378 4689 2539 4753 jacere
2567 4688 2831 4754 insepultos
2869 4690 2995 4753 passi
3026 4690 3168 4753 sunt,
3204 4690 3385 4742 multos
3413 4690 3523 4753 iure
3550 4688 3711 4739 civium

2175 4785 2363 4834 utentes
2398 4782 2605 4834 civitatis
2634 4783 2973 4834 communione
3007 4762 3324 4848 expulerunt,
3366 4784 3711 4847 multorumque

2176 4876 2297 4929 filias
2314 4876 2416 4939 jam
2440 4878 2671 4940 nupturas
2686 4876 3037 4941 prohibuerunt
3056 4889 3118 4929 ne
3144 4854 3413 4929 nuberent:
3438 4876 3535 4941 (22)
3566 4890 3620 4928 eo
3644 4878 3711 4926 ta-

2175 4983 2287 5021 men
2304 4968 2517 5021 audaciae
2534 4969 2648 5019 sunt
2676 4969 2891 5032 provecti
2908 5006 2925 5034 ,
2944 4971 3003 5019 ut
3028 4971 3174 5021 etiam
3198 4970 3394 5021 veniant
3410 4969 3711 5021 defensionem

2176 5063 2460 5115 meditantes
2474 5100 2489 5126 ,
2506 5076 2565 5113 ac
2582 5062 2745 5114 dieant
2766 5076 2819 5115 se
2831 5062 2949 5113 nihil
2968 5062 3101 5127 mali,
3121 5063 3241 5114 nihil
3258 5066 3399 5128 turpe
3415 5063 3709 5114 commisisse.

2175 5156 2361 5208 Vellem
2392 5156 2561 5220 utique
2582 5170 2665 5207 eos
2684 5156 2799 5207 'haec
2823 5169 2939 5206 vera
2964 5155 3155 5225 dicere-3
3184 5155 3320 5207 istius
3341 5156 3464 5207 enim
3487 5155 3595 5205 boni
3624 5166 3709 5205 non

2175 5254 2373 5324 minima
2388 5267 2499 5323 pars
2516 5254 2581 5305 ad
2606 5268 2685 5306 me
2704 5254 2963 5335 pertineret
2984 5274 2996 5306 ε
3027 5254 3124 5319 (2³)
3150 5252 3251 5317 iam
3282 5268 3407 5339 vet-o⁸
3423 5230 3561 5317 longe.
3582 5258 3707 5315 aliter
