3825 5842
109 483 290 560 (ιε-ιε)

699 629 1002 688 ΝΟΜΟΣ.

193 745 306 823 Τὰς
339 736 406 809 δὲ
445 737 620 820 δίκας
663 743 768 808 καὶ
795 741 903 820 τὰς
932 737 1172 820 διαίτας
1203 743 1402 836 κυρίας
1441 740 1626 828 εἶναι,

115 853 298 922 ὁπόσαι
337 853 394 916 ἐν
433 841 966 943 δημοκρατουμένῃ
1009 859 1086 943 τῇ
1122 849 1295 916 πόλει
1345 853 1630 943 ἐγένοντο·

63 994 82 1032 5
115 967 220 1037 τοῖς
248 949 312 1023 δὲ
337 956 534 1048 νόμοις
558 955 816 1048 χρῆσθαι
840 951 944 1020 ἀπ’
975 948 1304 1022 Εὐκλείδου
1323 951 1628 1048 ἄρχοντος.

178 1099 238 1140 ss.
263 1076 368 1144 Τὰς
391 1074 484 1154 μὲν
514 1075 686 1153 δίκας,
712 1063 757 1133 ὦ
787 1073 982 1156 ἄνδρες,
1013 1073 1104 1133 καὶ
1119 1073 1212 1142 τὰς
1231 1073 1432 1142 διαίτας
1455 1075 1631 1147 ἐποιή-

115 1191 217 1229 σατε
237 1165 404 1247 κυρίας
430 1153 559 1223 εἶναι
573 1209 590 1238 ,
612 1163 802 1224 ὁπόσαι
822 1165 873 1224 ἐν
900 1163 1366 1244 δημοκρατουμένῃ
1391 1167 1456 1244 τῇ
1483 1164 1632 1223 πόλει

113 1257 334 1334 ἐγένοντο,
367 1251 500 1318 ὅπως
537 1251 674 1329 μήτε
705 1254 875 1332 χρεῶν
905 1249 1169 1311 ἀποκοπαὶ
1209 1241 1309 1310 εἶεν
1339 1249 1475 1330 μήτε
1493 1250 1632 1310 δίκαι

112 1343 310 1403 ἀνάδικοι
329 1339 592 1420 γίγνοιντο,
619 1338 759 1398 ἀλλὰ
779 1341 883 1397 τῶν
903 1337 1044 1397 ἰδίων
1066 1337 1402 1417 συμὸολαίων
1423 1341 1477 1398 αἱ
1497 1339 1630 1418 πρά-

111 1433 192 1500 ξεις
232 1421 337 1490 εἷεν·
371 1433 468 1488 τῶν
500 1425 554 1487 δὲ
597 1426 864 1505 δημοσίων
904 1425 1169 1498 ὁπόσοιςῆ
1207 1427 1404 1508 γραφαί
1443 1429 1571 1486 εἰσιν
1596 1424 1632 1498 ἢ

113 1515 306 1600 φάσειςῆ
322 1515 544 1585 ἐνδείξεις
562 1513 598 1588 ἢ
621 1513 936 1594 ἀπαγωγαί,
955 1513 1150 1573 τούτων
1171 1513 1322 1574 ἕνεκα
1338 1523 1441 1582 τοῖς
1461 1514 1634 1594 νόμοις

113 1605 394 1688 ἐψηφίσασθε
429 1607 662 1684 χρῆσθαι
711 1605 802 1661 ἀπ’
853 1602 1139 1662 Εὐκλείδου
1185 1602 1450 1684 ἄρχοντος.
1541 1603 1631 1686 (aa)

51 1718 90 1758 ιο
111 1695 267 1756 Ὀπότ’
283 1683 364 1752 οὖν
385 1691 549 1761 ἔδοξεν
577 1695 704 1770 ὑμῖν
732 1689 1012 1769 δοκιμάσαι
1043 1689 1138 1770 μὲν
1158 1690 1275 1758 τούς
1301 1691 1518 1770 νόμους,
1541 1693 1634 1753 δο-

111 1781 394 1860 κιμάσαντας
417 1779 470 1838 δὲ
491 1779 797 1861 ἀναγράψαι
815 1824 833 1856 ,
859 1777 1080 1861 ἀγράφῳ
1102 1777 1156 1838 δὲ
1180 1778 1324 1860 νόμῳ
1351 1779 1443 1848 τὰς
1469 1779 1636 1863 ἀρχὰς

112 1870 172 1948 μὴ
198 1872 404 1948 χρῆσθαι
443 1867 576 1945 μηδὲ
605 1867 728 1947 περὶ
751 1865 881 1940 ἑνός,
909 1867 1162 1948 ψήφισμα
1197 1867 1250 1926 δὲ
1283 1868 1417 1946 μήτε
1448 1870 1636 1949 βουλῆς

118 1958 230 2036 μήτε
253 1955 408 2035 δήμου
433 1956 596 2034 νόμου
641 1954 949 2037 κυριώτερον
995 1945 1126 2014 εἶναι
1145 2001 1162 2034 ,
1213 1957 1336 2034 μηδ’
1367 1956 1450 2016 ἐπ’
1488 1956 1635 2039 ἀνδρὶ

117 2047 248 2123 νόμον
271 2044 448 2104 τιθέναι
481 2042 572 2102 ἐὰν
605 2043 682 2122 μὴ
711 2041 799 2103 τὸν
822 2042 974 2102 αὐτὸν
1007 2041 1094 2102 ἐπὶ
1130 2051 1290 2102 πᾶσιν
1313 2043 1598 2116 Ἀθηναίοις
1616 2089 1633 2124 ‚

117 2137 206 2202 τοῖς
241 2132 288 2192 δὲ
310 2131 478 2211 νόμοις
511 2133 624 2199 τοῖς
664 2130 919 2211 κειμένοις
956 2135 1186 2211 χρῆσθαι
1229 2131 1324 2190 ἄπ’
1353 2133 1636 2193 Εὐκλείδου

121 2225 360 2304 ἄρχοντος,
387 2221 626 2281 ἐνταυθοῖ
652 2219 792 2281 ἔστιν
819 2217 850 2279 8
869 2245 922 2280 τι
961 2219 1299 2280 ὑπολείπεται
1335 2223 1370 2294 ἦ
1397 2225 1569 2299 μεῖζον
1599 2221 1635 2295 ἢ

53 2338 92 2377 ιι
115 2311 298 2371 ἔλαττον
319 2313 416 2368 τῶν
451 2308 748 2388 γενομένων
791 2308 1052 2391 πρότερον
1093 2309 1447 2390 ψηφισμάτων
1463 2355 1481 2384 ,
1512 2309 1636 2393 πρὶν

113 2398 362 2471 Εὐκλείδην
387 2397 534 2479 ἄρξαι
547 2441 566 2472 ,
587 2395 733 2465 ὅπως
761 2397 936 2479 κύριον
956 2395 1135 2472 ἔσται,
1163 2399 1260 2457 οὐκ
1279 2387 1426 2476 οἶμαι
1439 2397 1604 2480 ἔγωγε
1618 2445 1634 2475 ,

113 2488 282 2570 ἄνδρες.
359 2488 618 2548 Σκοπεῖτε
640 2483 698 2545 δὲ
724 2485 814 2545 καὶ
837 2484 1001 2548 αὐτοί.

178 2595 236 2634 oo.
273 2573 406 2655 Φέρε
447 2571 510 2646 δὴ
550 2572 761 2652 τοίνυν,
791 2575 838 2632 οἳ
871 2571 1014 2654 ὅρκοι
1039 2573 1160 2650 ὑμῖν
1200 2575 1311 2641 πῶς
1347 2571 1579 2653 ἔχουσιν;
1609 2579 1636 2634 ὃ

46 2681 49 2686 ·
112 2663 190 2740 μὲν
213 2663 362 2731 κοινὸς
381 2666 444 2742 τῇ
463 2661 622 2722 πόλει
645 2661 826 2742 ἁπάσῃ
843 2705 862 2740 ,
879 2659 935 2721 ὃν
950 2662 1266 2741 ὀμωμόκατε
1287 2662 1478 2730 πάντες
1499 2664 1637 2742 μετὰ

109 2751 186 2818 τὰς
207 2749 498 2832 διαλλαγάς,
519 2777 544 2804 α
595 2748 706 2810 Καὶ
735 2753 792 2808 οὐ
836 2750 1216 2827 μνησικακήσω
1259 2753 1362 2811 τῶν
1401 2754 1629 2812 πολιτῶν

111 2841 250 2900 οὐδενὶ
274 2839 403 2910 πλὴν
445 2842 549 2898 τῶν
579 2837 860 2918 τριάκοντα
891 2839 1108 2898 καὶτῶν
1137 2838 1318 2899 ἕνδεκα
1366 2839 1490 2912 [καὶ
1532 2843 1635 2901 τῶν

111 2927 214 2988 δέκα
230 2929 270 3008 ]·
290 2925 400 2988 οὐδὲ
421 2925 624 2987 τούτων
646 2925 698 2995 ὃς
717 2925 780 2986 ἂν
799 2925 949 3006 ἐθέλῃ
971 2925 1183 2995 εὐθύνας
1209 2926 1402 2986 διδόναι
1429 2931 1521 3001 τῆς
1541 2931 1631 3011 ἄρ·

111 3021 192 3096 χῆς
217 3007 276 3088 ἧς
311 3007 477 3096 ἧρξεν.
517 3043 542 3069 α
585 3013 766 3078 Ὅπου
799 3014 968 3074 τοίνυν
1008 3017 1181 3084 αὐτοῖς
1219 3015 1326 3085 τοῖς
1357 3016 1636 3098 τριάκοντα

55 3105 282 3182 „dmm
308 3103 378 3182 μὴ
411 3103 861 3182 μνησικακήσειν,
897 3111 1004 3171 τοῖς
1047 3103 1304 3183 μεγίστων
1341 3108 1519 3165 κακῶν
1547 3108 1635 3165 αἶ-

109 3193 240 3272 τίοις,
279 3195 322 3252 εί
346 3195 530 3253 διδοῖεν
567 3192 809 3266 εὐθύνας,
840 3183 875 3265 ἦ
901 3215 1004 3252 που
1036 3194 1203 3274 σχολῇ
1243 3196 1344 3252 τῶν
1371 3217 1432 3274 γε
1465 3193 1636 3254 ἄλλων

109 3284 302 3342 πολιτῶν
327 3305 424 3342 τινι
448 3281 664 3354 ἠξιοῦτε
703 3289 1067 3356 μνησικακεῖν.
1103 3308 1108 3316 ’
1155 3279 1243 3360 (οι)
1277 3280 1348 3342 Ἥ
1386 3280 1439 3340 δὲ
1473 3282 1634 3363 βουλὴ

111 3364 166 3429 αὖ
189 3376 220 3442 ἡ
245 3371 320 3429 ἀεὶ
349 3369 678 3450 βουλεύουσα
699 3370 753 3428 τί
775 3369 964 3448 ὄμνυσι
979 3395 996 3444 ;
1027 3397 1050 3423 ι
1077 3369 1188 3432 Καὶ
1215 3372 1276 3429 οὐ
1303 3368 1518 3449 δέξομαι
1547 3372 1637 3430 ἔν-

113 3457 238 3527 δειξιν
261 3459 372 3518 οὐδὲ
412 3458 714 3539 ἀπαγωγὴν
747 3458 899 3517 ἕνεκα
939 3461 1043 3516 τῶν
1069 3456 1318 3538 πρότερον
1349 3458 1636 3537 γεγενημέ-

109 3569 217 3626 νων,
243 3547 372 3618 πλὴν
397 3552 502 3607 τῶν
521 3546 816 3628 φυγόντων.
843 3573 868 3600 n
891 3546 1076 3624 Ὑμεῖς
1093 3545 1137 3604 δ’
1161 3535 1228 3604 αὗ
1241 3591 1257 3618 ,
1281 3534 1325 3604 ὦ
1345 3543 1600 3618 Ἀθηναῖοι
1615 3594 1633 3626 ,

108 3634 152 3693 τί
171 3633 428 3713 ὀμόσαντες
463 3635 745 3714 δικάζετες
787 3661 812 3688 ι
837 3634 947 3696 Καὶ
983 3635 1041 3693 οὐ
1085 3631 1496 3711 μνησικακήσω,
1521 3633 1638 3693 οὐδὲ

111 3723 232 3804 ἄλλῳ
271 3723 518 3801 πείσομαι
543 3769 563 3801 ,
610 3726 906 3804 ψηφιοῦμαι
945 3720 1000 3780 δὲ
1038 3719 1176 3780 κατὰ
1217 3718 1334 3787 τούς
1371 3719 1637 3798 κειμένους

57 3809 282 3886 πνόμους.
331 3839 355 3863 1·
393 3809 458 3872 'A
485 3809 600 3891 χρὴ
629 3818 843 3870 σκοπεῖν
860 3855 878 3885 ,
905 3811 956 3871 εἰ
979 3811 1114 3870 δοκῶ
1139 3810 1302 3890 ὀρθῶς
1321 3810 1446 3887 ὑμῖν
1468 3807 1636 3889 λέγειν

109 3901 165 3964 ὣς
186 3899 302 3978 ὑπὲρ
327 3902 470 3977 ὑμῶν
487 3898 636 3979 λέγω
662 3899 752 3959 καὶ
771 3903 876 3959 τῶν
893 3897 1084 3978 νόμων.

173 4005 235 4047 σε.
258 3987 533 4066 Σκέψασθε
551 3987 742 4062 τοίνυν,
769 3977 815 4046 ὦ
843 3985 1040 4067 ἄνδρες,
1065 3985 1154 4046 καὶ
1181 3982 1300 4052 τοὺς
1325 3983 1511 4062 νόμους
1547 3984 1637 4044 καὶ

109 4075 205 4144 τούς
229 4077 548 4160 κατηγόρους
567 4123 585 4156 ,
613 4077 666 4136 τί
703 4078 878 4144 αὐτοῖς
907 4075 1144 4157 ὑπάρχον
1179 4073 1365 4154 ίτέρων
1401 4097 1636 4153 κατηγο-

111 4169 246 4246 ροῦσι.
324 4166 586 4248 Κηφίσιος
623 4164 720 4244 μὲν
756 4163 930 4225 οὑτοσὶ
966 4164 1252 4244 πριάμενος
1278 4160 1417 4234 ὠνὴν
1451 4165 1511 4223 ἐκ
1545 4169 1636 4224 τοῦ

109 4253 328 4328 δημοσίω
343 4253 468 4328 ,τὰς
487 4256 556 4313 ἐκ
565 4251 758 4325 ταύτης
775 4250 1087 4332 ἐπικαρπίας
1107 4252 1212 4309 τῶν
1235 4252 1288 4310 ἐν
1305 4254 1371 4331 τῇ
1389 4254 1458 4331 γῇ
1480 4273 1638 4331 γεωρ·

109 4340 302 4418 γαόντων
317 4341 630 4414 ἐνενήκοντα
653 4347 786 4418 μνᾶς
803 4338 1037 4414 ἐκλέξας,
1051 4339 1110 4398 οὗ
1125 4337 1385 4398 κατέὸαλε
1404 4341 1470 4419 τῇ
1487 4337 1638 4397 πόλει

109 4429 184 4487 καὶ
203 4430 389 4512 ἔφυγεν·
417 4433 466 4489 εἰ
489 4429 594 4511 γὰρ
611 4421 768 4503 ἦλθεν
787 4473 803 4503 ,
831 4427 1023 4488 ἐδέδετ’
1045 4426 1109 4486 ἂν
1131 4429 1184 4486 ἐν
1207 4429 1283 4508 τῷ
1307 4426 1460 4508 ξύλῳ.
1547 4425 1636 4508 (⁹8)

59 4514 168 4584 ³⁰‘0
185 4517 275 4600 γὰρ
295 4517 444 4597 νόμος
473 4517 641 4585 οὕτως
667 4506 809 4597 εἶχε,
833 4515 1015 4598 κυρίαν
1043 4506 1178 4578 εἶναι
1209 4515 1307 4589 τὴν
1342 4513 1558 4597 βουλήν,
1585 4513 1638 4583 ὃς

111 4602 163 4662 ἂν
193 4605 468 4687 πριάμενος
503 4605 654 4673 τέλος
687 4604 762 4682 μὴ
789 4603 1068 4685 καταὸάλῃ
1080 4648 1096 4678 ,
1125 4605 1230 4663 δεῖν
1273 4605 1344 4671 εἰς
1376 4602 1438 4663 τὸ
1467 4601 1635 4673 ξύλον.

111 4681 252 4762 Οὗτος
263 4695 460 4769 τοίνυν,
483 4693 564 4754 ὅτι
586 4702 693 4761 τοῖς
713 4694 890 4772 νόμοις
905 4693 1218 4776 ἐψηφίσασθ’
1235 4692 1329 4752 ἀπ’
1351 4693 1637 4757 Εὐκλείδου

113 4779 328 4860 ἄρχοντος
351 4787 614 4864 χρῆσθαι,
642 4779 777 4851 ἀξιοῖ
798 4779 832 4840 ἃ
857 4781 968 4862 ἔχει
985 4784 1134 4860 ὑμῶν
1169 4778 1378 4850 ἐκλέξας
1401 4778 1475 4859 μὴ
1505 4785 1636 4840 ἀπο·

113 4867 264 4929 δοῦναι
279 4918 295 4941 ,
323 4873 416 4931 καὶ
441 4875 534 4930 νῦν
561 4869 834 4951 γεγένηται
863 4869 978 4930 ἀντὶ
1003 4867 1097 4942 μὲν
1135 4868 1360 4951 φυγάδος
1393 4868 1637 4943 πολίτης,

113 4957 208 5016 ἀντὶ
241 4957 292 5018 δὲ
317 4959 510 5039 ἀτίμου
551 4959 874 5042 συκοφάντης
887 5003 906 5036 ,
946 4957 1026 5018 ὅτι
1067 4966 1174 5026 τοῖς
1201 4956 1374 5036 νόμοις
1409 4965 1516 5025 τοῖς
1551 4963 1638 5017 νῦν

115 5045 334 5123 κειμένοις
353 5053 570 5130 χρῆσθε.
656 5049 742 5126 (νε)
765 5048 1002 5119 Μίλητος
1023 5044 1068 5106 δ’
1092 5035 1160 5105 αὐ
1173 5044 1344 5106 οὑτοσὶ
1366 5045 1638 5125 ἀπήγαγεν

57 5157 94 5196 3³
115 5132 186 5190 ἐπὶ
205 5137 300 5194 τῶν
321 5135 598 5218 τριάκοντα
623 5134 854 5210 Λέοντα,
871 5139 940 5203 ὣς
965 5135 1112 5214 ὑμεῖς
1135 5132 1360 5204 ἅπαντες
1382 5133 1524 5210 ἴστε,
1549 5133 1638 5194 καὶ

119 5221 341 5284 &edeam
363 5227 554 5293 ἐκὲῖνος
579 5223 803 5304 ἄκριτος·
829 5224 920 5284 καὶ
939 5215 1085 5293 οὗτος
1113 5229 1142 5284 ὁ
1163 5226 1316 5306 νόμος
1337 5223 1427 5286 καὶ
1449 5221 1636 5307 πρότε·

121 5330 192 5390 ρον
218 5302 274 5384 ἦν
297 5313 388 5372 καὶ
419 5317 490 5382 ὡς
517 5313 690 5380 καλῶς
729 5311 867 5395 ἔχων
896 5311 988 5372 καὶ
1019 5317 1110 5371 ν’ῠν
1137 5311 1248 5372 ἔστι
1265 5359 1286 5392 ,
1326 5313 1416 5374 καὶ
1442 5316 1639 5396 χρῆσθε

1061 481 1474 546 ANDoclnls
1517 481 1644 544 OB.
1687 481 1788 544 DE
1827 482 2260 548 MYSTERIIS.
3194 500 3268 553 63

2433 619 2577 679 Lsx.

1722 745 1959 807 Judicia
2004 763 2062 808 et
2106 749 2355 808 arbitria
2400 764 2526 809 rata
2567 763 2769 824 sunto,
2813 771 3172 832 quaecunque
3214 756 3275 816 in

1729 845 1873 904 urbe
1916 846 2105 906 libera
2148 847 2294 905 fiunt
2322 866 2357 904 a
2394 847 2621 924 legibus
2645 851 2957 924 gubernata
2990 871 3003 909 ι
3047 849 3277 927 legibus

1723 954 1963 1001 utuntor
1990 941 2065 1000 ab
2091 944 2335 1001 Euclide
2370 943 2644 1002 archonte
2674 944 2830 1004 inde.

1785 1092 1861 1138 88.
1892 1091 1920 1138 J
1926 1088 2081 1138 udicia
2096 1090 2147 1139 et
2163 1088 2363 1140 arbitria
2378 1091 2483 1140 rata
2496 1092 2545 1140 et
2564 1091 2719 1141 valida
2740 1092 2963 1143 sanxistis
2979 1107 3080 1144 erse
3090 1131 3107 1157 ,
3120 1107 3153 1144 o
3168 1095 3277 1158 viri,

1721 1182 2029 1234 quascunque
2059 1171 2109 1220 in
2141 1173 2337 1224 civitate
2363 1172 2515 1223 libera
2545 1175 2671 1224 sacta
2694 1175 2817 1238 sint,
2840 1189 2939 1238 quo
2958 1189 3117 1240 neque
3137 1191 3277 1230 nova·

1726 1253 1908 1310 tabulae
1938 1254 2109 1306 tierent
2126 1268 2285 1319 neque
2298 1255 2481 1318 iudicia
2494 1256 2596 1319 jam
2616 1259 2857 1308 transacta
2879 1239 3277 1326 rescinderentur,

1721 1335 1804 1384 sed
1829 1337 1936 1386 rata
1957 1339 2113 1387 essent
2134 1339 2275 1400 pacta
2293 1338 2480 1400 privata
2502 1353 2514 1387 ι
2544 1353 2654 1402 quae
2672 1341 2836 1394 autem
2858 1342 3059 1394 crimina
3082 1345 3279 1412 publica
3344 1357 3362 1374 ·

1723 1419 1837 1468 sunt
1866 1419 2132 1483 ejusmodi,
2162 1422 2218 1469 ut
2246 1433 2389 1484 super
2412 1421 2470 1470 iis
2492 1421 2636 1470 liceat
2663 1422 2713 1470 in
2746 1436 2852 1473 reos
2877 1437 3017 1487 agere
3045 1438 3107 1476 ex
3138 1427 3279 1479 titulo

1722 1507 1896 1564 γραφῆς
1928 1501 2031 1552 sive
2053 1500 2236 1564 φάσεως
2270 1502 2371 1552 sive
2400 1503 2627 1559 ἐνδείξεως
2652 1504 2753 1554 sive
2774 1505 3057 1570 ἀπαγωγῆς,
3086 1509 3279 1562 illorum

1723 1598 1868 1636 causa
1888 1585 2085 1636 decreto
2111 1586 2363 1649 sanxistis,
2398 1587 2631 1638 utendum
2658 1588 2841 1652 legibus
2869 1603 2972 1641 esse
2998 1591 3059 1641 ab
3082 1594 3281 1644 Euclide

1723 1669 1955 1719 archonte
1979 1669 2107 1720 inde.
2173 1668 2273 1732 (89)
2314 1669 2716 1734 Quandoquidem
2748 1672 2893 1734 igitur
2920 1674 3062 1725 vobis
3098 1677 3281 1740 placuit

1723 1753 1850 1816 leges
1878 1754 2089 1804 examini
2110 1753 2328 1804 submitti
2340 1791 2355 1817 ,
2373 1753 2425 1804 et
2446 1754 2669 1818 probatas
2684 1755 2836 1807 literis
2852 1758 3156 1824 consignare,
3180 1775 3279 1812 ma·

1723 1836 2001 1900 gistratibus
2012 1837 2175 1888 autem
2196 1837 2416 1887 interdici
2433 1849 2497 1887 ne
2513 1851 2611 1900 qua
2628 1839 2733 1903 lege
2757 1853 2855 1892 non
2882 1843 3063 1908 scripta
3079 1847 3282 1897 utantur

1725 1935 2018 1985 quacunque
2042 1922 2237 1973 tandem
2253 1921 2303 1970 in
2326 1934 2381 1971 re
2395 1959 2410 1985 ,
2430 1922 2577 1984 item,
2600 1921 2851 1976 decretum
2868 1927 3059 1978 nullum
3088 1929 3191 1980 sive
3210 1943 3279 1982 se·

1724 2008 1866 2058 natus
1881 2007 1945 2057 sit
1968 2007 2070 2058 sive
2095 2007 2248 2070 plebis
2272 2008 2375 2070 lege
2396 2006 2603 2058 validius
2618 2021 2748 2072 esse,
2770 2023 2929 2074 neque
2954 2014 3005 2062 in
3030 2015 3173 2064 unius
3190 2015 3281 2066 ho-

1725 2090 1870 2141 minis
1891 2091 2094 2154 gratiam
2124 2093 2239 2144 ferri
2264 2093 2417 2157 legem
2444 2104 2554 2153 quae
2585 2107 2685 2144 non
2710 2091 2825 2146 itein
2857 2096 2919 2148 de
2960 2101 3189 2152 omnihus
3220 2103 3285 2156 sit

1725 2175 2092 2227 Atheniensibus
2116 2176 2352 2241 valitura,
2384 2179 2579 2230 tandem
2616 2179 2799 2242 legibus
2828 2182 2901 2230 uti
2930 2183 3046 2235 ratis
3088 2185 3200 2238 inde
3218 2188 3279 2238 ab

1725 2261 1959 2313 archonte
1998 2262 2198 2314 Euclide
2250 2283 2263 2314 ι
2300 2263 2521 2315 ullumne
2558 2265 2797 2330 reliquum
2832 2281 2937 2319 esse
2974 2271 3131 2332 potest
3178 2285 3285 2336 pse·

1725 2343 1914 2408 phisma
1956 2345 2188 2396 archonte
2222 2345 2420 2397 Euclide
2448 2347 2685 2398 vetustius
2712 2348 2813 2400 sive
2835 2350 3029 2414 unior-is
3052 2357 3285 2407 momenti

1727 2440 1828 2477 rem
1847 2426 1949 2478 sive
1971 2427 2170 2480 minoris
2184 2429 2385 2492 spectet,
2403 2428 2533 2492 quod
2554 2429 2713 2481 adhuc
2744 2433 2905 2482 ratum
2936 2435 2997 2485 sit
3015 2437 3037 2484 P
3057 2440 3155 2500 Ego
3186 2453 3285 2490 non

1727 2506 1953 2558 arbitror.
2016 2507 2112 2558 Sed
2126 2507 2215 2571 ipsi
2236 2521 2323 2557 vos
2341 2521 2534 2571 quoque
2553 2509 2801 2562 vobiscum
2824 2512 2966 2563 velim
2984 2515 3280 2570 existimetis.

1785 2590 1866 2638 90.
1896 2589 2079 2637 verum
2100 2587 2353 2637 videamus
2372 2600 2505 2637 nunc
2522 2589 2766 2652 quomodo
2788 2591 3105 2655 jurajuranda
3125 2601 3285 2650 vestra

1726 2657 1953 2708 habeant.
1988 2657 2113 2709 illud
2140 2657 2337 2722 quidem
2366 2659 2605 2710 universae
2642 2661 2828 2712 civitati
2854 2677 3113 2718 commune
3150 2671 3281 2733 quod

1726 2742 1895 2781 omnes
1911 2728 2160 2791 iuravistis
2181 2731 2289 2792 post
2305 2730 2743 2782 reconciliationem
2764 2734 2833 2784 sic
2854 2735 3001 2788 hahet
3021 2757 3034 2788 ι
3058 2742 3285 2806 lajaria-

1725 2811 1847 2851 mm
1877 2803 2075 2851 nmini
2115 2813 2202 2851 eno
2240 2813 2453 2864 memor,
2492 2806 2855 2869 proeterquam
2900 2811 3251 2873 trtyintaviris
3268 2850 3283 2876 ,

1725 2869 2192 2935 undectmvirtstet
2211 2870 2582 2938 decemviri-31.-
2600 2877 2652 2924 et
2682 2887 2747 2926 ne
2778 2875 2963 2930 horum
2984 2883 3197 2946 quidem
3221 2889 3285 2938 iis

1726 2945 1818 3006 qai
1849 2943 2079 2992 rationes
2108 2945 2365 3004 vestorum
2404 2948 2815 3007 maai-stratuum
2845 2951 3063 3004 reddere
3099 2957 3279 3009 velint.

1725 3020 2001 3084 vosigitur,
2018 3017 2103 3082 qui
2117 3017 2313 3080 iurastis
2332 3021 2519 3084 inipsis
2536 3022 2656 3072 adeo
2686 3024 3023 3094 trigintaviris,
3042 3035 3125 3098 qui
3156 3039 3286 3088 mala

1725 3100 1862 3151 vobis
1887 3099 2111 3150 crearunt
2140 3097 2463 3162 atrocissima,
2482 3113 2581 3150 non
2598 3114 2701 3152 esse
2722 3117 2959 3158 metueres
2978 3115 3285 3175 acceptarum

1727 3179 2011 3242 iniuriarum
2024 3213 2041 3240 ,
2068 3176 2107 3228 si
2134 3187 2297 3226 rerum
2318 3177 2561 3240 gestarum
2598 3180 2834 3232 rationem
2869 3185 3099 3253 reddant3
3130 3194 3287 3244 multo

1727 3256 1879 3320 magis
1909 3255 1973 3307 de
1993 3256 2088 3308 alio
2112 3254 2337 3320 quopiam
2364 3255 2543 3306 civium
2556 3255 2895 3320 jusjurandum
2922 3265 3119 3319 valebit.
3184 3271 3285 3336 (οι)

1727 3335 1931 3385 Senatus
1946 3346 2113 3385 rursus
2134 3335 2215 3386 hic
2238 3334 2376 3386 statis
2390 3333 2579 3385 vicibus
2602 3349 2756 3399 remp.
2780 3351 2965 3403 regens,
2993 3343 3109 3405 quid
3134 3346 3175 3397 is
3204 3349 3287 3410 ju-

1721 3411 1837 3460 rat?
1881 3411 2061 3473 Neque
2110 3410 2425 3472 admittam,
2474 3409 2571 3474 ait,
2622 3413 2875 3464 actionem
2934 3415 3163 3479 ἐνδείξεως
3207 3427 3289 3476 vet

1727 3483 1984 3548 ἀπαγωγῆς
2046 3485 2110 3536 de
2181 3486 2401 3538 antehac
2440 3485 2633 3548 sactis,
2695 3492 3055 3556 praeterquam
3105 3510 3195 3548 con
3204 3503 3287 3552 tra

1727 3560 1923 3610 oxintes.
2022 3563 2123 3612 Vos
2174 3561 2412 3626 denique,
2454 3563 2791 3630 Athenienses,
2840 3581 2939 3630 quo
2977 3572 3289 3636 jureiurando

1726 3635 1910 3686 astricti
1923 3635 2180 3699 iudicatis?
2193 3641 2305 3690 Non
2322 3639 2553 3690 ulciscar
2578 3641 2809 3704 injurias
2836 3637 3000 3708 neque
3016 3651 3111 3700 am
3134 3652 3209 3702 ad
3230 3653 3291 3704 id

1726 3711 1963 3763 hortanti
1984 3711 2366 3776 obtemperabo,
2390 3713 2485 3764 sed
2507 3716 2791 3768 secandam
2820 3724 2971 3772 ratas
3006 3725 3138 3787 leues
3167 3739 3288 3776 sen-

1732 3787 1946 3836 tentiam
1981 3785 2168 3837 dicam.
2234 3790 2355 3844 Quoe
2386 3801 2541 3852 quum
2570 3795 2648 3840 alo
2668 3804 2699 3840 a
2725 3806 2805 3843 me
2833 3807 2922 3856 pro
2950 3797 3086 3848 vohis
3119 3800 3170 3849 et
3200 3813 3288 3863 pro

1725 3853 1909 3942 legibus
1944 3857 2117 3906 vestris
2159 3855 2393 3920 disputari
2408 3892 2425 3920 ,
2456 3857 2597 3910 decet
2622 3874 2712 3912 vos
2744 3863 2965 3917 arbitrari
3010 3881 3128 3919 num
3158 3871 3289 3920 recte

1725 3944 1870 3982 aiam.

1791 4011 1853 4056 92
1866 4045 1878 4058 .
1904 4009 2013 4058 Jam
2035 4006 2351 4071 considerate,
2371 4006 2463 4058 viri
2477 4047 2493 4070 ,
2515 4009 2643 4072 leges
2668 4025 2861 4076 quoque
2882 4015 2933 4065 et
2954 4020 3258 4072 accusatores
3271 4058 3286 4084 ,

1726 4089 1892 4152 quales
1903 4088 1992 4152 ipsi
2011 4101 2161 4152 quum
2183 4088 2308 4152 sint,
2332 4088 2451 4140 allos
2463 4095 2701 4141 accusent.
2737 4094 2986 4156 Cephisius
3004 4096 3099 4162 hic,
3132 4101 3286 4150 vecti-

1723 4172 1831 4236 gale
1851 4172 2015 4236 aliquo
2036 4173 2099 4223 ab
2114 4173 2285 4224 oerario
2298 4173 2549 4238 redempto
2561 4211 2577 4237 ‚
2596 4187 2749 4238 quum
2762 4179 3023 4241 nonaginta
3045 4181 3287 4236 minarum

1725 4256 2129 4306 contributionem
2156 4269 2187 4306 a
2213 4255 2397 4306 colonis
2422 4269 2591 4319 agrum
2626 4259 2963 4310 exercentibus
2992 4263 3285 4330 collegisset,

1727 4336 2001 4388 mercedem
2028 4337 2147 4400 reip.
2168 4338 2363 4400 pactam
2390 4350 2489 4387 non
2513 4337 2771 4402 dependit,
2788 4339 2993 4405 ideoque
3030 4344 3139 4408 luga
3166 4349 3287 4398 salu.

1725 4421 1827 4471 tem
1844 4421 2067 4484 quaesivit
2086 4439 2099 4472 ι
2114 4433 2229 4470 nam
2239 4421 2278 4472 si
2288 4421 2393 4470 tum
2406 4420 2621 4483 redisset,
2642 4420 2782 4472 datus
2792 4423 2959 4487 utique
2981 4425 3030 4475 in
3044 4438 3285 4482 carcerem

1723 4505 1777 4554 et
1795 4505 1934 4568 cippo
1950 4503 2173 4567 alligatus
2194 4503 2377 4554 ruisset.
2444 4503 2543 4567 (93)
2564 4504 2644 4554 Sic
2660 4505 2788 4554 enim
2806 4503 2951 4558 edicit
2968 4507 3067 4572 lex,
3080 4512 3137 4561 ut
3152 4525 3287 4564 sena·

1725 4587 1798 4638 tui
1820 4588 2193 4661 quingentorum
2227 4587 2445 4638 virorum
2474 4587 2645 4651 liceat,
2680 4589 2959 4654 quicunque
2990 4595 3234 4658 vectigalis
3255 4612 3286 4649 a

1725 4684 1778 4723 ae
1801 4669 2035 4734 redempti
2058 4669 2329 4722 mercedem
2350 4669 2483 4721 haud
2504 4670 2813 4738 dependerit,
2838 4686 2951 4724 eum
2972 4674 3036 4726 ad
3060 4679 3284 4730 unacum

1725 4753 1936 4818 alligare.
1999 4755 2108 4804 Jam
2134 4765 2251 4804 vero
2284 4765 2437 4816 quum
2461 4752 2769 4807 decreveritis
2800 4756 2857 4806 iis
2887 4758 3075 4809 tantum
3098 4759 3286 4824 legibus

1725 4836 1826 4900 uti,
1857 4849 1969 4899 quoe
2000 4835 2113 4887 inde
2144 4835 2208 4885 ab
2228 4833 2429 4886 Euclide
2463 4835 2695 4887 archonte
2720 4837 2935 4901 probatae
2970 4841 3092 4904 sint,
3114 4843 3287 4906 cephi-

1725 4917 1827 4970 sius
1845 4931 2044 4981 oequum
2060 4919 2251 4981 censet,
2270 4918 2352 4980 ut,
2371 4930 2493 4981 quas
2508 4917 2714 4968 extorsit
2726 4919 2972 4982 pecunias,
2986 4920 3125 4971 vobis
3154 4919 3284 4970 haud

1728 4997 1913 5062 reddat,
1926 5001 1975 5049 et
1992 5012 2080 5063 pro
2093 4999 2237 5050 exule
2249 4998 2386 5063 civis,
2396 5013 2484 5062 pro
2496 4998 2743 5050 deminuto
2762 5001 2929 5064 capitis
2939 4999 3285 5064 quadruplatur

1729 5079 1883 5130 factus
1899 5080 1989 5130 est.
2056 5079 2155 5142 (94)
2175 5078 2252 5130 Ad
2265 5077 2495 5130 Meletum
2519 5082 2707 5130 transeo
2724 5117 2739 5142 ,
2754 5079 2839 5144 qui
2860 5079 2951 5130 sub
2965 5078 3154 5140 triginta
3171 5078 3285 5128 viris

1727 5160 1956 5210 Leontem
1968 5196 1985 5223 ,
1995 5172 2141 5222 quem
2154 5171 2243 5209 vos
2254 5171 2423 5210 omnes
2434 5159 2603 5222 nostis,
2619 5157 2683 5208 ad
2693 5157 3047 5209 undecimviros
3064 5155 3284 5207 abduxit.

1729 5237 1879 5301 Atqui
1894 5238 1974 5288 lex
1996 5237 2101 5287 haec
2118 5239 2169 5288 et
2184 5237 2301 5287 olim
2326 5237 2418 5288 luit
2434 5237 2487 5287 in
2502 5250 2611 5303 usu,
2630 5239 2680 5287 et
2695 5249 2823 5286 nunc
2843 5238 2898 5286 ut
2916 5233 3106 5297 sapiens
3126 5233 3287 5286 adhuc

1729 5318 1885 5383 viget,
1909 5319 1994 5382 ut,
2014 5317 2097 5382 qui
2116 5317 2371 5369 consilium
2392 5318 2558 5370 sceleri
2575 5315 2877 5380 exsequendo
2894 5312 3106 5379 dederit,
3131 5315 3288 5381 ponis
