3825 5842
1130 391 1528 455 lsocnffls
1572 372 1857 453 onmo
1898 389 1999 450 110
2041 387 2256 454 Pacu.

142 545 239 604 ταῖς
262 531 553 615 ἀγνοούσαις
578 529 667 592 καὶ
694 527 979 612 γεμούσαις
1002 529 1243 610 πονηρῶν
1275 525 1559 605 ἐπιθυμιῶν
1588 525 1671 582 οὗ·

139 625 208 684 δέν
248 627 377 685 ἐστιν
414 623 541 684 ἄλλο
580 621 859 705 φάρμακον
898 617 1039 693 πλὴν
1066 617 1219 698 λόγος
1258 621 1289 678 ὁ
1321 619 1533 696 τολμῶν
1563 615 1673 682 τοῖς

134 711 545 792 ἁμαρτανομένοις
566 709 925 784 ἐπιπλήττειν,
1010 710 1105 790 (ευ)
1136 709 1299 770 ἔπειθ’
1329 706 1409 768 ὅτι
1436 703 1666 785 καταγέ-

132 801 296 862 λαστόν
318 803 423 862 ἐστι
441 799 533 868 τὰς
556 799 651 878 μὲν
679 796 892 868 καύσεις
913 799 1005 860 καὶ
1030 798 1125 867 τὰς
1150 795 1317 878 τομὰς
1343 800 1447 856 τῶν
1472 798 1667 878 ἰατρῶν

86 919 105 956 5
132 889 393 968 ὑπομένειν,
453 887 537 949 ἵνα
588 888 842 950 πλειόνων
890 887 1190 970 ἀλγηδόνων
1250 888 1665 965 ἀπαλλαγῶμεν,

134 979 231 1046 τοὺς
269 978 317 1038 δὲ
340 977 519 1058 λόγους
562 979 965 1056 ἀποδοκιμάζειν
1010 977 1135 1060 πρὶν
1169 975 1359 1038 εἰδέναι
1398 979 1577 1058 σαφῶς
1623 975 1668 1033 εἰ

133 1069 347 1144 τοιαύτην
374 1067 551 1152 ἔχουσι
566 1067 662 1144 τὴν
682 1068 902 1148 δύναμιν
924 1067 1050 1130 ὥστ’
1074 1071 1347 1152 ὠφελῆσαι
1366 1064 1484 1135 τοὺς
1510 1063 1663 1125 ἀκού·

138 1183 276 1228 οντας.

3217 408 3325 460 107

1758 538 1952 592 11010000
1970 529 2256 593 remedium,
2277 529 2544 584 orationem
2559 567 2576 592 ,
2593 543 2708 596 (11110
2719 530 2870 584 libera
2881 529 3058 584 delicta
3075 532 3329 599 1011101100·

1758 672 1843 722 (101
1850 688 1865 733 ;
1888 670 1988 736 (4ο)
2014 670 2186 723 deinde
2199 670 2466 722 absurdum
2483 675 2533 723 et
2551 671 2806 726 ridiculum
2826 686 2932 725 esse
2947 674 3165 726 ustiones
3187 676 3236 724 et
3257 686 3332 725 se-

1758 815 1942 866 ctiones
1963 815 2260 868 medicorum
2277 815 2484 866 tolerare
2496 852 2511 878 ,
2535 817 2593 869 ut
2610 817 2832 881 pluribus
2850 817 3143 869 cruciatibus
3166 818 3336 870 libere·

1758 972 1893 1023 mur-3
1921 959 2160 1010 orationes
2195 959 2383 1022 autem,
2413 959 2672 1024 antequam
2702 959 2844 1025 plane
2876 959 3124 1024 cognitum
3163 962 3226 1014 sit
3271 976 3333 1013 an

1761 1110 1867 1152 eam
1891 1100 1993 1152 vim
2010 1100 2218 1152 habeant
2233 1137 2250 1164 ‚
2274 1101 2328 1151 ut
2352 1099 2658 1152 audientibus
2679 1099 2886 1164 prosint,
2911 1100 3200 1164 improbare.

199 1269 259 1308 11.
296 1246 489 1310 Τούτου
533 1251 581 1308 δ’
610 1246 760 1309 ἕνεκα
806 1253 975 1308 ταῦτα
1001 1252 1271 1329 προεῖπον,
1299 1245 1379 1307 ὅτι
1412 1245 1533 1328 περὶ
1560 1248 1663 1305 τῶν
1694 1235 1736 1301 d
1825 1241 1905 1289 4¹·
1941 1241 2056 1288 Haess
2090 1251 2150 1290 00
2174 1237 2406 1303 Pfflfflflss
2445 1251 2586 1299 ΜΦ.
2623 1237 2756 1301 (111οᾱ
2779 1236 2840 1288 de
2867 1237 3040 1290 00101'18
3077 1238 3179 1289 ⁸5⁰0
3211 1241 3343 1290 ⁰1¹¹!ss

76 1361 113 1401 1⁰
134 1339 302 1397 λοιπῶν
339 1337 477 1398 οὐδὲν
506 1339 946 1416 ὑποστειλάμενος
984 1336 1122 1399 ἀλλὰ
1156 1335 1494 1397 παντάπασιν
1524 1337 1667 1395 ἀνει-

137 1428 277 1506 μένως
299 1426 469 1506 μέλλω
490 1427 610 1496 τοὺς
628 1428 815 1509 λόγους
832 1429 1095 1487 ποιεῖσθαι
1120 1426 1247 1509 πρὸς
1268 1429 1421 1505 ὑμᾶς.
1444 1423 1541 1494 Τίς
1566 1423 1669 1506 γὰρ

136 1517 321 1577 ἄλλοθεν
342 1516 569 1580 ἐπελθὼν
592 1518 685 1578 καὶ
708 1517 873 1597 μήπω
894 1516 1361 1602 συνδιεφθαρμένος
1379 1521 1527 1595 ἡμῖν,
1553 1514 1670 1576 ἀλλ’

136 1605 345 1686 ἐξαίφνης
386 1605 604 1674 ἐπιστὰς
628 1607 735 1675 τοῖς
765 1604 1115 1686 γιγνομένοις,
1142 1607 1239 1667 οὐκ
1284 1604 1346 1667 διν
1390 1603 1669 1683 μαίνεσθαι

136 1695 209 1754 καὶ
228 1705 561 1780 παραφρονεῖν
586 1702 731 1776 ἡμᾶς
759 1696 1040 1776 νομίσειεν,
1067 1695 1119 1757 οῖ
1138 1694 1549 1780 φιλοτιμούμεθα
1570 1693 1667 1775 μὲν

83 1806 115 1844 15
137 1783 205 1843 ἐπὶ
226 1794 322 1854 τοῖς
341 1790 441 1846 τῶν
462 1786 727 1871 προγόνων
746 1786 914 1869 ἔργοις
929 1787 1021 1848 καὶ
1041 1785 1138 1860 τὴν
1163 1785 1316 1846 πόλιν
1337 1788 1395 1846 ἐκ
1418 1789 1521 1844 τῶν
1548 1783 1669 1844 τότε

1758 1343 2140 1395 dissimulatione
2171 1346 2222 1394 et
2257 1355 2458 1406 prorsus
2479 1345 2644 1407 aperte
2674 1341 2804 1406 apud
2838 1355 2923 1394 vos
2950 1342 3108 1396 dicere
3132 1343 3341 1396 decrevi.

1760 1450 1882 1510 Quis
1904 1449 2053 1513 enim,
2080 1449 2300 1513 obsecro,
2327 1455 2402 1502 est
2420 1449 2506 1513 qui
2528 1462 2722 1514 peregre
2745 1449 3006 1501 adveniens
3027 1456 3076 1501 et
3097 1450 3248 1502 nostri
3271 1464 3343 1501 er·

1761 1558 1885 1608 roris
1903 1570 2077 1623 expers
2097 1557 2284 1622 adhuc,
2313 1558 2356 1610 si
2379 1557 2456 1608 bis
2479 1556 2622 1608 rebus
2643 1557 2705 1608 de
2735 1558 2996 1623 improviso
3027 1557 3342 1620 interveniat,

1756 1678 1855 1716 non
1876 1663 2080 1715 delirare
2101 1677 2190 1714 nos
2213 1668 2263 1715 et
2283 1663 2496 1716 insanire
2519 1662 2809 1715 arbitretur?
2829 1664 2912 1730 qui
2933 1677 3085 1728 quum
3111 1677 3189 1715 res
3220 1679 3340 1730 prae·

1759 1771 1887 1822 clare
1901 1782 1935 1819 a
1953 1769 2216 1833 majoribus
2236 1773 2396 1833 gestas
2423 1769 2556 1822 laudi
2579 1769 2719 1820 nobis
2749 1769 2986 1821 ducamus
3009 1775 3058 1821 et
3083 1771 3340 1835 rempubli-

136 1873 437 1954 πραχθέντων
448 1874 791 1956 ἐγκωμιάζειν
804 1873 1014 1956 ἔχομεν,
1028 1873 1173 1935 οὐδὲν
1184 1872 1239 1935 δὲ
1249 1877 1353 1934 τῶν
1366 1875 1535 1933 αὐτῶν
1550 1873 1678 1934 ἐκεί.
1704 1881 1741 1924 e
1761 1889 1868 1928 cam
1896 1879 2110 1927 nostram
2147 1889 2206 1926 οο
2225 1875 2420 1926 nomine
2437 1875 2677 1926 celebrare
2699 1876 2941 1940 possimus
2955 1912 2970 1939 ,
2997 1878 3184 1928 tantum
3207 1877 3347 1929 abest

140 1986 222 2030 νοις
244 1963 549 2044 πράττομεν,
581 1963 720 2023 ἀλλὰ
744 1973 850 2023 πᾶν
886 1963 1211 2040 τοῦναντίον;
1237 1965 1327 2044 (10)
1360 1966 1431 2025 Οἱ
1462 1960 1556 2041 μὲν
1575 1961 1675 2044 γὰρ

139 2051 246 2133 ὑπὲρ
270 2056 363 2112 τῶν
390 2051 667 2127 Ἑλλήνων
691 2061 799 2122 τοῖς
824 2052 1111 2136 βαρὸάροις
1132 2055 1482 2133 πολεμοῦντες
1510 2051 1675 2112 διετέ-

139 2143 290 2214 λεσαν,
321 2143 461 2220 ἡμεῖς
488 2141 545 2203 δὲ
572 2140 692 2212 τοὺς
718 2145 779 2203 ἐκ
798 2148 894 2216 τῆς
930 2143 1104 2212 Ἀσίας
1129 2142 1221 2203 τὸν
1254 2141 1364 2224 βίον
1393 2139 1675 2225 ποριζομέ-

68 2243 233 2299 168νους
249 2232 426 2294 ἐκεῖθεν
441 2231 833 2304 ἀναστήσαντες
855 2233 943 2294 ἐπὶ
952 2231 1082 2302 ,τοὺς
1097 2230 1370 2306 Ἕλληνας
1389 2229 1677 2312 ἠγάγομεν·
1709 2251 1747 2292 a

139 2323 335 2381 κάκεῖνοι
370 2321 463 2400 μὲν
494 2324 883 2405 ἐλευθεροῦντες
911 2321 1006 2391 τὰς
1033 2321 1211 2390 πόλεις
1237 2321 1331 2390 τὰς
1360 2319 1677 2394 Ἑλληνίδας

140 2407 213 2466 καὶ
239 2414 524 2490 βοηθοῦντες
542 2412 730 2480 αὖταῖς
750 2415 845 2484 τῆς
873 2411 1156 2492 ἡγεμονίας
1177 2410 1500 2488 ἠξιώθησαν,
1524 2414 1679 2489 ἡμεῖς

144 2495 187 2556 δὲ
204 2497 657 2578 καταδουλούμενοι
687 2500 779 2561 καὶ
802 2499 1055 2560 τάναντία
1082 2509 1189 2570 τοῖς
1218 2501 1337 2561 τότε
1365 2499 1681 2581 πράττοντες

143 2589 518 2669 ἀγανακτῶμεν,
546 2593 595 2650 εἰ
625 2589 701 2668 μὴ
729 2589 825 2664 τὴν
854 2588 1020 2662 αὐτὴν
1042 2588 1203 2669 τιμὴν
1232 2589 1443 2658 ἐκείνοις
1471 2588 1675 2669 ἕξομεν,

83 2696 122 2734 25
145 2674 215 2756 (⁴3)
237 2677 281 2736 οἳ
294 2685 531 2740 τοσοῦτον
558 2678 991 2759 ἀπολελείμμεθα
1012 2679 1103 2740 καὶ
1124 2681 1231 2748 τοῖς
1257 2679 1425 2762 ἔργοις
1446 2679 1539 2740 καὶ
1564 2682 1681 2748 ταῖς

142 2766 353 2837 διανοίαις
376 2772 479 2829 τῶν
506 2768 630 2829 κατ’
654 2770 848 2831 ἐκεῖνον
880 2769 969 2830 τὸν
991 2767 1181 2851 χρόνον
1202 2768 1519 2850 γενομένων,
1556 2767 1677 2830 ὅσον

142 2857 179 2912 οῖ
209 2855 291 2933 μὲν
321 2859 444 2942 ὑπὲρ
474 2864 573 2933 τῆς
604 2863 709 2919 τῶν
738 2857 1013 2934 Ἑλλήνων
1056 2859 1315 2943 σωτηρίας
1343 2859 1440 2933 τήν
1472 2883 1531 2922 τε
1569 2883 1676 2919 πα-

1766 1988 1822 2035 111
1842 1995 1928 2034 003
1948 1982 2046 2033 0110
2066 1995 2128 2033 cx
2145 1983 2279 2046 parte
2303 1981 2565 2044 imitemur,
2589 1985 2646 2032 ut
2672 1981 2813 2046 plane
2831 1983 3068 2032 contraria
3090 1983 3347 2034 faciamus?

1767 2089 1865 2155 (42)
1895 2093 2017 2143 Nam
2035 2090 2106 2140 illi
2136 2089 2337 2154 quidem
2356 2103 2444 2154 pro
2473 2089 2660 2142 Graecis
2689 2093 2854 2140 contra
2875 2089 3105 2140 barbaros
3139 2104 3349 2156 pugnare

1769 2210 1866 2250 1100
1888 2196 2208 2260 destiterunt3
2241 2209 2332 2246 nos
2366 2209 2482 2246 vero
2503 2209 2612 2260 eos,
2637 2196 2724 2260 qui
2757 2196 2806 2246 in
2829 2195 2942 2247 Asia
2965 2196 3146 2248 victum
3171 2197 3348 2261 (1110111-

1766 2306 1968 2370 tabant,
2001 2305 2100 2358 11110
2128 2307 2359 2357 retractos
2389 2307 2558 2357 contra
2591 2307 2788 2356 Graecos
2821 2305 3053 2356 duximus
3085 2306 3192 2357 :illi
3230 2306 3348 2360 dum

1768 2415 1960 2466 Graecis
1984 2413 2189 2465 urbibus
2211 2413 2483 2465 libertatem
2515 2415 2807 2478 restituunt,
2841 2413 2958 2464 dum
2995 2428 3136 2479 opem
3163 2415 3347 2479 serunt,

1768 2523 1969 2575 Graecioe
2001 2523 2319 2588 principatum
2337 2526 2624 2588 aceeperunt
2641 2541 2658 2588 ;
2677 2538 2769 2575 uos
2790 2525 2873 2589 (101
2895 2525 3089 2577 easdem
3114 2528 3348 2580 servitute

1770 2630 2064 2695 premimus,
2101 2628 2185 2694 qui
2211 2631 2354 2695 plane
2385 2630 2633 2682 diversum
2663 2639 2875 2695 agimus,
2905 2632 3206 2695 indignamur
3229 2647 3350 2685 eun·

1768 2736 1881 2788 dem
1912 2736 2146 2789 honorem
2173 2736 2314 2788 nobis
2338 2751 2434 2788 non
2457 2737 2649 2802 11011011,
2691 2737 2792 2801 (43)
2824 2752 2974 2803 quum
2999 2738 3124 2790 10101
3147 2739 3278 2790 (11010
3298 2745 3351 2793 01

1775 2845 1901 2894 sacta
1925 2850 2090 2896 nostra
2107 2846 2252 2910 atque
2271 2845 2463 2896 illorum
2485 2848 2676 2896 tantum
2697 2845 2918 2909 intersit,
2943 2850 2999 2897 ut
3027 2846 3096 2897 illi
3128 2861 3215 2912 pro
3237 2861 3350 2898 con·

141 2945 265 3025 τρῖδα
300 2947 388 3020 τὴν
415 2952 591 3010 αὑτῶν
634 2949 865 3008 ἐκλιπεῖν
909 2948 1229 3030 ἐτόλμησαν,
1262 2949 1354 3010 καὶ
1382 2949 1677 3031 μαχόμενοι
1700 2949 1745 3015 b
1771 2949 2022 3001 servandis
2043 2951 2226 3002 Graecis
2257 2952 2463 3016 patriam
2487 2949 2704 3002 deserere
2738 2966 2834 3002 non
2857 2951 3124 3004 dubitarint
3151 2955 3200 3006 01
3225 2959 3350 3006 10110

142 3034 215 3092 καὶ
248 3044 629 3120 ναυμαχοῦντες
655 3037 771 3108 τοὺς
804 3038 1099 3121 βαρὸάρους
1136 3037 1403 3116 ἐνίκησαν,
1444 3043 1599 3118 ἡμεῖς
1628 3040 1675 3100 δ’

81 3137 119 3177 ³0
141 3123 227 3182 οὐδ’
251 3124 369 3208 ὑπὲρ
396 3132 487 3201 τῆς
514 3125 781 3211 ἡμετέρας
817 3129 989 3187 αὐτῶν
1027 3127 1329 3198 πλεονεξίας
1366 3127 1679 3188 κινδυνεύειν

144 3211 367 3293 ἀξιοῦμεν,
428 3219 519 3298 (ει)
568 3217 689 3278 ἀλλ’
740 3217 923 3300 ἄρχειν
969 3219 1065 3298 μὲν
1115 3217 1364 3279 ἁπάντων
1403 3221 1679 3298 ζητοῦμεν,

146 3304 477 3382 στρατεύεσθαι
504 3309 551 3367 δ’
576 3309 675 3367 οὐκ
700 3307 966 3387 ἐθέλομεν,
992 3306 1085 3367 καὶ
1104 3307 1337 3388 πόλεμον
1366 3307 1461 3387 μὶν
1492 3313 1679 3389 μικροῦ

146 3390 231 3450 δεῖν
266 3393 385 3475 πρὸς
422 3395 665 3464 ἅπαντας
710 3396 1011 3478 ἀνθρώπους
1056 3397 1441 3478 ἀναιρούμεθα,
1469 3395 1597 3479 πρὸς
1624 3394 1679 3456 δὲ

146 3485 294 3539 τοῦτον
337 3486 430 3564 οὐχ
471 3488 622 3563 ἡμᾶς
663 3483 850 3553 αὐτοὺς
892 3488 1176 3566 ἀσκοῦμεν,
1224 3488 1341 3547 ἀλλ’
1380 3485 1681 3569 ἀνθρώπους

1766 3055 1984 3120 marique
2009 3056 2234 3106 barbaros
2253 3056 2484 3120 vicerint,
2505 3070 2595 3108 nos
2619 3071 2738 3107 vero
2759 3071 2822 3108 ne
2844 3071 2930 3122 pro
2954 3060 3122 3109 nostra
3153 3060 3351 3124 quidem

1770 3163 1970 3214 avaritia
1987 3162 2214 3214 dimicare
2233 3163 2457 3216 velimus.
2493 3164 2592 3228 (44)
2617 3167 2858 3229 Imperare
2879 3165 3072 3230 quidem
3093 3167 3350 3220 studemus

1778 3269 2019 3333 omnibus,
2034 3269 2120 3320 sed
2133 3270 2342 3322 militare
2359 3270 2586 3322 nolumus
2597 3305 2614 3331 ,
2634 3283 2692 3320 00
2709 3284 2852 3321 nemo
2873 3271 2973 3326 sere
2987 3275 3064 3323 001
3075 3274 3351 3326 mortalium

1770 3368 2015 3430 onmium,
2050 3381 2196 3432 quem
2231 3367 2360 3419 bello
2394 3381 2494 3418 11011
2523 3368 2848 3433 100000οω001
2874 3371 2944 3421 101
2983 3384 3098 3422 νο10
3134 3372 3354 3424 militaris

1770 3475 2160 3526 exercitationem
2185 3487 2380 3538 prorsus
2397 3473 2487 3538 ipsi
2511 3473 2940 3538 negligimus,‚sed
2958 3477 3133 3540 partim
3156 3479 3322 3528 exules
3339 3515 3356 3542 ,

88 3587 126 3624 ³³
144 3566 239 3638 τῡὺς
263 3569 347 3648 μὲν
375 3575 651 3652 ἀπόλιδας,
678 3573 797 3643 τοὺς
824 3575 869 3634 δ’
898 3575 1235 3656 αὐτομόλους,
1264 3573 1385 3644 τοὺς
1416 3575 1464 3636 δ’
1494 3577 1554 3636 ἐκ
1580 3580 1684 3636 τῶν
1716 3600 1753 3643 0
1776 3574 1952 3639 partim
1971 3570 2274 3634 transfugas,
2301 3573 2474 3636 partim
2494 3573 2627 3623 omni
2653 3571 2943 3639 flagitiorum
2967 3587 3142 3638 genere
3161 3589 3354 3640 cooper-

147 3656 288 3718 ἄλλων
310 3668 633 3747 κακουργιῶν
665 3663 1105 3747 συνερρυηκότας,
1138 3657 1211 3734 οἶς
1235 3663 1429 3726 ὁπόταν
1460 3689 1535 3732 τις
1558 3667 1685 3749 διδῷ

146 3748 285 3808 πλείω
308 3749 507 3832 μισθόν,
541 3752 661 3832 μετ’
697 3751 906 3813 ἐκείνων
935 3757 1013 3837 ἐφ’
1055 3759 1198 3834 ἡμᾶς
1223 3753 1685 3828 ἀκολουθήσουσιν·

150 3835 225 3917 (15)
265 3841 369 3900 ἀλλ’
400 3841 543 3921 ὅμως
590 3840 755 3911 οὕτως
801 3841 985 3912 αὐτοὺς
1030 3846 1340 3925 ἀγαπῶμεν,
1388 3843 1515 3906 ὥσθ’
1552 3842 1687 3928 ὑπὲρ

150 3923 226 4001 μὲν
246 3933 340 3989 τῶν
366 3931 570 3992 παίδων
603 3935 709 3991 τῶν
733 3932 1023 4016 ἡμετέρων,
1062 3936 1108 3994 εἰ
1135 3933 1257 4015 περί
1286 3957 1427 4003 τινας
1454 3934 1687 4016 ἐξαμάρ-

94 4028 130 4067 ⁴⁰
149 4038 274 4092 τοιεν,
294 4023 383 4080 οὐκ
410 4020 474 4082 ἂν
496 4021 848 4100 ἐθελήσαιμεν
877 4022 1025 4093 δίκας
1052 4026 1325 4105 ὑποσχεῖν,
1350 4021 1481 4105 ὑπὲρ
1510 4023 1565 4084 δὲ
1591 4029 1688 4096 ‘ri-2<

152 4103 325 4165 ἐκείνοιν
352 4109 597 4191 ἁρπαγῆς
622 4109 713 4170 καὶ
745 4109 861 4192 βίας
888 4111 981 4172 καὶ
1020 4111 1353 4193 παρανομίας
1388 4112 1687 4192 μελλόντων

151 4197 231 4252 τῶν
252 4198 589 4278 ἐγκλημάτων
622 4201 700 4283 ἐφ’
728 4205 873 4280 ἡμᾶς
898 4199 1037 4274 ἥξειν
1062 4204 1163 4282 οὐχ
1189 4200 1331 4270 ὅπως
1359 4205 1686 4283 ἀγανακτοῦ·

1777 3681 1883 3740 100,
1904 3677 1989 3742 qui
2022 3677 2118 3727 huc
2136 3677 2481 3739 confluxerint,
2503 3677 2820 3730 conducimus
2836 3716 2853 3743 ,
2877 3679 2948 3730 sic
2967 3680 3202 3731 animatos
3237 3686 3290 3732 ut
3313 3683 3354 3733 si

1776 3777 1885 3842 quis
1904 3775 2012 3842 plus
2020 3776 2243 3842 stipendii
2262 3777 2502 3840 numeret,
2515 3775 2619 3839 eius
2631 3777 2778 3827 ductu
2800 3790 2887 3828 nos
2900 3778 3222 3843 oppugnaturi
3240 3781 3355 3845 sint3

1780 3877 1877 3940 (45)
1904 3875 2024 3926 adeo
2047 3879 2212 3925 tamen
2249 3887 2334 3926 eos
2357 3873 2629 3938 diligimus,
2647 3881 2704 3925 ut
2736 3888 2824 3938 pro
2845 3875 3008 3926 liberis
3036 3878 3232 3942 quidem
3265 3893 3354 3931 no-

1776 3975 1904 4036 stris,
1916 3973 1958 4026 si
1975 3974 2098 4025 sorte
2111 3974 2212 4024 vim
2227 3976 2314 4023 aut
2330 3973 2552 4035 injuriam
2572 3973 2784 4036 fecerint,
2803 3987 2970 4036 poeuas
2985 3975 3100 4027 dare
3117 3977 3326 4030 nolimus
3339 3998 3354 4043 ;

1785 4071 1847 4122 de
1884 4072 2074 4122 illorum
2106 4083 2224 4121 vero
2247 4070 2427 4135 rapinis
2449 4075 2498 4121 et
2524 4069 2750 4121 violentia
2789 4075 2840 4122 et
2877 4071 3037 4134 legum
3078 4079 3356 4140 contemptu

1777 4184 1932 4235 quum
1950 4170 2001 4221 10
2019 4172 2184 4221 000110
2202 4169 2358 4233 capita
2379 4182 2549 4220 casura
2571 4170 2637 4220 sit
2653 4171 2975 4234 expostulatio
2993 4175 3043 4224 et
3062 4174 3226 4238 culpa,
3238 4176 3358 4228 adeo

152 4303 243 4356 μεν,
259 4283 383 4346 ἀλλὰ
402 4287 491 4347 καὶ
504 4288 763 4371 χαίρομεν
782 4289 908 4349 ὅταν
928 4288 1233 4369 ἀκούσωμεν
1257 4290 1443 4360 αὐτοὺς
1458 4289 1688 4352 τοιοῦτόν
1713 4284 1755 4350 d
1777 4283 1873 4321 non
1892 4281 2290 4329 succenseamus,
2310 4270 2366 4319 ut
2388 4267 2608 4320 1011001111·
2625 4268 2799 4332 etiam,
2817 4269 2859 4320 si
2878 4255 2996 4334 quid
3016 4285 3100 4322 eos
3120 4274 3356 4337 ejusmodi

152 4391 192 4424 τι
218 4373 705 4456 διαπεπραγμένους.
793 4379 883 4457 (w)
930 4381 1025 4447 Εἷς
1052 4385 1205 4438 τοῦτο
1234 4378 1289 4439 δὲ
1326 4379 1526 4461 μωρίας
1567 4382 1688 4454 ἐλη-

98 4467 133 4506 ⁴5
152 4457 364 4540 λύθαμεν,
383 4463 511 4524 ὥστ’
530 4465 677 4527 αὐτοὶ
698 4465 793 4545 μὲν
814 4468 1000 4535 ἐνδεεῖς
1018 4470 1121 4527 τῶν
1142 4473 1260 4528 καθ’
1277 4468 1485 4550 ἡμέραν
1508 4467 1686 4549 ἐσμέν,

155 4545 430 4634 ξενοτροφεῖν
476 4555 521 4614 δ’
569 4555 1059 4637 ἐπικεχειρήκαμεν,
1089 4556 1180 4617 καὶ
1216 4557 1333 4626 τοὺς
1374 4559 1688 4640 συμμάχους

155 4633 247 4704 ῒῦὺς
269 4641 543 4724 ἡμετέρους
570 4647 742 4705 αὐτῶν
771 4645 929 4714 ἰδίους
955 4645 1318 4726 λυμαινόμεθα
1358 4647 1450 4707 καὶ
1480 4649 1689 4726 δασμο-

156 4725 396 4811 λογοῦμεν,
422 4731 509 4793 ἵνα
536 4737 646 4802 τοῖς
682 4734 929 4796 ἁπάντων
959 4733 1247 4818 ἀνθρώπων
1276 4745 1463 4804 κοινοῖς
1490 4739 1690 4818 ἐχθροῖς

158 4813 224 4871 τὸν
243 4821 407 4894 μισθὸν
432 4823 807 4904 ἐκπορίζωμεν.
844 4827 933 4905 (⁴7)
952 4823 1204 4907 Τοσούτῳ
1228 4823 1285 4885 δὲ
1301 4825 1508 4908 χείρους
1532 4827 1690 4906 ἐσμὲν

104 4919 139 4958 m
158 4905 237 4960 τῶν
254 4909 529 4990 προγόνων,
548 4913 607 4972 οὗ
630 4912 786 4990 μόνον
811 4917 915 4974 τῶν
941 4913 1419 4992 εὐδοκιμησάντων,
1442 4913 1581 4975 ἀλλὰ
1600 4915 1691 4978 καὶ

160 4994 239 5048 τῶν
266 4999 594 5077 μισηθέντων,
617 5001 737 5062 ὅσον
763 5004 949 5062 ἐκεῖνοι
982 5001 1079 5082 μὲν
1108 5005 1154 5062 εἷ
1181 5005 1433 5082 πολεμεῖν
1460 5002 1587 5086 πρός
1612 5029 1693 5064 τι-

160 5101 232 5148 Ὴις
268 5087 606 5169 Ιψηφίσαιντο,
648 5097 844 5169 μεστῆς
881 5091 1038 5166 οὔσης
1077 5093 1327 5174 ἀργυρίου
1355 5093 1447 5153 καὶ
1471 5093 1689 5176 χρυσίου
1716 5116 1753 5157 e

164 5172 235 5272 ²42<
258 5175 589 5256 ἀκροπόλεως,
617 5181 757 5260 ὅμως
785 5180 914 5265 ὑπὲρ
941 5185 1045 5242 τῶν
1084 5181 1340 5252 δοξάντων
1369 5183 1476 5251 τοῖς
1519 5186 1689 5243 αὑτῶν

167 5275 367 5336 σινιμασιν
389 5265 553 5351 ᾤοντο
584 5271 687 5336 δεῖν
714 5269 1045 5346 κινδυνεύειν,
1074 5272 1225 5352 ἡμεῖς
1251 5272 1295 5331 δ’
1328 5274 1399 5340 εἰς
1432 5270 1692 5348 τοσαύτην

1778 4375 2078 4434 perpetrasse
2096 4367 2403 4418 audierimus.
2471 4367 2571 4433 (4ο)
2593 4371 2646 4419 10
2665 4381 2772 4419 eam
2791 4369 2997 4435 denique
3015 4372 3268 4426 stultitiam
3289 4377 3358 4426 in·

1779 4466 2014 4528 cidimus,
2052 4469 2110 4515 ut
2145 4465 2236 4530 ipsi
2273 4479 2478 4516 annonas
2507 4466 2708 4531 penuria
2744 4466 3018 4520 laborantes
3053 4474 3359 4536 peregrinum

1777 4569 1904 4618 alere
1930 4568 2132 4619 militem
2167 4567 2450 4618 studeamus
2473 4567 2688 4618 01000110
2721 4570 2898 4620 uostris
2922 4569 3042 4634 ipsis
3064 4572 3267 4636 injurias
3291 4575 3362 4624 in-

1778 4665 1987 4717 feramus
2009 4668 2059 4715 et
2089 4664 2270 4715 tributa
2299 4665 2546 4728 exigamus
2561 4701 2577 4728 ,
2600 4679 2696 4730 quo
2715 4666 2986 4718 mercedem
3019 4669 3361 4721 communibus

1778 4768 1998 4819 omnium
2021 4766 2298 4818 mortalium
2323 4767 2544 4818 hostibus
2579 4780 2904 4820 numeremus.
2972 4771 3073 4834 (47)
3108 4775 3360 4825 Postremo

1780 4871 1918 4920 tanto
1939 4867 2196 4919 deteriores
2225 4881 2396 4918 sumus
2419 4867 2683 4930 majoribus
2704 4869 2882 4920 nostris
2913 4883 3012 4920 11011
3035 4870 3242 4921 laudatis
3265 4871 3360 4923 illis

1781 4977 1972 5023 tantum
1987 5008 2002 5034 ,
2023 4971 2108 5022 sed
2122 4970 2181 5021 iis
2202 4970 2349 5022 etiam
2372 4970 2457 5036 (1111
2474 4970 2522 5021 10
2546 4970 2658 5021 odio
2681 4970 2902 5034 fuerunt,
2925 4975 2980 5022 ut
2997 4970 3097 5036 illi,
3123 4972 3166 5022 si
3183 4971 3360 5036 (11111100

1780 5076 1954 5127 inferre
1963 5075 2145 5126 bellum
2154 5075 2494 5138 decrevissent,
2504 5076 2728 5142 quamvis
2736 5079 2930 5138 argento
2940 5081 2988 5127 et
2999 5089 3119 5127 auro
3131 5077 3358 5129 refertum

1782 5184 1909 5235 esset
1919 5182 2142 5233 :erarium
2153 5183 2202 5232 in
2211 5195 2338 5246 arce,
2355 5187 2512 5234 tamen
2523 5183 2624 5234 suis
2635 5181 2914 5246 corporibus
2925 5183 3234 5247 exsequenda
3246 5197 3358 5248 qua·

1784 5289 2080 5353 statuerant,
2101 5293 2380 5354 censereut3
2403 5301 2492 5340 nos
2508 5287 2568 5340 ad
2595 5289 2778 5342 tantam
2795 5289 3058 5353 egestatem
3085 5289 3286 5356 redacti,
3309 5291 3358 5344 in
