3825 5842
385 432 458 485 io
1521 412 1896 476 ANTlmN.
1931 414 2252 480 TETPAA.
2295 418 2362 480 A.
2390 439 2449 480 α.

367 560 605 640 ἀρκοῦσα
642 546 711 630 ἦν
750 551 1068 638 σωφρονίσαι
1099 551 1161 612 τὸ
1203 549 1526 630 θυμούμενον
1559 553 1655 623 τῆς
1693 549 1928 629 γνώμης.

372 649 438 728 (4)
470 648 586 709 Οὔκ
621 647 783 728 ὀρθῶς
811 643 865 703 δὲ
907 642 1004 716 τὴν
1044 646 1134 702 τοῦ
1169 639 1450 702 ἀκολούθου
1489 639 1778 722 μαρτυρίαν
1805 639 1929 699 ἄπι-

343 758 490 816 ,στον
518 733 757 812 λέγουσιν
786 722 938 792 εἶναι.
980 733 1060 793 Οὔ
1084 731 1186 810 γὰρ
1205 731 1292 789 ἐπὶ
1315 733 1429 796 ταῖς
1451 727 1713 795 τοιαύταις
1733 751 1929 808 μαρτυ·

372 823 506 906 ρίαις
535 821 936 903 βασανίζονται,
989 818 1104 878 ἀλλ’
1139 817 1394 899 ἐλεύθεροι
1429 816 1682 898 ἀφίενται·
1730 817 1930 876 ὁπόταν

372 911 428 972 δὲ
455 911 491 985 ἢ
531 911 814 994 κλέψαντες
841 911 1175 990 ἀπαρνῶνται
1214 906 1249 978 ἢ
1291 904 1662 988 συγκρύπτωσι
1699 915 1804 974 τοῖς
1844 908 1929 966 δε·

285 1018 341 1059 ao
370 1000 604 1074 σπόταις,
629 1000 746 1059 τότε
773 997 1132 1078 βασανίζοντες
1156 994 1396 1073 ἀξιοῦμεν
1423 996 1596 1068 ἀληθῆ
1625 994 1795 1074 λέγειν
1825 997 1922 1054 αὖ·

368 1089 503 1156 τούς.
629 1089 690 1168 (ε)
731 1086 873 1148 Οὐδὲ
915 1085 1020 1164 μὴν
1063 1083 1409 1162 ἀπογενέσθαι
1454 1082 1490 1156 ἢ
1536 1083 1928 1165 παραγενέσθαι

370 1175 626 1258 εἰκότερον
673 1173 826 1233 αὐτόν
876 1175 1034 1234 ἐστιν.
1123 1173 1193 1232 Εἰ
1239 1170 1341 1252 γὰρ
1371 1170 1648 1251 ἀπεγένετο
1666 1216 1684 1248 ,
1719 1171 1806 1231 τὸν
1837 1172 1933 1250 μὲν

367 1263 598 1324 κίνδυνον
626 1261 714 1322 τὸν
743 1260 899 1321 αὐτὸν
931 1261 1116 1339 ἔμελλε
1143 1259 1233 1320 καὶ
1254 1259 1436 1341 παρὼν
1463 1259 1771 1320 κινδυνεύειν
1801 1261 1936 1342 (πᾶς

369 1353 470 1435 γὰρ
525 1347 705 1412 αὐτῶν
740 1349 950 1432 ληφθεὶς
997 1355 1178 1409 τοῦτον
1238 1348 1300 1409 ἂν
1346 1348 1434 1408 τὸν
1487 1349 1934 1410 ἔπιὸουλεύσαντα

370 1441 594 1521 ἤλεγχεν
617 1440 798 1519 ὄντα),
825 1438 886 1498 τὸ
909 1439 952 1497 δ’
984 1437 1130 1520 ἔργον
1149 1429 1311 1510 ἧσσον
1334 1435 1605 1520 πράσσειν·
1642 1437 1805 1505 οὐδεὶς
1831 1437 1935 1520 γὰρ

371 1529 511 1599 ὅστις
539 1532 641 1589 τῶν
673 1525 946 1610 παρόντων
975 1529 1069 1586 οὐκ
1098 1525 1162 1586 ἂν
1200 1526 1536 1608 ὀκνηρότερος
1565 1529 1638 1595 εἰς
1665 1525 1761 1600 τὴν
1791 1535 1935 1608 πρᾶ-

371 1617 445 1688 ξιν
476 1609 560 1692 ἦν.
648 1615 714 1698 (ο)
739 1615 840 1684 Ὧς
881 1617 926 1675 δ’
959 1617 1053 1676 οὒκ
1091 1615 1306 1676 ἐλάσσω
1327 1615 1466 1674 ἀλλὰ
1502 1615 1634 1675 πολὺ
1665 1615 1826 1693 μείζω
1847 1615 1936 1676 τὸν

291 1725 344 1764 25
371 1701 480 1767 ἀπὸ
501 1709 594 1779 τῆς
610 1709 812 1787 γραφῆς
835 1703 1065 1766 κίνδυνον
1093 1701 1127 1776 ἢ
1155 1704 1299 1764 τόνδε
1329 1708 1506 1782 ἡγεῖτο
1530 1694 1661 1763 εἶναι
1675 1748 1693 1778 ,
1725 1703 1935 1773 διδάξω.

375 1795 455 1858 Τὸ
479 1795 575 1874 μὲν
604 1794 803 1854 ἇλῶναι
838 1794 928 1853 καὶ
964 1794 1136 1876 ἀποφυ
1173 1795 1246 1853 εἶν
1277 1792 1574 1874 ἀμφοτέρας
1607 1791 1699 1861 τὰς
1738 1791 1937 1862 διώξεις

373 1887 426 1944 ἐν
435 1882 572 1952 ἴσαις
593 1881 766 1943 ἐλπίσι
788 1884 956 1960 θῶμεν
979 1885 1118 1964 αὐτῷ
1133 1817 1284 1942 εἵίναι.
1299 1879 1394 1954 Μὴ
1409 1885 1750 1962 παραχθῆναι
1775 1879 1937 1953 δὲτὴν

371 1971 577 2054 γραφὴν
603 1970 850 2050 οὐδεμίαν
873 1970 1059 2030 ἐλπίδα
1085 1973 1137 2051 γ’
1165 1961 1276 2051 εἶχε
1296 1969 1480 2030 τούτου
1511 1973 1718 2040 ζῶντος·
1751 1971 1810 2029 οὗ
1834 1970 1936 2053 γὰρ

376 2058 440 2119 ἂν
468 2057 682 2120 ἐπέθετο
709 2060 872 2140 αὖτῷ·
903 2060 974 2125 εἰς
1015 2057 1070 2117 δὲ
1093 2055 1239 2118 τόνδε
1287 2057 1374 2117 τὸν
1402 2057 1634 2118 κίνδυνον
1668 2055 1808 2129 ἥξειν
1844 2059 1939 2118 οὐκ

373 2147 582 2222 ἤλπισε·
605 2146 786 2220 λήσειν
801 2145 903 2228 γὰρ
933 2144 1102 2228 ἐδόκει
1132 2145 1444 2216 ἀποκτείνας
1465 2142 1640 2208 αὐτόν’.
1669 2147 1734 2225 (7)
1758 2145 1937 2215 Ἀξιῶν

375 2235 430 2297 δὲ
457 2235 546 2296 διὰ
567 2235 630 2296 τὸ
652 2236 880 2320 φανερὰν
902 2225 1034 2295 εἶναι
1061 2233 1156 2308 τὴν
1183 2235 1407 2316 ὑποψίαν
1437 2239 1580 2316 αὐτῷ
1610 2235 1682 2313 μὴ
1713 2237 1938 2295 καταδο-

294 2349 348 2391 ao
373 2327 578 2386 κεῖσθαι
599 2327 684 2407 ὕφ’
718 2327 862 2402 ὑμῶν
877 2369 897 2398 ,
917 2325 1012 2383 οὔκ
1029 2326 1188 2405 ὀρθῶς
1213 2325 1366 2394 ἀξιοῖ.
1452 2326 1521 2385 Εἰ
1543 2323 1646 2406 γὰρ
1673 2328 1852 2383 τοῦτον
1886 2325 1938 2382 ἐν

382 2417 479 2482 τοῖς
523 2413 785 2494 μεγίστοις
824 2410 1073 2479 κινδύνοις
1099 2411 1223 2472 ὄντα
1246 2411 1401 2485 ἱκανὴ
1424 2403 1488 2484 ἦν
1512 2416 1547 2484 ἡ
1577 2410 1774 2494 ὑποψία
1805 2413 1938 2471 ἀπο-

374 2502 562 2586 τρέψαι
589 2505 682 2575 τῆς
719 2498 997 2567 ἐπιθέσεως
1015 2544 1032 2574 ,
1065 2499 1228 2568 οὐδεὶς
1263 2499 1347 2582 ἄρ’
1372 2498 1744 2560 ἔπεὸούλευσεν
1769 2501 1935 2578 αὐτῷ·

381 2599 478 2659 πᾶς
492 2590 596 2672 γὰρ
619 2589 683 2649 ἄν
709 2613 787 2658 τις
810 2591 913 2648 τῶν
949 2581 1110 2661 ἧσσον
1140 2587 1562 2662 κινδυνευόντων,
1594 2586 1688 2659 τὴν
1713 2586 1939 2669 ὑποψίαν

377 2681 577 2759 μᾶλλον
605 2683 696 2738 τοῦ
722 2677 957 2738 κινδύνου
980 2676 1296 2756 φοὸούμενος
1311 2723 1326 2750 ,
1354 2669 1514 2750 ἧσσον
1536 2676 1571 2750 ἢ
1595 2667 1740 2743 οὗτος
1761 2677 1939 2754 ἡγεῖτο

376 2768 538 2850 αὐτῷ.
621 2761 687 2846 (a)
737 2767 806 2827 At
845 2764 890 2824 δ’
933 2764 1169 2849 εἰσφοραὶ
1201 2765 1294 2825 καὶ
1329 2765 1577 2846 χορηγίαι
1625 2763 1800 2824 ἱκανὸν
1837 2763 1938 2842 μὲν

378 2853 706 2933 εὐδαιμονίας
763 2854 978 2934 σημεῖόν
1048 2857 1191 2928 ἐστι,
1248 2860 1340 2914 τοῦ
1387 2853 1442 2913 δὲ
1505 2853 1579 2932 μὴ
1632 2857 1939 2915 ἀποκτεῖναι

373 2942 650 3004 τάναντία·
690 2942 810 3024 περὶ
839 2942 940 3024 γὰρ
959 2945 1118 3014 αὐτῆς
1143 2947 1236 3014 τῆς
1266 2941 1596 3020 εὐδαιμονίας
1617 2940 1823 3022 τρέμων
1862 2940 1937 3016 μὴ

297 3057 351 3098 ss
375 3035 706 3114 ἀποστερηθῇ
723 3075 740 3110 ,
785 3031 995 3099 εἰκότως
1036 3028 1130 3109 μὲν
1183 3029 1399 3098 ἀνοσίως
1433 3029 1490 3089 δὲ
1529 3027 1799 3089 ἀπέκτεινε
1849 3027 1939 3087 τὸν

376 3120 558 3202 ἄνδρα.
673 3117 909 3182 Φάσκων
966 3119 1022 3179 δὲ
1075 3121 1132 3180 οὗ
1185 3117 1302 3188 τοὺς
1357 3117 1571 3186 εἰκότως
1621 3114 1760 3178 ἀλλὰ
1819 3115 1937 3185 τοὺς

376 3207 781 3275 ἀποκτείναντας
811 3205 994 3288 φονέας
1022 3199 1154 3264 εἶναι
1168 3250 1184 3280 ,
1203 3205 1324 3286 περὶ
1349 3203 1444 3284 μὲν
1467 3210 1571 3265 τῶν
1597 3204 1938 3264 ἀποκτεινάν-

376 3321 479 3357 των
515 3299 676 3378 ὀρθῶς
719 3294 891 3372 λέγει,
943 3294 1090 3375 εἴπερ
1139 3294 1340 3373 ἐγένετο
1380 3294 1598 3377 φανερὸν
1651 3299 1779 3371 ἡμῖν
1809 3292 1941 3360 τίνες

376 3377 513 3460 ἦσαν
531 3387 580 3445 οἱ
608 3382 1004 3450 ἀποκτείναντες
1037 3381 1211 3441 αὐτόν·
1241 3383 1316 3460 μὴ
1347 3379 1720 3462 δεδηλωμένων
1747 3380 1802 3440 δὲ
1836 3385 1939 3440 τῶν

374 3472 810 3546 ἀποκτεινάντων,
838 3471 940 3532 ὑπὸ
960 3473 1062 3530 τῶν
1093 3470 1304 3532 εἰκότων
1328 3470 1669 3552 ἰλεγχόμενος
1695 3462 1840 3538 οὗτος
1876 3469 1941 3530 ἂν

273 3563 468 3639 ιιῡκαὶ
497 3562 661 3630 οὐδεὶς
696 3560 866 3642 ἔτερος
903 3559 1214 3629 ἀποκτείνας
1247 3559 1402 3619 αὖτὸν
1431 3559 1530 3632 εἴη.
1614 3561 1695 3621 Οὔ
1721 3559 1824 3640 γὰρ
1851 3558 1940 3620 ἐπὶ

377 3651 656 3734 μαρτύρων
685 3649 822 3708 ἀλλὰ
841 3647 1178 3732 κρυπτόμενα
1205 3649 1500 3730 πράσσεται
1517 3653 1708 3709 ταῦτα.

453 3761 500 3802 ο.
517 3737 675 3800 Οὕτω
686 3737 740 3797 δὲ
765 3739 996 3820 φανερῶς
1007 3737 1067 3796 ἔκ
1076 3739 1168 3808 τῆς
1189 3739 1347 3795 αὑτοῦ
1372 3735 1655 3815 ἀπολογίας
1678 3734 1939 3816 ἐλεγχθεὶς

378 3827 672 3913 διαφθείρας
687 3824 862 3900 αὖτόν,
883 3823 1027 3885 οὐδὲν
1057 3824 1232 3907 ἕτερον
1269 3829 1414 3904 ὑμῶν
1432 3823 1754 3897 δεῖταιῆτὴν
1779 3827 1937 3884 αὑτοῦ

379 3916 594 3999 μιαρίαν
610 3918 680 3984 εἰς
699 3920 835 3994 ὑμᾶς
865 3913 1049 3982 αὐτοὺς
1076 3913 1342 3996 ἐκτρέψαι.
1371 3913 1562 3994 Ἡμεῖς
1589 3911 1644 3973 δὲ
1670 3917 1818 4001 ὑμῶν
1835 3913 1938 3972 δεό-

377 4012 512 4086 μεθα
527 4007 622 4082 μὲν
639 4003 804 4078 οὐδέν,
816 4000 1035 4081 λέγομεν
1056 4003 1101 4062 δ’
1125 4004 1266 4081 ὑμῖν,
1290 4005 1336 4062 εἰ
1361 4002 1496 4080 μήτε
1519 4005 1580 4063 ἐκ
1599 4005 1701 4062 τῶν
1725 4001 1937 4060 εἰκότων

318 4139 346 4180 5
377 4095 512 4176 μήτε
535 4099 595 4156 ix
616 4096 719 4154 τῶν
752 4090 1191 4174 μαρτυρουμένων
1210 4083 1354 4160 οὗτος
1381 4098 1470 4152 νῦν
1511 4092 1814 4172 ἐλέγχεται,
1844 4092 1939 4149 οὐκ

379 4185 518 4245 ἔστιν
541 4183 618 4243 ἔτι
632 4186 737 4242 τῶν
755 4178 1088 4258 διωκομένων
1110 4177 1325 4262 ἔλεγχος
1341 4181 1520 4248 οὐδείς.
1542 4182 1637 4261 (ιο)
1663 4177 1875 4245 Ἀδίκως
1893 4175 1941 4236 δ’

380 4269 740 4348 ἀπολυομένου
767 4268 952 4329 τούτου
980 4268 1062 4350 ὑφ’
1105 4272 1248 4345 ὑμῶν
1278 4274 1406 4347 ἡμῖν
1435 4267 1528 4346 μὲν
1557 4266 1941 4350 προστρόπαιος

379 4365 408 4421 ὁ
445 4357 721 4420 ἀποθανὼν
761 4358 856 4416 οὐκ
902 4354 1083 4429 ἔσται,
1122 4357 1243 4434 ὑμῖν
1274 4355 1327 4416 δὲ
1373 4355 1608 4434 ἐνθύμιος
1646 4355 1938 4434 γενήσεται·

381 4452 523 4531 σαφῆ
559 4448 652 4526 μὲν
682 4445 782 4527 γὰρ
828 4444 914 4504 τὸν
943 4444 1162 4504 θάνατον
1211 4443 1575 4522 γινώσκοντες,
1613 4448 1842 4527 φανερῶς
1883 4441 1940 4501 δὲ

379 4536 447 4597 τὰ
483 4535 607 4617 ἴχνη
635 4539 729 4607 τῆς
754 4532 978 4614 ὑποψίας
1019 4534 1091 4600 εἰς
1131 4537 1312 4592 τοῦτον
1355 4533 1612 4615 φέροντα,
1655 4536 1855 4600 πιστῶς
1883 4529 1939 4592 δὲ

380 4631 472 4686 τοῦ
517 4623 800 4684 ἀκολούθου
844 4626 1252 4704 μαρτυροῦντος,
1297 4625 1406 4690 πῶς
1442 4620 1506 4681 ἂν
1550 4621 1762 4689 δικαίως
1804 4623 1940 4680 ἀπο-

380 4709 552 4773 λύοιτε
581 4709 738 4770 αὐτόν
751 4735 768 4786 3
801 4710 889 4790 (11)
927 4712 1117 4772 Ταῦτα
1149 4700 1236 4769 οὗν
1259 4709 1449 4777 εἰδότες
1475 4714 1710 4791 βοηθεῖτε
1741 4709 1835 4788 μὲν
1863 4714 1939 4791 τῷ

302 4846 352 4884 ,ο
382 4799 723 4874 ἀποθανόντι,
751 4804 1060 4881 τιμωρεῖσθε
1088 4796 1142 4857 δὲ
1181 4797 1266 4856 τὸν
1303 4797 1715 4877 ἀποκτείναντα,
1748 4796 1938 4878 ἇγνεύ-

376 4912 456 4950 ετε
481 4887 536 4949 δὲ
561 4887 658 4962 τὴν
683 4887 852 4949 πόλιν.
934 4885 1074 4967 Τρία
1097 4885 1197 4967 γὰρ
1229 4885 1398 4965 ἀγαθὰ
1421 4885 1660 4968 πράξετε·
1690 4886 1941 4954 ἐλάσσους

382 4979 477 5057 μὲν
534 4977 656 5047 τοὺς
699 4976 1121 5042 ἐπιδουλεύοντας
1179 4975 1540 5049 καταστήσετε
1555 5021 1570 5049 ,
1624 4975 1831 5043 πλείους
1883 4974 1939 5034 δὲ

381 5065 499 5135 τοὺς
518 5064 616 5140 τὴν
641 5064 906 5126 εὖσέὸειαν
927 5060 1350 5140 ἐπιτηδεύοντας,
1381 5061 1704 5124 ἀπολύσεσθε
1728 5063 1772 5123 δ’
1795 5063 1939 5124 αὐτοὶ

381 5159 475 5228 τῆς
503 5153 634 5240 ὑπὲρ
657 5156 837 5216 τούτου
859 5150 1094 5235 μιαρίας.

977 5287 1344 5319 ψ

3284 401 3587 503 (ΜΞ-ω.)

2026 552 2216 616 bendae,
2232 552 2419 603 etiam
2437 562 2603 604 revera
2616 550 2877 616 aliquando
2894 551 3041 605 caedis
3052 551 3413 606 committenda
3432 556 3593 620 aliqua

2019 621 2185 671 lubido
2210 636 2291 672 eos
2329 621 2613 673 incessisset.
2680 623 2748 686 (4)
2778 627 2953 689 Neque.
2968 623 3143 675 rectius
3176 624 3343 676 famuli
3372 625 3591 676 testimo-

2020 695 2157 744 nium
2171 695 2377 744 elevant.
2443 699 2547 745 Non
2565 697 2695 744 enlm
2717 695 2766 745 in
2789 710 2847 746 eo
2866 709 3039 758 genere
3054 696 3443 747 testimoniorum
3463 696 3591 748 servi

2021 767 2273 816 tormentis
2311 765 2658 828 subjiciuntur,
2694 765 2779 816 sed
2812 767 2890 819 vel
2916 765 3139 818 libertate
3164 767 3407 818 donantur
3446 786 3461 818 ε
3502 765 3588 816 sed

2020 851 2173 902 quum
2196 839 2281 887 aut
2305 837 2482 888 conscii
2510 837 2638 888 beris
2668 837 2864 889 fuerunt
2888 840 2939 889 in
2968 840 3169 890 furando
3184 843 3271 890 aut
3296 839 3425 888 hirta
3447 839 3593 889 bero·

2024 919 2131 958 rum
2158 906 2409 956 infitiando
2447 908 2603 958 celare
2622 911 3001 968 conantur,tu1n
3023 909 3229 973 equuleo
3263 908 3366 958 veri
3400 909 3593 958 contes-

2020 977 2203 1028 sionem
2226 992 2289 1028 ex
2328 978 2385 1028 iis
2410 979 2680 1042 exprimere
2714 979 2981 1032 studemus.
3052 982 3120 1043 (5)
3144 980 3303 1030 Etiam
3324 980 3415 1030 boc
3442 992 3591 1041 nego,

2023 1051 2339 1103 verosimilius
2367 1064 2468 1101 esse
2488 1064 2516 1100 a
2546 1050 2679 1101 caede
2702 1053 2933 1115 patranda
2948 1066 3001 1103 se
3018 1051 3223 1104 abfuisse
3236 1089 3251 1115 ,
3274 1064 3423 1114 quam
3449 1050 3494 1100 ei
3516 1050 3593 1099 in-

2020 1122 2256 1172 terfuisse.
2322 1125 2443 1172 Nam
2462 1121 2499 1172 si
2522 1122 2779 1184 abfuisset,
2803 1123 3071 1186 periculum
3085 1123 3283 1186 quidem
3302 1121 3429 1177 idem
3450 1133 3594 1183 pror-

2023 1203 2105 1241 sus
2123 1191 2295 1242 absens
2310 1205 2369 1242 ac
2388 1205 2597 1255 praesens
2613 1193 2835 1243 subiisset
2856 1197 2871 1254 (
2891 1194 3173 1246 sicariorum
3183 1193 3311 1243 enim
3330 1193 3490 1257 quivis
3504 1192 3593 1242 de-

2022 1265 2284 1326 prehensus
2306 1263 2366 1314 ab
2390 1264 2471 1314 illo
2492 1267 2703 1314 structas
2734 1278 2843 1316 esso
2869 1265 3063 1316 insidias
3084 1265 3319 1328 arguisset
3340 1265 3386 1325 ),
3410 1267 3463 1313 at
3489 1276 3597 1312 rem

2022 1335 2173 1396 ipsam
2194 1335 2333 1397 longe
2348 1333 2605 1384 incertiore
2624 1339 2801 1386 eventu
2828 1336 3081 1398 peregisset
3112 1349 3126 1384 ε
3150 1348 3296 1388 nemo
3318 1334 3447 1388 euim
3476 1333 3595 1385 suis-

2022 1408 2097 1454 set
2116 1407 2428 1469 praesentium
2460 1407 2579 1470 quin
2603 1408 2801 1458 absente
2819 1410 3017 1457 auctore
3043 1407 3235 1469 segnius
3260 1407 3385 1456 esset
3408 1404 3597 1456 facinus

2024 1489 2283 1538 aggressus.
2354 1479 2420 1538 (6)
2441 1481 2552 1531 Jam
2572 1491 2687 1530 vero
2716 1479 3001 1542 periculum,
3022 1476 3156 1541 quod
3178 1477 3268 1542 ipsi
3285 1489 3315 1525 a
3346 1487 3491 1526 causa
3514 1487 3595 1525 sa-

2024 1547 2201 1610 crilegii
2216 1547 2531 1598 imminuisset
2547 1585 2562 1611 ,
2582 1563 2679 1598 non
2698 1550 2861 1599 minus
2877 1549 2959 1600 sed
2978 1549 3171 1612 gravius
3192 1547 3351 1597 multo
3374 1549 3425 1601 et
3440 1545 3598 1598 horri-

2024 1616 2165 1667 bilius
2198 1618 2419 1668 mturum
2456 1619 2603 1669 fuisse
2636 1631 2783 1682 quam
2808 1620 2937 1670 banc
2968 1631 3195 1682 musam,
3232 1617 3595 1668 demonstrabo.

2025 1688 2313 1739 Discrimina
2344 1692 2394 1739 et
2424 1690 2837 1742 condemnationis
2876 1694 2927 1742 et
2956 1689 3269 1742 absolutionis
3302 1689 3355 1739 in
3386 1689 3598 1751 utraque

2024 1773 2169 1811 causa
2187 1773 2423 1825 ponamus
2440 1761 2590 1824 paria.
2658 1762 2901 1825 sacrilegii
2922 1775 3117 1813 causam
3138 1763 3241 1812 i'ore
3258 1761 3315 1813 ut
3330 1773 3432 1812 nou
3452 1757 3596 1810 indu·

2026 1834 2235 1894 ceretur,
2260 1844 2367 1895 spes
2384 1832 2517 1882 nulla
2535 1846 2732 1895 prorsus
2749 1835 2882 1896 erat,
2898 1833 2937 1883 si
2955 1834 3057 1883 vita
3074 1831 3270 1882 inimico
3288 1831 3475 1882 diutius
3486 1841 3597 1892 pro·

2026 1902 2299 1962 rogat-etun
2339 1899 2479 1949 aliter
2513 1903 2642 1952 enim
2686 1915 2785 1952 nou
2820 1901 3075 1951 struxisset
3109 1899 3155 1949 ei
3186 1897 3381 1950 iusidias
3408 1918 3421 1948 ι
3468 1898 3599 1949 hanc

2025 1981 2143 2018 vero
2177 1965 2420 2018 homicidii
2456 1969 2811 2022 accusationem
2856 1970 2915 2018 ut
2948 1967 3185 2030 effugeret
3201 2003 3217 2029 ,
3244 1966 3351 2017 erat
3374 1963 3599 2028 sperandi

2028 2049 2172 2088 causa
2186 2034 2473 2099 probabilis;
2492 2034 2597 2085 fieri
2613 2037 2743 2088 enim
2768 2038 2957 2101 poterat
2974 2039 3029 2087 ut
3046 2036 3099 2085 in
3125 2033 3319 2086 occulto
3346 2033 3597 2091 manci-et,

2026 2121 2057 2157 a
2074 2120 2125 2156 se
2142 2106 2323 2157 caedem
2343 2105 2487 2156 ruisse
2503 2110 2589 2156 aut
2599 2106 2783 2169 jussam
2800 2108 2887 2158 aut
2906 2109 3163 2171 patratam.
3224 2107 3292 2169 (7)
3316 2108 3483 2168 Porro,
3508 2119 3599 2174 po·

2026 2175 2226 2238 stulans,
2236 2179 2489 2239 propterea
2500 2177 2633 2240 quod
2649 2177 2855 2240 suspicio
2869 2176 3017 2226 caedis
3033 2189 3129 2226 non
3143 2175 3469 2238 improbabilis
3481 2175 3598 2224 inse

2026 2244 2267 2307 incurrat,
2290 2258 2388 2294 non
2410 2244 2517 2294 ideo
2552 2246 2716 2295 statim
2751 2246 2813 2296 ab
2844 2245 2977 2298 illius
3004 2243 3289 2307 suspicionis
3326 2245 3431 2293 tota
3462 2243 3597 2294 mole

2026 2309 3599 2440 tiiiffllztsiifflmpsliiifflszss’stetistis

2024 2441 2129 2490 tere
2165 2443 2347 2504 valuit,
2379 2413 2645 2494 necessario
2696 2447 3068 2506 consequeretur
3085 2475 3102 2500 ‚
3156 2441 3431 2492 insidiatum
3476 2441 3597 2492 vitai

2028 2511 2258 2570 perempti
2290 2510 2533 2560 neminem
2566 2511 2709 2561 fuisse
2739 2531 2751 2561 ε
2784 2511 2963 2576 quippe
2988 2524 3133 2561 nemo
3157 2523 3255 2560 non
3284 2523 3478 2574 eorum,
3504 2513 3597 2574 qui

2026 2575 2187 2625 minus
2217 2577 2335 2638 sibi,
2367 2591 2511 2641 quam
2544 2579 2623 2627 hie
2642 2592 2777 2640 reus,
2804 2592 2835 2627 a
2864 2582 3115 2641 perempto
3140 2577 3447 2641 metuebant,
3474 2591 3595 2630 cen·

2026 2641 2203 2693 sendus
2230 2646 2302 2692 est
2329 2644 2490 2694 minus
2512 2645 2691 2696 inimici
2712 2645 2857 2708 capiti
2888 2645 3033 2696 misse
3056 2643 3306 2696 insidiatus
3327 2657 3475 2706 quam
3492 2645 3594 2696 hic.

2030 2709 2098 2771 (8)
2124 2710 2515 2761 contributiones
2547 2725 2691 2774 porro
2715 2713 2765 2761 et
2788 2712 3061 2773 largitiones
3084 2712 3133 2760 in
3165 2711 3513 2773 rempublicam
3542 2713 3599 2761 et

2027 2776 2336 2840 choregatus,
2360 2779 2474 2828 sunt
2498 2777 2577 2827 illa
2600 2779 2797 2840 quidem
2822 2778 3001 2828 indicia
3020 2778 3167 2828 lautae
3198 2781 3247 2828 et
3272 2777 3427 2828 beatae
3444 2778 3595 2839 νῆες

2028 2857 2197 2892 verum
2210 2879 2224 2904 ‚
2244 2846 2302 2893 ut
2317 2843 2606 2893 documento
2634 2845 2728 2894 sint
2750 2844 2811 2893 ab
2838 2846 2940 2907 ipso
2963 2843 3144 2894 caedem
3166 2844 3471 2894 commissam
3492 2856 3598 2892 non

2026 2923 2157 2971 esse,
2174 2913 2367 2960 tantum
2392 2911 2555 2973 abest,
2590 2912 2645 2961 ut
2667 2912 2829 2975 potius
2846 2911 3143 2962 contrarium
3160 2911 3442 2974 approbent.
3468 2913 3599 2962 Nam
3654 2976 3663 2982 .

2026 2979 2109 3031 illa
2128 2978 2227 3040 ipsa
2244 2979 2549 3028 fortunarum
2571 2978 2839 3040 amplitudo
2862 2983 3048 3028 metum
3068 2978 3115 3030 ei
3136 2978 3393 3052 injiciebat,
3423 2991 3485 3028 ne
3504 2990 3601 3040 per

2028 3043 2158 3093 bunc
2172 3045 2477 3107 peremptum
2494 3057 2601 3094 eam
2620 3044 2888 3105 amitteret3
2918 3045 3295 3094 consentaneum
3324 3041 3469 3104 igitur
3484 3045 3594 3104 est,

2026 3110 2117 3159 etsi
2134 3109 2331 3159 scelesta
2351 3123 2425 3159 res
2442 3111 2535 3168 est,
2556 3123 2667 3158 eum
2682 3111 2745 3159 ab
2764 3109 2857 3159 hoc
2873 3109 3198 3159 interfectum.
3264 3111 3411 3157 Porro
3428 3107 3605 3158 dicens

2022 3176 2133 3239 jure
2165 3175 2430 3225 homicidas
2460 3175 2625 3224 baberi
2654 3189 2753 3226 non
2774 3189 2858 3226 eos
2880 3175 2963 3240 qui
2999 3174 3212 3238 speciosa
3247 3171 3456 3236 quadam
3488 3173 3604 3234 eius

2026 3242 2295 3304 suspicione
2320 3243 2617 3304 premantur,
2644 3241 2729 3292 sed
2756 3241 2839 3306 qui
2866 3254 3031 3304 reapse
3056 3240 3279 3290 manibus
3298 3238 3567 3289 occiderint
3580 3274 3599 3299 ,

2028 3311 2159 3358 recte
2185 3307 2381 3369 quidem
2406 3307 2467 3356 de
2489 3307 2780 3356 occisoribus
2807 3307 2880 3356 bis
2905 3306 3073 3357 definit
3096 3323 3108 3355 :
3135 3319 3305 3356 verum
3336 3305 3599 3354 manifesto

2026 3373 2375 3426 ostendendum
2398 3375 2501 3422 erat
2524 3373 2723 3436 quinam
2742 3372 2921 3424 fuerint
2940 3374 3084 3436 buius
3108 3371 3252 3422 caedis
3280 3373 3553 3436 patratores
3578 3390 3594 3420 ε

2026 3437 2078 3489 hi
2096 3441 2250 3491 donec
2271 3441 2662 3491 demonstrentur
2676 3477 2692 3502 ‚
2718 3454 2830 3490 reus
2851 3440 2932 3490 hic
2952 3441 3246 3504 argumentis
3262 3451 3465 3490 summm
3480 3451 3599 3500 pro·

2028 3506 2291 3559 habilitatis
2315 3511 2598 3571 coargutus,
2622 3509 2753 3558 recte
2780 3507 3039 3558 habebitur
3060 3507 3325 3568 homicida,
3342 3508 3395 3556 et
3410 3508 3601 3569 praeter

2028 3588 2141 3626 eum
2162 3589 2306 3627 nemo
2324 3577 2463 3626 alius.
2530 3575 2782 3639 Eiusmodi
2797 3575 2928 3628 enim
2950 3589 3027 3628 res
3046 3588 3145 3626 non
3168 3587 3335 3628 coram
3354 3571 3564 3634 testibus
3578 3609 3597 3636 ,

2028 3645 2180 3696 sedin
2198 3646 2392 3696 occulto
2410 3646 2681 3709 patrantur.

2090 3742 2137 3786 9.
2173 3735 2337 3784 Palam
2352 3734 2516 3797 ltaque
2528 3745 2683 3797 quum
2706 3745 2817 3786 reus
2842 3747 2927 3796 per
2944 3733 3097 3796 ipsam
3114 3745 3251 3782 sliam
3268 3731 3601 3783 defensionem

2029 3803 2318 3868 prodiderit,
2354 3803 2537 3854 coedem
2570 3803 2697 3853 hanc
2730 3817 2761 3853 a
2795 3816 2847 3853 se
2880 3803 3115 3866 patratam
3140 3815 3243 3852 esse
3282 3816 3297 3851 ε
3334 3801 3452 3852 nibil
3494 3802 3603 3864 agit

2029 3874 2188 3937 aliud,
2214 3887 2363 3938 quam
2382 3875 2439 3924 ut
2455 3889 2543 3925 vos
2560 3876 2695 3936 roget
2720 3875 2775 3925 ut
2792 3873 3036 3936 piaculum
3063 3887 3205 3922 suum
3232 3886 3261 3922 a
3282 3886 3335 3924 se
3358 3872 3410 3921 in
3434 3872 3602 3934 capita

2030 3946 2189 3994 vestra
2205 3944 2461 4011 transferre
2488 3944 2661 3993 velitis.
2728 3945 2827 3993 Nos
2844 3955 2959 3992 vero
2975 3956 3006 3993 a
3022 3943 3163 3992 vobis
3184 3941 3304 3992 nibil
3328 3941 3601 4005 quit-‚quam

2030 4013 2251 4077 precibus
2274 4015 2534 4078 impetrare
2550 4014 2799 4065 studemus
2828 4013 3162 4064 :declaramus
3180 4015 3373 4063 tantum
3398 4029 3412 4061 ε
3432 4013 3473 4062 εἰ
3500 4025 3599 4063 ue·

2030 4097 2127 4147 que
2157 4084 2430 4147 probabiles
2454 4086 2583 4136 notae
2606 4085 2786 4148 quibus
2809 4083 2891 4134 bic
2916 4083 3157 4144 obruitur,
3192 4095 3352 4145 neque
3376 4081 3600 4132 testimo-

2028 4155 2220 4205 niorum
2245 4155 2553 4206 auctoritates
2577 4156 2693 4206 satis
2708 4155 2771 4206 ad
2788 4155 3143 4216 coarguendum
3161 4153 3356 4215 valent,
3381 4165 3522 4202 nemo
3542 4153 3599 4204 in

2030 4229 2275 4289 posterum
2307 4240 2499 4281 reorum
2530 4227 2746 4275 omnium
2775 4226 2950 4288 poterit
2980 4224 3217 4275 convinci.
3284 4225 3383 4286 (lo)
3412 4223 3599 4281 Quodsi

2031 4311 2141 4360 ergo
2155 4297 2287 4346 hunc
2299 4297 2554 4348 absolvatis
2568 4296 2649 4357 (id
2664 4295 2795 4360 quod
2805 4309 2889 4358 per
2904 4307 3143 4347 summam
3161 4294 3387 4357 iniuriam
3404 4293 3539 4345 fleret
3548 4295 3595 4360 ),

2029 4370 2243 4420 destructi
2267 4382 2434 4419 manes
2470 4369 2613 4419 nobis
2636 4367 2835 4433 quidem
2861 4367 3018 4429 pacati
3052 4367 3221 4427 erunt;
3260 4365 3398 4418 vobis
3426 4369 3597 4417 autem

2030 4441 2171 4492 valde
2192 4453 2363 4490 vereor
2394 4451 2458 4490 ne
2477 4441 2669 4500 tempus
2700 4436 2860 4489 veniat
2892 4450 2991 4500 quo
3018 4447 3182 4488 manes
3204 4434 3277 4486 illi
3302 4436 3595 4488 sollicitudi-

2030 4526 2116 4564 noe
2146 4515 2195 4564 et
2218 4512 2519 4561 conscientiae
2538 4510 2781 4561 cruciatus
2806 4509 3038 4571 injiciant.
3106 4509 3249 4559 Plane
3268 4510 3457 4558 constat
3478 4521 3596 4572 per-

2030 4587 2248 4647 emptum
2280 4582 2411 4632 huuc
2436 4595 2538 4632 esse
2562 4601 2575 4632 ε
2605 4580 2801 4643 vestigia
2830 4579 2973 4632 caedis
2994 4579 3154 4628 omnia
3184 4577 3246 4628 ad
3273 4578 3409 4630 illum
3436 4592 3595 4632 unum

2030 4667 2169 4705 reum
2186 4654 2408 4704 deserunt
2433 4672 2447 4703 z
2476 4653 2686 4703 tumulus
2704 4651 2965 4702 testimonii
2986 4650 3133 4700 Iidem
3156 4650 3319 4700 attulit
3339 4670 3353 4700 ε
3369 4651 3472 4712 jam
3489 4664 3595 4713 quo

2030 4725 2227 4775 tandem
2247 4737 2334 4774 vos
2356 4724 2465 4786 iure
2485 4724 2617 4774 hunc
2643 4721 2935 4774 absolvatis?
2998 4723 3095 4782 (ιι)
3119 4725 3237 4771 Haec
3253 4720 3400 4784 igitur
3416 4725 3595 4772 tenen,

2029 4798 2105 4848 tes
2133 4799 2322 4858 mente,
2358 4794 2621 4846 succurrite
2660 4793 2891 4844 defuncto
2907 4829 2922 4856 ,
2951 4793 3120 4855 punite
3160 4792 3453 4842 homicidam
3467 4828 3482 4853 ,
3516 4807 3597 4845 re-

2029 4873 2231 4934 purgate
2244 4868 2489 4918 civitatem
2507 4880 2535 4915 a
2558 4866 2767 4930 piaculo.
2830 4867 2939 4922 Quo
2954 4877 3053 4914 uno
3070 4863 3198 4914 iacto
3214 4862 3393 4926 triplex
3406 4863 3595 4915 bonum

2030 4936 2245 4990 eiiieietis
2271 4957 2284 4988 z
2318 4937 2545 4987 minuetis
2566 4948 2822 4986 numerum
2844 4935 3171 4984 maleficorum
3198 4934 3364 4984 alienis
3386 4933 3597 4984 fortunis

2030 5011 2177 5072 atque
2200 5007 2445 5072 spiritibus
2482 5006 2839 5067 insidiantium;
2876 5005 3111 5068 augebitis
3139 5017 3398 5055 numerum
3426 5005 3593 5061 bomi-

2034 5093 2149 5131 num
2188 5080 2516 5142 religiosorum
2526 5093 2544 5142 ;
2566 5078 2808 5128 maculam
2828 5076 3087 5140 impietatis
3107 5076 3196 5140 ipsi
3222 5076 3397 5128 vestris
3416 5089 3447 5127 a
3480 5088 3593 5126 ma·

2027 5151 2169 5202 nibus
2188 5149 2485 5213 abstergens.

2628 5286 2995 5321 -ι-νοοοςν-

3768 0 3791 444 l
