3825 5842
519 476 594 528 28
1280 458 1786 522 ΑΝΤΙΦΩΝΤΟΣ
1825 461 1878 519 0
1920 459 2103 521 ΠΕΡΙ
2142 461 2299 523 ΤΟΥ
2338 465 2647 530 ΗΡΩΔΟΥ
2686 469 2973 531 ΦΟΝΟΥ.

440 638 491 679 10
513 604 604 665 καὶ
631 605 726 665 οὐκ
757 598 936 669 alcea<
967 598 1152 661 πάλιν·
1186 597 1290 678 ἐγὼ
1326 598 1382 659 δὲ
1408 599 1468 658 τὸ
1489 597 1743 683 παράπαν
1768 600 1860 659 οὔκ
1888 598 2069 673 tite-qv

515 698 605 753 τοῦ
629 691 811 752 πλοίου
833 695 926 763 τῆς
943 689 1122 755 νυκτὸς
1142 686 1358 760 ἐκείνης.
1403 690 1489 766 Τῇ
1520 689 1564 745 δ’
1591 687 1857 770 ὑστεραία,
1885 686 2070 760 ἐπειδὴ

518 778 718 862 ἀφανὴς
741 770 804 851 ἦν
835 780 864 835 ὁ
903 774 1060 855 ἀνήρ,
1090 778 1318 849 ἐζητεῖτο
1345 776 1493 835 οὐδέν
1526 799 1579 835 τι
1602 778 1802 853 μᾶλλον
1825 775 1933 834 ὑπὸ
1968 778 2071 834 τῶν

518 868 690 928 ἄλλων
716 865 752 938 ἢ
769 863 858 925 καὶ
881 868 970 923 ὑπ’
997 865 1124 941 ἐμοῦ
1141 886 1156 901 ·
1177 863 1268 923 καὶ
1291 862 1428 944 εἴτῳ
1455 867 1559 922 τῶν
1587 864 1759 922 ἄλλων
1776 862 1941 923 ἐδόκει
1963 865 2073 923 δει-

515 954 602 1015 νὸν
625 946 787 1032 εἶναι,
810 952 903 1013 καὶ
925 950 1042 1029 ἐμοὶ
1072 952 1281 1030 ὁμοίως.
1329 950 1438 1013 Καὶ
1466 951 1538 1019 ε’ίς
1557 975 1616 1011 τε
1648 951 1745 1023 τὴν
1767 950 2071 1024 Μυτιλήνην

516 1042 620 1123 ἐγὼ
653 1042 812 1109 αἴτιος
837 1034 904 1114 ἦν
928 1046 1228 1122 πεμφθῆναι
1259 1041 1497 1121 ἄγγελον,
1531 1039 1623 1099 καὶ
1661 1044 1727 1120 τῇ
1761 1042 1864 1119 ἐμῇ
1887 1039 2071 1119 γνώμῃ

437 1150 487 1189 ιο
515 1129 797 1208 ἐπέμπετο.
885 1129 978 1208 (24)
1020 1128 1130 1190 Καὶ
1185 1128 1346 1188 ἄλλου
1388 1126 1589 1197 οὗδενὸς
1621 1128 1876 1195 ἐθέλοντος
1926 1126 2075 1207 βαδί-

515 1222 642 1297 ζειν,
663 1219 778 1279 οὔτε
795 1220 898 1277 τῶν
913 1216 1018 1276 ἀπὸ
1039 1222 1130 1278 τοῦ
1143 1216 1326 1278 πλοίου
1345 1215 1462 1276 οὔτε
1479 1220 1583 1275 τῶν
1609 1219 1748 1297 αὐτῷ
1767 1219 1842 1297 τῷ
1857 1215 2071 1297 Ἡρώδῃ

513 1306 904 1387 συμπλεόντων,
928 1303 1034 1385 ἐγὼ
1059 1307 1147 1366 τὸν
1179 1307 1456 1368 ἀκόλουθον
1486 1304 1573 1365 τὸν
1601 1309 1828 1384 ἐμαυτοῦ
1845 1304 2073 1383 πέμπειν

513 1396 719 1476 ἕτοιμος
745 1388 808 1469 ἦν
825 1419 841 1434 ·
869 1395 1040 1456 καίτοι
1064 1418 1126 1475 γε
1165 1397 1225 1454 οὗ
1262 1394 1430 1466 δήπου
1459 1394 1550 1453 καὶ
1583 1396 1809 1472 ἐμαυτοῦ
1839 1392 2074 1472 μηνυτὴν

515 1483 748 1564 ἔπεμπον
767 1482 932 1552 εἰδώς.
1017 1481 1236 1555 Ἐπειδὴ
1249 1482 1343 1542 δὲὸ
1364 1481 1495 1564 ἀνὴρ
1513 1481 1630 1542 οὕτε
1650 1486 1778 1562 ἐντ’-ᾖ
1799 1474 2072 1562 Μυτιλήνῃ

514 1572 752 1653 ἐφαίνετο
774 1570 1084 1649 ζητούμενος
1098 1569 1206 1631 οὔτ’
1225 1570 1408 1630 ἄλλοθι
1435 1572 1690 1648 οὐδαμοῦ,
1709 1572 1931 1638 πλοῦςτε
1945 1574 2073 1648 ἡμῖν

515 1660 732 1739 ἐγίνετο,
752 1657 845 1719 καὶ
860 1650 1008 1718 τᾶλλ’
1024 1658 1244 1736 ἀνήγετο
1259 1659 1416 1718 πλοῖα
1433 1660 1665 1732 ἅπαντα,
1687 1656 1907 1739 ᾠχόμην
1925 1658 2073 1736 κάγὼ

434 1768 489 1809 ao
516 1747 708 1811 πλέων.
782 1746 995 1813 Τούτων
1010 1747 1055 1807 δ’
1073 1747 1194 1825 ὑμῖν
1213 1746 1331 1815 τοὺς
1347 1745 1614 1829 μάρτυρας
1631 1746 2071 1828 παρασχήσομαι.

1129 1869 1478 1917 uAPTrPEts

594 1980 667 2023 aa.
711 1959 798 2022 Τὰ
827 1957 920 2037 μὲν
947 1956 1200 2039 γενόμενα
1228 1960 1376 2016 ταῦτ’
1398 1956 1564 2017 ἐστίν·
1594 1958 1653 2017 ἐκ
1675 1954 1730 2017 δὲ
1751 1955 1948 2016 τούτων
1969 1957 2071 2031 ἤδη

515 2053 758 2109 σκοπεῖτε
812 2046 880 2107 τὰ
929 2046 1124 2107 εἰκότα.
1208 2044 1429 2127 Πρῶτον
1461 2044 1556 2124 μὲν
1598 2048 1700 2126 γὰρ
1731 2045 1852 2127 πρὶν
1883 2045 2071 2124 ἀνάγε-

515 2137 634 2198 σθαί
647 2160 714 2217 με
733 2140 803 2206 εἷς
815 2135 908 2209 τὴν
923 2126 1098 2211 Αἶνον,
1113 2134 1198 2194 ὅτε
1217 2126 1282 2207 ἦν
1307 2133 1510 2216 ἀφανὴς
1523 2138 1552 2193 ὁ
1569 2134 1719 2215 ἀνήρ,
1737 2133 1899 2202 οὐδεὶς
1918 2133 2073 2214 ᾐτιά·

515 2225 646 2286 σατό
666 2250 732 2304 με
759 2222 1064 2307 ἀνθρώπων,
1091 2224 1193 2297 ἤδη
1215 2222 1564 2300 πεπυσμένων
1612 2220 1809 2281 τούτων
1838 2220 1933 2293 τὴν
1968 2226 2067 2303 ἀγ-

512 2313 720 2396 γελίαν·
755 2316 816 2374 οὗ
845 2313 945 2394 γὰρ
974 2312 1037 2374 ἄν
1065 2334 1192 2373 ποτε
1216 2310 1437 2394 ᾠχόμην
1479 2308 1679 2370 πλέων·
1728 2312 1848 2369 ἀλλ’
1877 2311 1949 2378 εἰς
1977 2309 2072 2389 μὲν

512 2404 574 2464 τὸ
616 2405 948 2483 παραχρῆμα
995 2401 1232 2481 κρεῖσσον
1268 2390 1331 2471 ἧν
1352 2398 1414 2458 τὸ
1437 2397 1624 2471 ἀληθὲς
1653 2398 1827 2458 καὶτὸ
1850 2421 2066 2478 γεγενη-

430 2520 484 2560 2⁵
513 2490 664 2571 μένον
688 2496 780 2565 τ’ῆς
805 2488 1004 2549 τούτων
1031 2488 1323 2563 αῖτιάσεως,
1361 2485 1454 2547 καὶ
1502 2485 1616 2565 ἅμα
1642 2484 1744 2563 ἐγὼ
1775 2484 1851 2546 ἔτι
1880 2487 2072 2560 ἐπεδή-

515 2601 669 2659 μουν·
689 2576 869 2651 ἐπειδὴ
893 2577 947 2637 δὲ
972 2576 1075 2657 ἐγώ
1091 2600 1152 2636 τε
1172 2577 1391 2660 ᾠχόμην
1411 2573 1582 2635 πλέων
1601 2575 1692 2635 καὶ
1713 2566 1851 2635 οὗτοι
1879 2574 1933 2644 ἐξ
1958 2577 2073 2635 ἐπι-

515 2670 704 2741 ὅουλῆς
733 2664 1007 2727 συνέθεσαν
1033 2669 1202 2724 ταῦτα
1222 2663 1311 2722 καὶ
1339 2663 1743 2744 ἐμηχανήσαντο
1765 2666 1882 2722 κατ’
1918 2666 2069 2742 ἐμοῦ,

512 2758 630 2819 τότε
675 2756 981 2838 ᾐτιάσαντο.
1063 2754 1158 2834 (aa)
1214 2752 1442 2833 Λέγουσι
1477 2750 1532 2812 δὲ
1559 2756 1630 2819 ὡς
1669 2752 1723 2809 ἐν
1762 2750 1858 2829 μὲν
1896 2757 1963 2833 τῇ
2002 2758 2071 2834 γῇ

513 2846 767 2907 ἀπέθανεν
795 2850 824 2907 δ
847 2844 997 2927 ἀνήρ,
1026 2843 1174 2924 κάγὼ
1221 2843 1365 2903 λίθον
1407 2841 1656 2902 ἐνέόαλον
1689 2842 1834 2923 αὐτῷ
1877 2844 1950 2911 εἷς
1976 2841 2070 2916 τὴν

512 2935 764 3017 κεφαλήν,
779 2933 832 3002 ὃς
853 2936 948 2995 οὐκ
975 2932 1156 3005 ἐξέὸην
1176 2928 1237 2990 τὸ
1259 2929 1513 3011 παράπαν
1537 2931 1597 2989 ἐκ
1621 2935 1712 2989 τοῦ
1731 2928 1932 2989 πλοίου.
1962 2930 2073 2991 Καὶ

513 3030 664 3084 τοῦτο
703 3022 796 3103 μὲν
827 3022 1054 3104 ἀκριὸῶς
1085 3011 1226 3080 οὗτοι
1253 3018 1459 3079 ἴσασιν·
1489 3018 1628 3086 ὅπως
1667 3019 1715 3076 δ’
1743 3017 2003 3100 ἠφανίσθη
2043 3021 2072 3078 ὁ

513 3112 665 3194 ἀνήρ,
693 3110 860 3172 ofiani
872 3109 1011 3192 λόγῳ
1030 3107 1192 3169 εἰκότι
1219 3106 1465 3168 δύνανται
1484 3106 1812 3189 ἀποφαίνειν.
1897 3110 2071 3181 Δῆλον

409 3192 485 3263 'ao
511 3200 613 3281 γὰρ
641 3199 722 3260 ὅτι
765 3197 917 3278 ἐγγύς
945 3221 1046 3257 που
1074 3202 1167 3257 τοῦ
1195 3197 1400 3274 λιμένος
1439 3195 1572 3263 εἰκὸς
1627 3186 1690 3267 ἦν
1719 3200 1871 3254 τοῦτο
1898 3195 2070 3275 γίγνει·

515 3294 661 3362 σθαι,
688 3294 844 3347 τοῦτο
869 3285 963 3366 μὲν
980 3286 1250 3365 μεθύοντος
1263 3291 1352 3345 τοῦ
1377 3284 1580 3366 ἀνδρός,
1612 3290 1764 3343 τοῦτο
1787 3282 1842 3343 δὲ
1867 3284 2071 3367 νύκτωρ

515 3375 762 3443 ἐκὸάντος
788 3378 847 3434 ἐκ
873 3380 962 3433 τοῦ
992 3372 1173 3434 πλοίου
1191 3371 1338 3432 ·οὔτε
1354 3370 1457 3452 γὰρ
1481 3375 1639 3431 αὑτοῦ
1685 3378 1896 3450 κρατεῖν
1944 3368 2072 3436 ἴσως

516 3464 580 3525 ἂν
605 3463 836 3536 ἐδύνατο,
861 3462 979 3522 οὔτε
1003 3466 1079 3545 τῷ
1105 3460 1364 3541 ἀπάγοντι
1403 3458 1606 3541 νύκτωρ
1639 3458 1844 3540 μακρὰν
1879 3458 1995 3518 ὁδὸν
2036 3465 2070 3532 ἡ

513 3552 768 3635 πρόφασις
791 3551 855 3612 ἂν
880 3551 1093 3618 εἰκότως
1124 3550 1380 3628 ἐγίγνετο·
1412 3549 1502 3627 (27)
1543 3547 1858 3625 ζητουμένου
1883 3546 1941 3606 δὲ
1978 3552 2071 3607 τοῦ

516 3641 697 3723 ἀνδρὸς
714 3640 804 3701 δύο
826 3640 1028 3720 ἡμέρας
1054 3642 1106 3699 ἐν
1135 3642 1209 3719 τῷ
1233 3635 1407 3715 λιμένι
1451 3635 1541 3695 καὶ
1571 3635 1776 3695 ἄπωθεν
1802 3640 1892 3694 τοῦ
1914 3635 2071 3711 λιμέ-

514 3754 626 3808 νος,
648 3728 766 3788 οὔτε
789 3727 955 3808 ὀπτὴρ
983 3726 1148 3795 οὐδεὶς
1174 3725 1336 3808 ἐφάνη
1356 3724 1462 3784 οὔθ’
1493 3714 1627 3803 αἷμα
1673 3724 1781 3783 οὔτ’
1806 3723 1937 3783 ἄλλο
1964 3746 2069 3797 ση-

431 3842 488 3881 aa
515 3819 658 3896 μεῖον
691 3816 855 3881 οὐδέν.
963 3806 1100 3899 Κᾷτ’
1125 3813 1228 3895 ἐγὼ
1272 3817 1530 3895 συγχωρῶ
1571 3818 1646 3895 τῷ
1671 3812 1867 3873 τούτων
1900 3812 2068 3894 λόγῳ,

513 3906 870 3988 παρεχόμενος
903 3906 998 3984 μὲν
1026 3903 1144 3972 τοὺς
1168 3902 1435 3984 μάρτυρας
1460 3904 1530 3969 ὥς
1557 3903 1651 3961 οὐκ
1674 3900 1854 3975 ἐξέὸην
1898 3904 1958 3960 ἐκ
1979 3906 2071 3960 τοῦ

512 3994 721 4056 πλοίου·
751 3996 796 4053 εἰ
819 3993 873 4053 δὲ
901 3991 991 4053 καὶ
1013 3996 1085 4059 ὡς
1113 3991 1345 4068 μάλιστα
1368 3988 1548 4063 ἐξέὸην
1572 3992 1633 4051 ἐκ
1655 3996 1744 4051 τοῦ
1759 3988 1962 4062 πλοίου,
1984 3991 2065 4048 οὗ·

514 4083 621 4144 &vl
639 4083 816 4165 τρόπῳ
843 4082 982 4149 εἰκὸς
1007 4072 1071 4154 ἦν
1096 4079 1444 4161 ἀφανισθέντα
1472 4079 1649 4138 λαθεῖν
1671 4077 1760 4138 τὸν
1784 4077 2072 4158 ἄνθρωπον,

515 4171 660 4252 εἴπερ
685 4169 760 4250 μὴ
778 4168 917 4230 πάνυ
935 4169 1118 4251 πόρρω
1141 4171 1372 4241 ἀπῆλθεν
1388 4167 1494 4227 ἀπὸ
1515 4171 1609 4240 τῆς
1623 4166 1908 4239 θαλάσσης.
1978 4165 2069 4244 (28)

517 4258 654 4318 Ἀλλ’
681 4262 750 4325 ὥς
769 4256 1135 4329 κατεποντώθη
1162 4257 1416 4335 λέγουσιν.
1500 4256 1594 4317 Ἐν
1623 4256 1725 4315 τίνι
1751 4255 1947 4336 πλοίῳ;
1972 4255 2071 4326 δῆ-

517 4348 606 4405 λον
630 4342 732 4424 γὰρ
751 4343 831 4405 ὅτι
853 4344 906 4414 ἐξ
936 4346 1093 4403 αὐτοῦ
1107 4350 1202 4403 τοῦ
1231 4344 1439 4422 λιμένος
1481 4336 1545 4417 ἧν
1573 4343 1633 4403 τὸ
1657 4345 1861 4405 πλοῖον.
1947 4346 2073 4411 Πῶς

519 4432 582 4493 ἂν
605 4423 692 4492 οὖν
711 4434 808 4492 οὐκ
832 4431 1070 4513 ἐξευρέθη
1092 4452 1111 4506 3
1144 4432 1236 4491 καὶ
1259 4433 1364 4510 μὴν
1394 4431 1530 4499 εἰκός
1567 4454 1629 4511 γε
1653 4423 1718 4505 ἦν
1743 4430 1833 4490 καὶ
1857 4428 2071 4508 σημεῖόν

515 4544 566 4579 τι
588 4518 826 4599 γενέσθαι
844 4522 896 4580 ἐν
916 4523 993 4600 τῷ
1014 4519 1180 4601 πλοίῳ
1212 4518 1393 4613 ἀνδρὲς
1411 4522 1684 4587 τεθνεῶτος
1705 4517 1794 4578 καὶ
1818 4516 2072 4578 ἐκὸαλλο-

440 4644 495 4685 ⁴⁰
517 4631 954 4770 ἴὲῗέἓεὶἶῖἶῖζὲζ,
976 4604 2075 4779 01⁸2}{2333ng52023321235

518 4786 596 4845 τοὶ
623 4786 698 4864 μὴ
727 4789 1065 4867 ὁμολογοῦσιν
1095 4788 1372 4845 ἀποθανεῖν
1399 4786 1485 4844 τὸν
1522 4784 1686 4864 ἄνδρα
1705 4803 1716 4817 ·
1745 4786 1796 4843 ἐν
1821 4774 1866 4865 ᾧ
1890 4782 1946 4842 δὲ
1980 4806 2075 4843 κα-

515 4873 812 4946 τεποντώθη
826 4919 842 4947 ,
865 4878 964 4955 οὐχ
980 4868 1127 4957 εὗρον
1157 4872 1266 4933 οὔτ’
1291 4872 1418 4933 αὐτὸ
1431 4872 1492 4932 τὸ
1511 4874 1692 4933 πλοῖον
1707 4872 1826 4933 οὔτε
1857 4882 2073 4950 σημεῖον

518 4959 684 5022 οὐδέν.
766 4962 980 5024 Τούτων
1005 4963 1050 5022 δ’
1079 4962 1202 5041 ὑμῖν
1227 4959 1342 5027 τοὺς
1362 4960 1629 5042 μάρτυρας
1641 4958 2071 5043 παραστήσομαι.

1118 5090 1461 5137 ΜΑΡΤΪΡΕΣ.

597 5203 666 5243 2⁹.
711 5180 932 5253 Ἐπειδὴ
962 5180 1015 5240 δὲ
1047 5178 1150 5259 ἐγὼ
1183 5182 1398 5261 φροῦδος
1431 5178 1524 5258 μὲν
1558 5170 1621 5252 ἦν
1666 5182 1839 5240 πλέων
1879 5183 1951 5248 εἷς
1978 5180 2071 5252 τὴν

522 5258 696 5347 Αἶνον,
723 5270 782 5330 τὸ
806 5270 857 5331 δὲ
886 5270 1064 5331 πλοῖον
1099 5262 1225 5343 ἧκεν
1254 5272 1322 5339 εἰς
1350 5268 1442 5344 τὴν
1473 5269 1780 5343 Μυτιλήνην
1815 5272 1866 5329 ἐν
1895 5261 1939 5352 ᾧ
1972 5268 2074 5350 ἐγὼ

3410 472 3695 557 ‹vn-⁷12}

2156 601 2241 652 aed
2257 616 2354 654 non
2373 606 2546 657 rediit:
2570 621 2659 670 ego
2671 622 2787 659 vero
2800 609 2883 659 illa
2904 610 3046 659 nocte
3071 620 3268 675 prorsus
3288 622 3387 658 non
3410 610 3507 659 exii
3531 623 3559 661 e
3586 615 3698 661 nari.

2160 687 2323 741 Altero
2358 690 2462 754 die,
2496 694 2675 756 bomo,
2709 706 2864 757 quum
2898 708 3137 758 nusquam
3167 694 3546 757 conspiceretur,
3566 696 3701 757 quaen‘

2160 772 2331 835 coepit,
2350 786 2447 824 non
2475 788 2505 824 a
2531 776 2727 839 reliquis
2748 778 3024 828 vectoribus
3044 776 3195 839 magis
3219 788 3367 839 quam
3390 790 3421 825 a
3442 790 3521 826 me
3550 780 3705 828 :aliisi

2161 853 2367 916 cuipiam
2418 868 2587 905 eorum
2628 870 2773 920 grave
2818 857 2977 907 visum
3023 858 3114 907 suit
3158 857 3397 907 Herodem
3438 858 3703 919 desiderari,

2158 949 2301 998 grave
2319 938 2372 987 id
2384 952 2481 989 non
2497 940 2653 991 minus
2670 941 2788 991 mihi
2800 954 2995 1005 quoque
3010 943 3167 991 visum
3178 942 3286 991 tuit.
3306 945 3365 991 ht
3384 943 3605 993 mittendi
3622 944 3703 993 hac
3768 958 3770 961 ⁴

2160 1019 2222 1070 de
2238 1034 2291 1071 re
2306 1022 2367 1071 ad
2390 1023 2669 1085 Mytilenam
2688 1026 2850 1075 nuncii
2867 1038 2955 1087 ego
2970 1029 3144 1075 auctor
3160 1038 3312 1084 eram,
3358 1028 3408 1075 et
3443 1026 3505 1075 de
3522 1027 3706 1075 consilio

2160 1120 2271 1157 meo
2302 1108 2601 1161 mittebatur.
2635 1110 2733 1173 (2⁴)
2759 1113 2821 1161 Et
2849 1124 3003 1174 quum
3034 1112 3158 1162 aliua
3186 1124 3332 1162 nemo
3356 1112 3471 1162 illuc
3490 1112 3706 1175 profic²sci
3770 1105 3772 1175 1

2162 1185 2333 1247 vellet,
2362 1200 2519 1249 neque
2542 1200 2607 1238 ex
2626 1189 2903 1239 vectoribus
2944 1190 3080 1239 navis
3110 1192 3318 1253 opertae,
3350 1202 3509 1253 neque
3538 1204 3603 1241 ex
3636 1190 3706 1250 iis,

2161 1266 2247 1329 qui
2268 1267 2504 1330 cumipse
2532 1268 2721 1318 Herode
2746 1268 2849 1331 iam
2878 1270 3023 1319 antea
3047 1270 3417 1331 navigaverant3
3442 1282 3532 1332 ego
3558 1282 3707 1318 meum
3772 1306 3774 1311 .

2162 1346 2399 1397 famulum
2433 1348 2697 1399 offerebam
2733 1368 2745 1398 ε
2771 1350 2907 1413 atqui
2938 1362 3036 1399 non
3062 1350 3276 1413 protecto
3302 1350 3416 1401 data
3442 1363 3589 1414 opera
3610 1351 3710 1401 illuc

2162 1422 2367 1476 indicem
2390 1426 2582 1477 sceleris
2604 1426 2701 1477 mei
2718 1426 2970 1477 misissem.
3049 1430 3232 1477 Verum
3246 1441 3397 1490 quum
3416 1440 3573 1491 neque
3594 1430 3706 1493 apud

2161 1505 2441 1568 Mytilenam
2482 1518 2641 1568 neque
2684 1518 2890 1568 usquam
2922 1505 3043 1555 alias
3078 1505 3289 1556 Herodes
3336 1507 3641 1569 reperiretur,
3670 1510 3709 1557 et

2162 1584 2328 1647 apa-ta
2355 1581 2516 1633 denuo
2541 1583 2869 1646 navigatione,
2902 1582 3103 1646 reliquoe
3134 1596 3282 1634 naves
3300 1584 3349 1633 in
3380 1584 3536 1635 altum
3558 1598 3710 1635 omnes

2162 1662 2493 1724 eveherentur,
2533 1674 2620 1725 ego
2658 1674 2853 1725 quoque
2886 1662 3097 1724 coeptum
3139 1672 3335 1711 cursum
3380 1663 3707 1726 prosequebar.

2162 1741 2319 1791 Etiam
2346 1741 2439 1791 bac
2454 1741 2517 1791 de
2542 1754 2594 1791 re
2610 1741 2756 1790 testea
2772 1752 2860 1790 voa
2884 1740 3113 1791 certiores
3136 1740 3351 1791 reddent.

2828 1858 3073 1908 TESTES.

2224 1978 2301 2022 25.
2338 1974 2455 2022 lime
2471 1972 2586 2022 sunt
2607 1972 2751 2033 sacta3
2767 1984 2795 2021 e
2812 1972 2991 2035 quibua
3007 1984 3096 2022 vos
3110 1970 3256 2021 velim
3268 1970 3524 2035 cogitando
3542 1986 3596 2023 ea
3614 1987 3713 2036 qua

2162 2072 2249 2123 par
2274 2060 2349 2111 est
2382 2059 2569 2110 elicere.
2636 2060 2851 2111 Primum
2864 2096 2881 2121 ,
2904 2062 3165 2123 antequam
3198 2059 3495 2111 solveremus
3552 2066 3709 2115 AEmm

2160 2162 2328 2199 versus
2342 2186 2357 2211 ,
2377 2147 2565 2199 Herode
2582 2160 2612 2197 e
2637 2150 2895 2212 conspectu
2916 2148 3107 2198 sublato
3124 2184 3139 2209 ,
3157 2160 3301 2198 nemo
3330 2150 3613 2199 mortalium
3643 2164 3712 2200 me

2160 2238 2305 2302 hujus
2336 2236 2407 2288 rei
2438 2236 2714 2297 incusabat,
2746 2248 3043 2299 quamquam
3072 2235 3126 2286 bi
3152 2234 3449 2300 [adversarii
3472 2237 3569 2288 mei
3587 2236 3606 2301 ]
3624 2238 3712 2300 jam

2160 2330 2265 2379 tum
2287 2327 2352 2378 de
2374 2326 2467 2376 hoc
2488 2327 2661 2376 evento
2688 2324 3089 2375 certioreseasent
3113 2324 3399 2386 taem-mm
3424 2325 3551 2376 alias
3582 2334 3667 2388 ego
3692 2340 3715 2375 e

2160 2418 2303 2480 portu
2323 2428 2423 2466 non
2440 2413 2777 2465 excessissem:
2802 2426 2975 2463 verum
2986 2450 3003 2476 ,
3028 2413 3139 2463 tum
3160 2413 3322 2463 statim
3334 2413 3534 2477 quidem
3550 2414 3716 2465 veritas

2160 2504 2230 2556 rei
2245 2504 2391 2569 gesta
2406 2504 2563 2567 potior
2576 2502 2681 2553 erat
2692 2500 2961 2564 mendacio,
2980 2514 3061 2551 me
3077 2500 3343 2565 presertim
3360 2500 3523 2551 adbuc
3540 2502 3593 2553 in
3610 2503 3717 2552 locis

2160 2594 2254 2645 illis
2270 2592 2521 2657 praesente.
2534 2592 2601 2643 Ut
2612 2592 2777 2642 autem
2786 2604 2873 2654 ego
2880 2590 3363 2651 insulaexcesaeram,
3372 2604 3530 2654 quum
3538 2591 3591 2641 bi
3602 2591 3717 2641 inter

2162 2695 2265 2733 soee
2290 2680 2519 2733 standum
2542 2692 2739 2731 auarum
2759 2680 3034 2730 commenta
3056 2679 3225 2729 contra
3248 2691 3329 2729 me
3346 2681 3716 2743 comparassent,

2160 2773 2269 2823 tum
2277 2769 2475 2821 demum
2486 2770 2738 2833 eoeperunt
2750 2780 2830 2818 me
2838 2767 3099 2830 criminas-13
3114 2767 3214 2831 (28)
3223 2768 3422 2830 aientes,
3434 2768 3483 2817 in
3500 2772 3637 2819 terra
3648 2782 3717 2819 me

2160 2858 2389 2910 occidisse
2408 2857 2565 2909 virum
2588 2856 2745 2921 lapide
2761 2854 2812 2906 in
2832 2857 2979 2920 caput
3000 2855 3104 2918 eius
3120 2854 3338 2919 conjecto
3350 2892 3365 2919 ,
3382 2868 3539 2919 quum
3564 2859 3717 2907 tamen

2160 2946 2359 2997 omnino
2380 2960 2479 2997 non
2496 2958 2709 3009 egreems
2729 2945 2823 2996 sim
2848 2944 3057 3008 navigio.
3077 2944 3235 3008 Atque
3252 2944 3345 2995 boc
3360 2944 3563 3008 quidem
3579 2946 3719 3009 probe

2160 3036 2237 3087 isti
2268 3036 2477 3097 norunt3
2508 3033 2754 3098 quomodo
2782 3034 2945 3084 autem
2978 3046 3134 3083 casus
3162 3046 3191 3083 e
3220 3034 3481 3096 conspectu
3502 3034 3719 3085 sublatus

2160 3126 2239 3187 sit,
2251 3124 2581 3176 demonstrare
2592 3122 2827 3186 probabili
2840 3122 3023 3172 ratione
3036 3123 3299 3185 nequeunt.
3364 3122 3502 3172 Patet
3520 3134 3641 3173 anne
3658 3123 3717 3183 id,

2160 3223 2311 3275 prope
2327 3210 2521 3274 portum
2556 3205 2733 3257 alicubi
2754 3206 2857 3257 fieri
2891 3206 3113 3259 debuisse
3134 3206 3245 3257 :vir
3260 3205 3389 3257 enim
3410 3208 3720 3259 exscenderat

2160 3311 2189 3349 e
2204 3298 2316 3347 navi
2338 3309 2435 3346 non
2460 3295 2607 3345 modo
2624 3294 2919 3345 temulentus
2932 3330 2949 3356 ,
2973 3292 3056 3344 sed
3086 3294 3232 3344 etlam
3256 3294 3434 3355 noctu;
3454 3308 3619 3359 neque
3640 3296 3717 3359 igi-

2160 3384 2242 3433 tur
2266 3395 2319 3432 ae
2344 3382 2444 3445 ipae
2481 3379 2620 3429 facile
2653 3391 2817 3442 regere
2846 3379 3102 3443 potuisset,
3130 3390 3287 3441 neque
3319 3392 3409 3428 cur
3431 3380 3544 3441 quia
3578 3383 3717 3431 noctu

2160 3480 2273 3518 eum
2290 3480 2377 3529 per
2396 3465 2525 3516 viam
2542 3463 2853 3526 longinquam
2874 3460 3135 3511 abduceret
3147 3462 3413 3524 praetextus
3428 3463 3537 3513 erat
3556 3464 3719 3526 proba·

2162 3548 2286 3598 bilis.
2352 3547 2450 3610 (27)
2475 3547 2538 3596 At
2560 3545 2766 3609 quaesito
2800 3543 2907 3593 viro
2933 3555 3018 3605 per
3046 3541 3251 3592 biduum
3286 3544 3336 3592 et
3356 3554 3506 3606 prope
3528 3548 3720 3607 portum

2162 3631 2213 3685 et
2237 3630 2403 3694 procul
2430 3642 2459 3679 a
2480 3630 2653 3693 portu,
2680 3639 2839 3691 neque
2864 3625 2949 3689 qui
2972 3623 3147 3675 viderit
3162 3638 3277 3675 eum
3302 3625 3551 3689 apparuit,
3572 3640 3721 3692 neque

2162 3713 2403 3777 sanguinis
2434 3712 2690 3775 vestigium
2716 3722 2876 3773 neque
2906 3709 3039 3759 aliud
3068 3711 3257 3772 signum
3287 3708 3639 3773 quodcunque.
3666 3712 3723 3761 Et

2162 3798 2472 3849 nibilominus
2490 3798 2693 3847 istorum
2724 3793 2975 3845 mendacio
2994 3792 3280 3845 concedam!
3301 3805 3388 3856 ego
3410 3791 3495 3855 qui
3514 3794 3571 3843 et
3590 3792 3721 3843 testi-

2160 3881 2253 3932 bus
2275 3880 2557 3932 confirmavi
2582 3892 2661 3929 me
2676 3878 2788 3929 navi
2806 3890 2903 3927 nou
2922 3889 3165 3939 egressum
3186 3888 3289 3927 ease
3300 3912 3315 3937 ,
3330 3874 3504 3938 etqui,
3530 3876 3719 3925 etiamsi

2160 3978 2283 4015 nave
2300 3976 2515 4027 egressus
2537 3976 2687 4013 essem
2700 3998 2716 4023 ,
2730 3958 2867 4009 nullo
2878 3960 3041 4009 tamen
3058 3958 3203 4008 modo
3225 3956 3413 4007 efficere
3430 3958 3697 4021 potuissem
3709 3996 3723 4022 ,

2160 4049 2217 4097 ut
2234 4060 2263 4097 e
2283 4047 2543 4111 conspectu
2570 4044 2836 4095 subductus
2860 4054 3102 4105 nusquam
3128 4040 3417 4103 reperiretur
3439 4040 3591 4091 homo
3603 4078 3620 4104 ,
3638 4040 3725 4090 nisi

2158 4131 2199 4181 ai
2216 4143 2448 4194 perquam
2466 4129 2633 4193 procul
2649 4141 2680 4178 a
2696 4127 2819 4177 mari
2834 4123 3133 4190 processerit.
3199 4122 3297 4187 (28)
3314 4124 3375 4172 At
3392 4118 3534 4172 undis
3550 4135 3727 4186 cor-pua

2160 4226 2371 4265 mersum
2389 4212 2627 4263 dictitant.
2663 4211 2725 4263 At
2741 4210 2992 4273 cujusnam
3008 4207 3182 4271 navigii
3198 4206 3493 4257 ministerio?
3518 4209 3726 4258 Necaesa

2159 4299 2373 4363 protecto
2396 4298 2469 4348 oet
2490 4296 2610 4347 illud
2630 4295 2871 4358 navigium
2884 4305 3039 4343 unum
3058 4292 3203 4342 misse
3221 4293 3329 4341 tum
3342 4290 3391 4340 in
3414 4290 3561 4353 portu
3590 4294 3721 4342 stan-

2160 4382 2300 4432 tium.
2365 4382 2461 4439 Qui
2478 4392 2590 4442 ergo
2609 4379 2789 4428 sactum
2811 4378 2885 4427 oet
2908 4377 3087 4425 utnon
3110 4372 3432 4435 inveniretur,
3451 4373 3725 4436 praesertim

2161 4477 2315 4529 quum
2341 4464 2713 4513 consentaneum
2754 4459 2877 4509 esset
2906 4456 3139 4507 indicium
3172 4454 3417 4518 quoddam
3446 4454 3499 4503 in
3524 4454 3721 4516 navigio

2159 4548 2253 4597 isto
2277 4547 2494 4609 prostare
2512 4544 2603 4593 viri
2617 4542 2761 4593 occisi
2788 4541 2938 4590 noctu
2952 4539 3004 4588 et
3028 4538 3079 4587 in
3103 4534 3258 4587 undas
3276 4534 3431 4599 eiecti.
3465 4536 3583 4585 Jam
3608 4547 3721 4586 vero

2160 4632 2239 4683 isu
2260 4630 2437 4682 indicia
2458 4644 2509 4680 se
2531 4630 2759 4693 reperisse
2788 4627 2925 4677 aiunt
2948 4625 3001 4676 in
3027 4635 3153 4674 nave
3174 4623 3259 4673 ubi
3290 4621 3475 4685 potavit
3496 4622 3549 4671 et
3573 4636 3605 4673 e
3631 4634 3724 4686 qua

2161 4713 2407 4765 exscendit
2433 4712 2673 4775 Herodes,
2692 4723 2840 4773 quem
2865 4707 3058 4772 periisse
3074 4707 3125 4756 in
3143 4718 3201 4756 ea
3216 4704 3306 4769 ipsi
3324 4704 3525 4767 negant3
3552 4706 3724 4754 contra

2162 4810 2335 4849 navem
2349 4833 2365 4860 ,
2398 4798 2539 4859 cujus
2568 4807 2713 4858 opera
2740 4794 2793 4842 in
2826 4792 2979 4842 altum
3006 4802 3159 4840 mua
3185 4787 3432 4838 demersus
3448 4786 3509 4835 sit
3522 4820 3537 4845 ,
3564 4800 3725 4849 neque

2160 4880 2446 4931 invenerunt
2468 4878 2617 4942 ipsam
2631 4912 2646 4936 ,
2666 4888 2823 4939 neque
2843 4872 3074 4925 iudicium
3096 4870 3253 4921 ullum
3274 4868 3336 4919 ad
3361 4880 3469 4919 eam
3484 4866 3723 4918 deferens.

2162 4964 2319 5016 Etiam
2338 4963 2509 5012 barum
2534 4970 2693 5009 remm
2718 4958 2863 5008 taetoe
2879 4954 3015 5005 vobis
3034 4951 3288 5003 exhibebo.

2808 5073 3055 5122 TESTES.

2224 5191 2301 5237 29.
2336 5188 2401 5234 Ut
2415 5184 2575 5233 autem
2598 5181 2749 5231 Lesbo
2776 5193 2945 5231 versus
2966 5182 3139 5229 AEnum
3160 5176 3427 5237 solveram,
3456 5176 3507 5221 et
3530 5173 3615 5222 illa
3644 5185 3725 5221 na-

2164 5276 2237 5327 vis
2252 5312 2267 5341 ,
2291 5277 2341 5326 in
2362 5287 2459 5339 qua
2478 5286 2565 5337 ego
2590 5284 2687 5321 una
2708 5283 2823 5322 cum
2840 5266 3031 5322 Herode
3044 5266 3274 5331 Mytilene
3285 5262 3483 5316 evectus
3502 5262 3695 5314 meram
3708 5298 3723 5324 ,
