<?xml version="1.0" encoding="UTF-8"?>
<!DOCTYPE html PUBLIC "-//W3C//DTD XHTML 1.0 Transitional//EN"
    "http://www.w3.org/TR/xhtml1/DTD/xhtml1-transitional.dtd">
<html xmlns="http://www.w3.org/1999/xhtml" xml:lang="en" lang="en">
 <head>
  <title>
</title>
<meta http-equiv="Content-Type" content="text/html;charset=utf-8" />
  <meta name='ocr-system' content='tesseract 3.04.00' />
  <meta name='ocr-capabilities' content='ocr_page ocr_carea ocr_par ocr_line ocrx_word'/>
</head>
<body>
  <div class='ocr_page' id='page_1' title='image "./oratoresatticia03unkngoog/oratoresatticia03unkngoog_0225.png"; bbox 0 0 3825 5842; ppageno 0'>
   <div class='ocr_carea' id='block_1_1' title="bbox 102 552 336 623">
    <p class='ocr_par' dir='ltr' id='par_1_1' title="bbox 102 552 336 623">
     <span class='ocr_line' id='line_1_1' title="bbox 102 552 336 623; baseline -0.017 -14"><span class='ocrx_word' id='word_1_1' title='bbox 102 566 171 623; x_wconf 74' lang='lat'>(7137</span> <span class='ocrx_word' id='word_1_2' title='bbox 182 582 244 591; x_wconf 82' lang='lat'><strong>—-</strong></span> <span class='ocrx_word' id='word_1_3' title='bbox 252 552 336 623; x_wconf 76' lang='lat'><strong>793)</strong></span> 
     </span>
    </p>
   </div>
   <div class='ocr_carea' id='block_1_2' title="bbox 918 544 2387 611">
    <p class='ocr_par' dir='ltr' id='par_1_2' title="bbox 918 544 2387 611">
     <span class='ocr_line' id='line_1_2' title="bbox 918 544 2387 611; baseline 0.002 -6"><span class='ocrx_word' id='word_1_4' title='bbox 918 544 1157 605; x_wconf 85' lang='lat' dir='ltr'>LYSIAE</span> <span class='ocrx_word' id='word_1_5' title='bbox 1197 546 1330 605; x_wconf 79' lang='grc' dir='ltr'>ΟΒ..</span> <span class='ocrx_word' id='word_1_6' title='bbox 1370 546 1470 606; x_wconf 87' lang='lat' dir='ltr'><strong>DE</strong></span> <span class='ocrx_word' id='word_1_7' title='bbox 1509 548 1846 609; x_wconf 76' lang='lat' dir='ltr'>EVANDRI</span> <span class='ocrx_word' id='word_1_8' title='bbox 1891 550 2387 611; x_wconf 78' lang='lat' dir='ltr'>PROBATIONE.</span> 
     </span>
    </p>
   </div>
   <div class='ocr_carea' id='block_1_3' title="bbox 3112 568 3223 620">
    <p class='ocr_par' dir='ltr' id='par_1_3' title="bbox 3112 568 3223 620">
     <span class='ocr_line' id='line_1_3' title="bbox 3112 568 3223 620; baseline 0.018 -2"><span class='ocrx_word' id='word_1_9' title='bbox 3112 568 3223 620; x_wconf 79' lang='lat'><strong>209</strong></span> 
     </span>
    </p>
   </div>
   <div class='ocr_carea' id='block_1_4' title="bbox 99 674 3226 756">
    <p class='ocr_par' dir='ltr' id='par_1_4' title="bbox 99 674 3226 756">
     <span class='ocr_line' id='line_1_4' title="bbox 99 674 3226 756; baseline 0.004 -21"><span class='ocrx_word' id='word_1_10' title='bbox 99 680 296 751; x_wconf 73' lang='grc' dir='ltr'>ἠξίωσαν,</span> <span class='ocrx_word' id='word_1_11' title='bbox 321 675 451 734; x_wconf 79' lang='grc' dir='ltr'>ἀλλὰ</span> <span class='ocrx_word' id='word_1_12' title='bbox 468 675 556 735; x_wconf 76' lang='grc' dir='ltr'><strong>καὶ</strong></span> <span class='ocrx_word' id='word_1_13' title='bbox 579 679 670 745; x_wconf 72' lang='grc' dir='ltr'><strong>τῆς</strong></span> <span class='ocrx_word' id='word_1_14' title='bbox 692 674 890 741; x_wconf 84' lang='grc' dir='ltr'>πόλεως</span> <span class='ocrx_word' id='word_1_15' title='bbox 907 674 1184 749; x_wconf 82' lang='grc' dir='ltr'>ἐξήλασαν,</span> <span class='ocrx_word' id='word_1_16' title='bbox 1207 679 1354 755; x_wconf 82' lang='grc' dir='ltr'>ὖμεῗς</span> <span class='ocrx_word' id='word_1_17' title='bbox 1377 680 1422 738; x_wconf 88' lang='grc' dir='ltr'>δ’</span> <span class='ocrx_word' id='word_1_18' title='bbox 1445 681 1586 739; x_wconf 84' lang='grc' dir='ltr'>ἐλευ·</span> <span class='ocrx_word' id='word_1_19' title='bbox 1665 692 2049 753; x_wconf 78' lang='lat' dir='ltr'><strong>communicare,</strong></span> <span class='ocrx_word' id='word_1_20' title='bbox 2077 692 2159 741; x_wconf 87' lang='lat' dir='ltr'><strong>sed</strong></span> <span class='ocrx_word' id='word_1_21' title='bbox 2176 705 2205 741; x_wconf 89' lang='lat' dir='ltr'><strong>e</strong></span> <span class='ocrx_word' id='word_1_22' title='bbox 2236 692 2429 741; x_wconf 83' lang='lat' dir='ltr'><strong>civitate</strong></span> <span class='ocrx_word' id='word_1_23' title='bbox 2461 692 2703 753; x_wconf 75' lang='lat' dir='ltr'><strong>eiecerunt</strong></span> <span class='ocrx_word' id='word_1_24' title='bbox 2728 711 2739 741; x_wconf 72' lang='grc' dir='ltr'><strong><em>ε</em></strong></span> <span class='ocrx_word' id='word_1_25' title='bbox 2763 706 2847 742; x_wconf 74' lang='lat' dir='ltr'><strong>vos</strong></span> <span class='ocrx_word' id='word_1_26' title='bbox 2870 696 3061 756; x_wconf 85' lang='lat' dir='ltr'><strong>contra,</strong></span> <span class='ocrx_word' id='word_1_27' title='bbox 3087 698 3226 747; x_wconf 62' lang='lat' dir='ltr'><strong>rasti·</strong></span> 
     </span>
    </p>
   </div>
   <div class='ocr_carea' id='block_1_5' title="bbox 59 762 1607 5450">
    <p class='ocr_par' dir='ltr' id='par_1_5' title="bbox 59 762 1603 3277">
     <span class='ocr_line' id='line_1_5' title="bbox 97 762 1582 845; baseline 0.001 -22"><span class='ocrx_word' id='word_1_28' title='bbox 97 766 212 844; x_wconf 79' lang='grc' dir='ltr'>θίριιν</span> <span class='ocrx_word' id='word_1_29' title='bbox 251 762 398 834; x_wconf 72' lang='grc' dir='ltr'>αὐτὴν</span> <span class='ocrx_word' id='word_1_30' title='bbox 425 762 729 834; x_wconf 80' lang='grc' dir='ltr'><strong>ποιήσαντες</strong></span> <span class='ocrx_word' id='word_1_31' title='bbox 761 764 818 819; x_wconf 82' lang='grc' dir='ltr'><strong>οὗ</strong></span> <span class='ocrx_word' id='word_1_32' title='bbox 862 762 1015 839; x_wconf 85' lang='grc' dir='ltr'>μόνον</span> <span class='ocrx_word' id='word_1_33' title='bbox 1045 768 1138 835; x_wconf 69' lang='grc' dir='ltr'><strong>τῆς</strong></span> <span class='ocrx_word' id='word_1_34' title='bbox 1173 764 1462 845; x_wconf 78' lang='grc' dir='ltr'><strong>ἐλευθερίας</strong></span> <span class='ocrx_word' id='word_1_35' title='bbox 1491 768 1582 824; x_wconf 81' lang='grc' dir='ltr'><strong>αὖ·</strong></span> 
     </span>
     <span class='ocr_line' id='line_1_6' title="bbox 60 849 1586 925; baseline 0.003 -16"><span class='ocrx_word' id='word_1_36' title='bbox 60 858 174 917; x_wconf 68' lang='grc' dir='ltr'>ιτιῖς</span> <span class='ocrx_word' id='word_1_37' title='bbox 193 900 206 925; x_wconf 85' lang='grc'>,</span> <span class='ocrx_word' id='word_1_38' title='bbox 245 850 368 909; x_wconf 73' lang='grc' dir='ltr'>ἀλλὰ</span> <span class='ocrx_word' id='word_1_39' title='bbox 409 852 498 911; x_wconf 80' lang='grc' dir='ltr'><strong>καὶ</strong></span> <span class='ocrx_word' id='word_1_40' title='bbox 547 856 640 907; x_wconf 89' lang='grc' dir='ltr'><strong>τοῦ</strong></span> <span class='ocrx_word' id='word_1_41' title='bbox 688 849 913 918; x_wconf 74' lang='grc' dir='ltr'>δικάζειν</span> <span class='ocrx_word' id='word_1_42' title='bbox 951 851 1042 909; x_wconf 80' lang='grc' dir='ltr'><strong>καὶ</strong></span> <span class='ocrx_word' id='word_1_43' title='bbox 1086 857 1174 910; x_wconf 84' lang='grc' dir='ltr'><strong>τοῦ</strong></span> <span class='ocrx_word' id='word_1_44' title='bbox 1229 854 1586 924; x_wconf 78' lang='grc' dir='ltr'>ἐκκλησιάζειν</span> 
     </span>
     <span class='ocr_line' id='line_1_7' title="bbox 99 935 1586 1020; baseline -0.003 -23"><span class='ocrx_word' id='word_1_45' title='bbox 99 942 188 1020; x_wconf 80' lang='grc' dir='ltr'>περὶ</span> <span class='ocrx_word' id='word_1_46' title='bbox 209 944 298 999; x_wconf 78' lang='grc' dir='ltr'><strong>τῶν</strong></span> <span class='ocrx_word' id='word_1_47' title='bbox 322 943 500 998; x_wconf 77' lang='grc' dir='ltr'>κοινῶν</span> <span class='ocrx_word' id='word_1_48' title='bbox 528 937 800 1016; x_wconf 78' lang='grc' dir='ltr'>μετέδοτε,</span> <span class='ocrx_word' id='word_1_49' title='bbox 828 935 963 997; x_wconf 76' lang='grc' dir='ltr'>ὥστε</span> <span class='ocrx_word' id='word_1_50' title='bbox 988 938 1199 1007; x_wconf 78' lang='grc' dir='ltr'>εἰκότως</span> <span class='ocrx_word' id='word_1_51' title='bbox 1221 943 1367 1016; x_wconf 78' lang='grc' dir='ltr'>ὑμῶν</span> <span class='ocrx_word' id='word_1_52' title='bbox 1389 937 1586 1009; x_wconf 84' lang='grc' dir='ltr'>ταύτην</span> 
     </span>
     <span class='ocr_line' id='line_1_8' title="bbox 97 1016 1588 1104; baseline -0.001 -21"><span class='ocrx_word' id='word_1_53' title='bbox 97 1026 166 1096; x_wconf 70' lang='grc' dir='ltr'><strong>τὴν</strong></span> <span class='ocrx_word' id='word_1_54' title='bbox 187 1027 395 1098; x_wconf 75' lang='grc' dir='ltr'>εὐήθειαν</span> <span class='ocrx_word' id='word_1_55' title='bbox 416 1022 960 1104; x_wconf 80' lang='grc' dir='ltr'><strong>καταγιγνώσκουσιν.Ι</strong></span> <span class='ocrx_word' id='word_1_56' title='bbox 1032 1028 1099 1103; x_wconf 77' lang='lat' dir='ltr'><strong>(a)</strong></span> <span class='ocrx_word' id='word_1_57' title='bbox 1125 1016 1232 1085; x_wconf 71' lang='grc' dir='ltr'><strong>Ὧν</strong></span> <span class='ocrx_word' id='word_1_58' title='bbox 1257 1017 1328 1093; x_wconf 69' lang='grc' dir='ltr'><strong>εἷς</strong></span> <span class='ocrx_word' id='word_1_59' title='bbox 1346 1018 1491 1092; x_wconf 65' lang='grc' dir='ltr'>οἶτος</span> <span class='ocrx_word' id='word_1_60' title='bbox 1515 1022 1588 1081; x_wconf 80' lang='grc' dir='ltr'><strong>ὧν</strong></span> 
     </span>
     <span class='ocr_line' id='line_1_9' title="bbox 98 1111 1590 1194; baseline -0.003 -23"><span class='ocrx_word' id='word_1_61' title='bbox 98 1114 166 1171; x_wconf 74' lang='grc' dir='ltr'><strong>οὐκ</strong></span> <span class='ocrx_word' id='word_1_62' title='bbox 185 1116 340 1194; x_wconf 71' lang='grc' dir='ltr'>ἀγαπᾷ</span> <span class='ocrx_word' id='word_1_63' title='bbox 373 1112 420 1171; x_wconf 80' lang='grc' dir='ltr'><strong>εἴ</strong></span> <span class='ocrx_word' id='word_1_64' title='bbox 457 1135 532 1180; x_wconf 90' lang='grc' dir='ltr'><strong>τις</strong></span> <span class='ocrx_word' id='word_1_65' title='bbox 567 1112 720 1171; x_wconf 76' lang='grc' dir='ltr'>αὐτὸν</span> <span class='ocrx_word' id='word_1_66' title='bbox 743 1115 806 1194; x_wconf 73' lang='grc' dir='ltr'><strong>ἐᾷ</strong></span> <span class='ocrx_word' id='word_1_67' title='bbox 827 1113 1020 1172; x_wconf 83' lang='grc' dir='ltr'>τούτων</span> <span class='ocrx_word' id='word_1_68' title='bbox 1053 1112 1308 1193; x_wconf 80' lang='grc' dir='ltr'>μετέχειν,</span> <span class='ocrx_word' id='word_1_69' title='bbox 1338 1112 1474 1172; x_wconf 78' lang='grc' dir='ltr'>ἀλλὰ</span> <span class='ocrx_word' id='word_1_70' title='bbox 1499 1111 1590 1170; x_wconf 77' lang='grc' dir='ltr'><strong>καὶ</strong></span> 
     </span>
     <span class='ocr_line' id='line_1_10' title="bbox 99 1198 1590 1281; baseline -0.001 -25"><span class='ocrx_word' id='word_1_71' title='bbox 99 1200 187 1279; x_wconf 76' lang='grc' dir='ltr'>πρὶν</span> <span class='ocrx_word' id='word_1_72' title='bbox 211 1198 394 1257; x_wconf 82' lang='grc' dir='ltr'>ἐκείνων</span> <span class='ocrx_word' id='word_1_73' title='bbox 431 1202 606 1259; x_wconf 88' lang='grc' dir='ltr'>δοῦναι</span> <span class='ocrx_word' id='word_1_74' title='bbox 651 1198 799 1271; x_wconf 87' lang='grc' dir='ltr'>δίκην</span> <span class='ocrx_word' id='word_1_75' title='bbox 841 1200 998 1259; x_wconf 77' lang='grc' dir='ltr'>πάλιν</span> <span class='ocrx_word' id='word_1_76' title='bbox 1040 1199 1218 1281; x_wconf 78' lang='grc' dir='ltr'>ἄρχειν</span> <span class='ocrx_word' id='word_1_77' title='bbox 1247 1199 1398 1269; x_wconf 85' lang='grc' dir='ltr'>ἀξιοῖ.</span> <span class='ocrx_word' id='word_1_78' title='bbox 1481 1198 1590 1259; x_wconf 75' lang='grc' dir='ltr'><strong>Καὶ</strong></span> 
     </span>
     <span class='ocr_line' id='line_1_11' title="bbox 101 1278 1590 1369; baseline -0.001 -26"><span class='ocrx_word' id='word_1_79' title='bbox 101 1287 180 1344; x_wconf 80' lang='grc' dir='ltr'>νυνὶ</span> <span class='ocrx_word' id='word_1_80' title='bbox 199 1286 330 1346; x_wconf 67' lang='grc' dir='ltr'>αὐτὸν</span> <span class='ocrx_word' id='word_1_81' title='bbox 350 1286 619 1364; x_wconf 74' lang='grc' dir='ltr'><strong>ἀκούομεν,</strong></span> <span class='ocrx_word' id='word_1_82' title='bbox 643 1286 770 1367; x_wconf 75' lang='grc' dir='ltr'>ὑπὲρ</span> <span class='ocrx_word' id='word_1_83' title='bbox 787 1278 860 1346; x_wconf 68' lang='grc' dir='ltr'><strong>ὧν</strong></span> <span class='ocrx_word' id='word_1_84' title='bbox 885 1292 1039 1347; x_wconf 79' lang='grc' dir='ltr'>αὐτοῦ</span> <span class='ocrx_word' id='word_1_85' title='bbox 1065 1294 1478 1369; x_wconf 75' lang='grc' dir='ltr'>κατηγοροῦμεν,</span> <span class='ocrx_word' id='word_1_86' title='bbox 1505 1284 1590 1343; x_wconf 74' lang='grc' dir='ltr'><strong>διὰ</strong></span> 
     </span>
     <span class='ocr_line' id='line_1_12' title="bbox 102 1374 1590 1457; baseline -0.001 -25"><span class='ocrx_word' id='word_1_87' title='bbox 102 1374 292 1453; x_wconf 80' lang='grc' dir='ltr'>βραχέων</span> <span class='ocrx_word' id='word_1_88' title='bbox 337 1374 752 1454; x_wconf 79' lang='grc' dir='ltr'>ἀπολογήσεσθαι</span> <span class='ocrx_word' id='word_1_89' title='bbox 770 1420 788 1451; x_wconf 95' lang='grc'>,</span> <span class='ocrx_word' id='word_1_90' title='bbox 843 1374 1152 1457; x_wconf 79' lang='grc' dir='ltr'>ἐπισύροντα</span> <span class='ocrx_word' id='word_1_91' title='bbox 1195 1375 1261 1434; x_wconf 83' lang='grc' dir='ltr'><strong>τὰ</strong></span> <span class='ocrx_word' id='word_1_92' title='bbox 1301 1375 1590 1456; x_wconf 80' lang='grc' dir='ltr'>πράγματα</span> 
     </span>
     <span class='ocr_line' id='line_1_13' title="bbox 59 1460 1590 1545; baseline -0.001 -24"><span class='ocrx_word' id='word_1_93' title='bbox 59 1484 84 1521; x_wconf 79' lang='grc' dir='ltr'><strong>ο</strong></span> <span class='ocrx_word' id='word_1_94' title='bbox 101 1462 168 1517; x_wconf 74' lang='grc' dir='ltr'><strong>καὶ</strong></span> <span class='ocrx_word' id='word_1_95' title='bbox 189 1462 542 1522; x_wconf 73' lang='grc' dir='ltr'>διακλέπτοντα</span> <span class='ocrx_word' id='word_1_96' title='bbox 567 1467 633 1543; x_wconf 78' lang='grc' dir='ltr'><strong>τῇ</strong></span> <span class='ocrx_word' id='word_1_97' title='bbox 670 1462 924 1545; x_wconf 71' lang='grc' dir='ltr'>ἀπολογίᾳ</span> <span class='ocrx_word' id='word_1_98' title='bbox 948 1463 1043 1535; x_wconf 82' lang='grc' dir='ltr'><strong>τὴν</strong></span> <span class='ocrx_word' id='word_1_99' title='bbox 1066 1461 1402 1542; x_wconf 82' lang='grc' dir='ltr'>κατηγορίαν,</span> <span class='ocrx_word' id='word_1_100' title='bbox 1429 1460 1590 1529; x_wconf 81' lang='grc' dir='ltr'>λέξειν</span> 
     </span>
     <span class='ocr_line' id='line_1_14' title="bbox 99 1547 1592 1630; baseline 0.001 -25"><span class='ocrx_word' id='word_1_101' title='bbox 99 1547 140 1605; x_wconf 69' lang='grc' dir='ltr'>δὲ</span> <span class='ocrx_word' id='word_1_102' title='bbox 161 1552 217 1615; x_wconf 79' lang='grc' dir='ltr'><strong>ὥς</strong></span> <span class='ocrx_word' id='word_1_103' title='bbox 239 1548 394 1608; x_wconf 77' lang='grc' dir='ltr'>πολλὰ</span> <span class='ocrx_word' id='word_1_104' title='bbox 427 1550 500 1617; x_wconf 77' lang='grc' dir='ltr'><strong>εἷς</strong></span> <span class='ocrx_word' id='word_1_105' title='bbox 523 1548 620 1621; x_wconf 72' lang='grc' dir='ltr'><strong>τὴν</strong></span> <span class='ocrx_word' id='word_1_106' title='bbox 660 1549 810 1608; x_wconf 86' lang='grc' dir='ltr'>πόλιν</span> <span class='ocrx_word' id='word_1_107' title='bbox 852 1548 1154 1623; x_wconf 79' lang='grc' dir='ltr'>ἀνηλώκασι</span> <span class='ocrx_word' id='word_1_108' title='bbox 1193 1549 1285 1609; x_wconf 79' lang='grc' dir='ltr'><strong>καὶ</strong></span> <span class='ocrx_word' id='word_1_109' title='bbox 1311 1548 1592 1630; x_wconf 75' lang='grc' dir='ltr'>φιλοτίμως</span> 
     </span>
     <span class='ocr_line' id='line_1_15' title="bbox 98 1634 1592 1715; baseline 0.004 -26"><span class='ocrx_word' id='word_1_110' title='bbox 98 1634 494 1715; x_wconf 80' lang='grc' dir='ltr'>λελειτουργήκασι</span> <span class='ocrx_word' id='word_1_111' title='bbox 517 1636 608 1695; x_wconf 85' lang='grc' dir='ltr'><strong>καὶ</strong></span> <span class='ocrx_word' id='word_1_112' title='bbox 635 1635 781 1703; x_wconf 89' lang='grc' dir='ltr'>νίκας</span> <span class='ocrx_word' id='word_1_113' title='bbox 796 1636 995 1704; x_wconf 77' lang='grc' dir='ltr'>πολλὰς</span> <span class='ocrx_word' id='word_1_114' title='bbox 1025 1637 1115 1696; x_wconf 80' lang='grc' dir='ltr'><strong>καὶ</strong></span> <span class='ocrx_word' id='word_1_115' title='bbox 1137 1636 1302 1703; x_wconf 77' lang='grc' dir='ltr'>καλὰς</span> <span class='ocrx_word' id='word_1_116' title='bbox 1343 1639 1394 1695; x_wconf 84' lang='grc' dir='ltr'><strong>ἐν</strong></span> <span class='ocrx_word' id='word_1_117' title='bbox 1427 1636 1592 1714; x_wconf 83' lang='grc' dir='ltr'>δημο-</span> 
     </span>
     <span class='ocr_line' id='line_1_16' title="bbox 97 1721 1592 1803; baseline 0.003 -26"><span class='ocrx_word' id='word_1_118' title='bbox 97 1721 248 1803; x_wconf 67' lang='grc' dir='ltr'>κρατία</span> <span class='ocrx_word' id='word_1_119' title='bbox 269 1722 586 1796; x_wconf 76' lang='grc' dir='ltr'>νενικήκασι,</span> <span class='ocrx_word' id='word_1_120' title='bbox 613 1722 706 1783; x_wconf 76' lang='grc' dir='ltr'><strong>καὶ</strong></span> <span class='ocrx_word' id='word_1_121' title='bbox 725 1723 806 1783; x_wconf 77' lang='grc' dir='ltr'><strong>ὅτι</strong></span> <span class='ocrx_word' id='word_1_122' title='bbox 831 1724 985 1791; x_wconf 80' lang='grc' dir='ltr'>αὐτὸς</span> <span class='ocrx_word' id='word_1_123' title='bbox 1013 1723 1226 1803; x_wconf 80' lang='grc' dir='ltr'>κόσμιός</span> <span class='ocrx_word' id='word_1_124' title='bbox 1249 1727 1359 1783; x_wconf 85' lang='grc' dir='ltr'>ἐστι</span> <span class='ocrx_word' id='word_1_125' title='bbox 1381 1723 1469 1783; x_wconf 77' lang='grc' dir='ltr'><strong>καὶ</strong></span> <span class='ocrx_word' id='word_1_126' title='bbox 1493 1726 1592 1803; x_wconf 70' lang='grc' dir='ltr'><strong>οὐχ</strong></span> 
     </span>
     <span class='ocr_line' id='line_1_17' title="bbox 97 1808 1594 1892; baseline 0.001 -27"><span class='ocrx_word' id='word_1_127' title='bbox 97 1810 242 1885; x_wconf 68' lang='grc' dir='ltr'>δρᾶται</span> <span class='ocrx_word' id='word_1_128' title='bbox 275 1813 426 1868; x_wconf 77' lang='grc' dir='ltr'>ποιῶν</span> <span class='ocrx_word' id='word_1_129' title='bbox 467 1810 502 1868; x_wconf 74' lang='grc' dir='ltr'>ἃ</span> <span class='ocrx_word' id='word_1_130' title='bbox 547 1811 713 1892; x_wconf 79' lang='grc' dir='ltr'>ἕτεροι</span> <span class='ocrx_word' id='word_1_131' title='bbox 761 1811 978 1870; x_wconf 75' lang='grc' dir='ltr'>ἐνταῦθα</span> <span class='ocrx_word' id='word_1_132' title='bbox 1023 1812 1308 1889; x_wconf 80' lang='grc' dir='ltr'>τολμῶσιν,</span> <span class='ocrx_word' id='word_1_133' title='bbox 1353 1808 1488 1869; x_wconf 78' lang='grc' dir='ltr'>ἀλλὰ</span> <span class='ocrx_word' id='word_1_134' title='bbox 1528 1809 1594 1868; x_wconf 81' lang='grc' dir='ltr'><strong>τὰ</strong></span> 
     </span>
     <span class='ocr_line' id='line_1_18' title="bbox 97 1895 1594 1978; baseline 0.003 -27"><span class='ocrx_word' id='word_1_135' title='bbox 97 1895 244 1954; x_wconf 67' lang='grc' dir='ltr'>ἑαυτοῦ</span> <span class='ocrx_word' id='word_1_136' title='bbox 267 1896 500 1975; x_wconf 76' lang='grc' dir='ltr'>πράττειν</span> <span class='ocrx_word' id='word_1_137' title='bbox 525 1899 676 1967; x_wconf 79' lang='grc' dir='ltr'>ἀξιοῖ.</span> <span class='ocrx_word' id='word_1_138' title='bbox 762 1899 826 1978; x_wconf 74' lang='grc'>(4)</span> <span class='ocrx_word' id='word_1_139' title='bbox 847 1896 990 1977; x_wconf 81' lang='grc' dir='ltr'><strong>Ἐγὼ</strong></span> <span class='ocrx_word' id='word_1_140' title='bbox 1017 1898 1072 1957; x_wconf 85' lang='grc' dir='ltr'>δὲ</span> <span class='ocrx_word' id='word_1_141' title='bbox 1094 1897 1222 1978; x_wconf 82' lang='grc' dir='ltr'>πρὸς</span> <span class='ocrx_word' id='word_1_142' title='bbox 1244 1896 1454 1965; x_wconf 75' lang='grc' dir='ltr'>τούτους</span> <span class='ocrx_word' id='word_1_143' title='bbox 1476 1896 1594 1964; x_wconf 78' lang='grc' dir='ltr'>τοὺς</span> 
     </span>
     <span class='ocr_line' id='line_1_19' title="bbox 99 1976 1596 2065; baseline 0.001 -23"><span class='ocrx_word' id='word_1_144' title='bbox 99 1980 241 2058; x_wconf 80' lang='grc' dir='ltr'>λόγους</span> <span class='ocrx_word' id='word_1_145' title='bbox 263 1986 314 2042; x_wconf 84' lang='grc' dir='ltr'><strong>οὗ</strong></span> <span class='ocrx_word' id='word_1_146' title='bbox 338 1984 570 2063; x_wconf 74' lang='grc' dir='ltr'>χαλεπὸν</span> <span class='ocrx_word' id='word_1_147' title='bbox 609 1976 760 2063; x_wconf 72' lang='grc' dir='ltr'>οἶμαι</span> <span class='ocrx_word' id='word_1_148' title='bbox 796 1986 1080 2060; x_wconf 74' lang='grc' dir='ltr'>ἀντειπεῖν,</span> <span class='ocrx_word' id='word_1_149' title='bbox 1100 1985 1227 2065; x_wconf 82' lang='grc' dir='ltr'>πρὸς</span> <span class='ocrx_word' id='word_1_150' title='bbox 1251 1984 1347 2063; x_wconf 72' lang='grc' dir='ltr'><strong>μὲν</strong></span> <span class='ocrx_word' id='word_1_151' title='bbox 1374 1983 1467 2053; x_wconf 77' lang='grc' dir='ltr'><strong>τὰς</strong></span> <span class='ocrx_word' id='word_1_152' title='bbox 1488 1985 1596 2043; x_wconf 90' lang='grc' dir='ltr'>λει-</span> 
     </span>
     <span class='ocr_line' id='line_1_20' title="bbox 99 2064 1596 2154; baseline 0.004 -28"><span class='ocrx_word' id='word_1_153' title='bbox 99 2070 308 2149; x_wconf 70' lang='grc' dir='ltr'>ταιργίας,</span> <span class='ocrx_word' id='word_1_154' title='bbox 331 2071 407 2131; x_wconf 78' lang='grc' dir='ltr'><strong>ὅτι</strong></span> <span class='ocrx_word' id='word_1_155' title='bbox 435 2072 686 2153; x_wconf 76' lang='grc' dir='ltr'>κρείττων</span> <span class='ocrx_word' id='word_1_156' title='bbox 713 2064 776 2146; x_wconf 73' lang='grc' dir='ltr'><strong>ἦν</strong></span> <span class='ocrx_word' id='word_1_157' title='bbox 807 2077 836 2131; x_wconf 82' lang='grc' dir='ltr'><strong><em>ὃ</em></strong></span> <span class='ocrx_word' id='word_1_158' title='bbox 863 2072 1042 2154; x_wconf 83' lang='grc' dir='ltr'>πατὴρ</span> <span class='ocrx_word' id='word_1_159' title='bbox 1071 2075 1228 2132; x_wconf 83' lang='grc' dir='ltr'>αὐτοῦ</span> <span class='ocrx_word' id='word_1_160' title='bbox 1265 2072 1340 2151; x_wconf 81' lang='grc' dir='ltr'><strong>μὴ</strong></span> <span class='ocrx_word' id='word_1_161' title='bbox 1365 2074 1596 2153; x_wconf 86' lang='grc' dir='ltr'>λειτουρ-</span> 
     </span>
     <span class='ocr_line' id='line_1_21' title="bbox 59 2154 1594 2240; baseline -0.004 -17"><span class='ocrx_word' id='word_1_162' title='bbox 59 2174 84 2211; x_wconf 67' lang='lat'>⁸</span> <span class='ocrx_word' id='word_1_163' title='bbox 99 2154 274 2231; x_wconf 65' lang='grc' dir='ltr'>γήσαςῆ</span> <span class='ocrx_word' id='word_1_164' title='bbox 296 2165 518 2219; x_wconf 86' lang='grc' dir='ltr'>τοσαῦτα</span> <span class='ocrx_word' id='word_1_165' title='bbox 545 2163 651 2219; x_wconf 78' lang='grc' dir='ltr'><strong>τῶν</strong></span> <span class='ocrx_word' id='word_1_166' title='bbox 678 2164 863 2221; x_wconf 80' lang='grc' dir='ltr'>ἑαυτοῦ</span> <span class='ocrx_word' id='word_1_167' title='bbox 883 2160 1174 2228; x_wconf 77' lang='grc' dir='ltr'>ἀναλώσας·</span> <span class='ocrx_word' id='word_1_168' title='bbox 1198 2160 1284 2219; x_wconf 78' lang='grc' dir='ltr'><strong>διὰ</strong></span> <span class='ocrx_word' id='word_1_169' title='bbox 1306 2159 1406 2240; x_wconf 75' lang='grc' dir='ltr'>γὰρ</span> <span class='ocrx_word' id='word_1_170' title='bbox 1428 2164 1594 2219; x_wconf 88' lang='grc' dir='ltr'>ταῦτα</span> 
     </span>
     <span class='ocr_line' id='line_1_22' title="bbox 101 2244 1590 2327; baseline 0.005 -29"><span class='ocrx_word' id='word_1_171' title='bbox 101 2244 333 2313; x_wconf 76' lang='grc' dir='ltr'>πιστευθεὶς</span> <span class='ocrx_word' id='word_1_172' title='bbox 361 2248 458 2305; x_wconf 78' lang='grc' dir='ltr'>ὑπὸ</span> <span class='ocrx_word' id='word_1_173' title='bbox 481 2252 576 2306; x_wconf 89' lang='grc' dir='ltr'><strong>τοῦ</strong></span> <span class='ocrx_word' id='word_1_174' title='bbox 605 2246 772 2323; x_wconf 89' lang='grc' dir='ltr'>δήμου</span> <span class='ocrx_word' id='word_1_175' title='bbox 799 2247 1053 2307; x_wconf 77' lang='grc' dir='ltr'>κατέλυσε</span> <span class='ocrx_word' id='word_1_176' title='bbox 1081 2246 1176 2319; x_wconf 72' lang='grc' dir='ltr'><strong>τὴν</strong></span> <span class='ocrx_word' id='word_1_177' title='bbox 1200 2246 1554 2327; x_wconf 85' lang='grc' dir='ltr'>δημοκρατίαν</span> <span class='ocrx_word' id='word_1_178' title='bbox 1574 2291 1590 2320; x_wconf 96' lang='grc'>,</span> 
     </span>
     <span class='ocr_line' id='line_1_23' title="bbox 100 2321 1594 2414; baseline 0.005 -28"><span class='ocrx_word' id='word_1_179' title='bbox 100 2326 196 2386; x_wconf 69' lang='grc' dir='ltr'>ὥστ’</span> <span class='ocrx_word' id='word_1_180' title='bbox 220 2321 334 2389; x_wconf 75' lang='grc' dir='ltr'>εἶναι</span> <span class='ocrx_word' id='word_1_181' title='bbox 365 2338 534 2392; x_wconf 85' lang='grc' dir='ltr'>ταῦτα</span> <span class='ocrx_word' id='word_1_182' title='bbox 559 2331 629 2392; x_wconf 76' lang='grc' dir='ltr'><strong>τδι</strong></span> <span class='ocrx_word' id='word_1_183' title='bbox 653 2332 780 2414; x_wconf 77' lang='grc' dir='ltr'>ἔργα</span> <span class='ocrx_word' id='word_1_184' title='bbox 807 2332 1218 2413; x_wconf 76' lang='grc' dir='ltr'>ἀειμνηστότερα</span> <span class='ocrx_word' id='word_1_185' title='bbox 1243 2332 1278 2405; x_wconf 77' lang='grc' dir='ltr'>ἢ</span> <span class='ocrx_word' id='word_1_186' title='bbox 1315 2332 1384 2393; x_wconf 76' lang='grc' dir='ltr'><strong>τὰ</strong></span> <span class='ocrx_word' id='word_1_187' title='bbox 1407 2338 1466 2394; x_wconf 90' lang='grc' dir='ltr'><strong>ἐκ</strong></span> <span class='ocrx_word' id='word_1_188' title='bbox 1489 2338 1594 2394; x_wconf 83' lang='grc' dir='ltr'><strong>τῶν</strong></span> 
     </span>
     <span class='ocr_line' id='line_1_24' title="bbox 101 2418 1596 2502; baseline 0.006 -30"><span class='ocrx_word' id='word_1_189' title='bbox 101 2418 374 2498; x_wconf 78' lang='grc' dir='ltr'>λειτουργιῶν</span> <span class='ocrx_word' id='word_1_190' title='bbox 403 2422 548 2501; x_wconf 77' lang='grc' dir='ltr'>αὐτῷ</span> <span class='ocrx_word' id='word_1_191' title='bbox 575 2420 906 2497; x_wconf 80' lang='grc' dir='ltr'>ἀναθήματα·</span> <span class='ocrx_word' id='word_1_192' title='bbox 932 2420 996 2501; x_wconf 71' lang='grc' dir='ltr'><strong>(ε)</strong></span> <span class='ocrx_word' id='word_1_193' title='bbox 1027 2420 1154 2502; x_wconf 82' lang='grc' dir='ltr'>πρὸς</span> <span class='ocrx_word' id='word_1_194' title='bbox 1181 2422 1236 2480; x_wconf 83' lang='grc' dir='ltr'>δὲ</span> <span class='ocrx_word' id='word_1_195' title='bbox 1259 2420 1354 2493; x_wconf 75' lang='grc' dir='ltr'><strong>τὴν</strong></span> <span class='ocrx_word' id='word_1_196' title='bbox 1381 2422 1596 2501; x_wconf 80' lang='grc' dir='ltr'>ἡσυχιό-</span> 
     </span>
     <span class='ocr_line' id='line_1_25' title="bbox 101 2504 1597 2582; baseline 0.005 -21"><span class='ocrx_word' id='word_1_197' title='bbox 101 2524 204 2574; x_wconf 72' lang='grc' dir='ltr'>τητα</span> <span class='ocrx_word' id='word_1_198' title='bbox 222 2504 304 2576; x_wconf 75' lang='grc' dir='ltr'><strong>τὴν</strong></span> <span class='ocrx_word' id='word_1_199' title='bbox 328 2509 524 2582; x_wconf 79' lang='grc' dir='ltr'>τούτου,</span> <span class='ocrx_word' id='word_1_200' title='bbox 553 2506 632 2567; x_wconf 78' lang='grc' dir='ltr'><strong>ὅτι</strong></span> <span class='ocrx_word' id='word_1_201' title='bbox 660 2510 718 2567; x_wconf 81' lang='grc' dir='ltr'><strong>οὗ</strong></span> <span class='ocrx_word' id='word_1_202' title='bbox 751 2514 840 2566; x_wconf 89' lang='grc' dir='ltr'><strong>νῦν</strong></span> <span class='ocrx_word' id='word_1_203' title='bbox 873 2510 950 2567; x_wconf 82' lang='grc' dir='ltr'><strong>δεῖ</strong></span> <span class='ocrx_word' id='word_1_204' title='bbox 973 2508 1129 2569; x_wconf 81' lang='grc' dir='ltr'>αὐτὸν</span> <span class='ocrx_word' id='word_1_205' title='bbox 1156 2508 1405 2579; x_wconf 78' lang='grc' dir='ltr'>ἐξετάζειν</span> <span class='ocrx_word' id='word_1_206' title='bbox 1426 2512 1472 2568; x_wconf 82' lang='grc' dir='ltr'><strong>εἰ</strong></span> <span class='ocrx_word' id='word_1_207' title='bbox 1493 2509 1597 2568; x_wconf 85' lang='grc' dir='ltr'><strong>σώ-</strong></span> 
     </span>
     <span class='ocr_line' id='line_1_26' title="bbox 103 2594 1597 2675; baseline 0.004 -26"><span class='ocrx_word' id='word_1_208' title='bbox 103 2611 212 2667; x_wconf 69' lang='grc' dir='ltr'>φρων</span> <span class='ocrx_word' id='word_1_209' title='bbox 235 2594 378 2671; x_wconf 78' lang='grc' dir='ltr'>ἐστίν,</span> <span class='ocrx_word' id='word_1_210' title='bbox 401 2594 476 2653; x_wconf 80' lang='grc' dir='ltr'><strong>ὅτ’</strong></span> <span class='ocrx_word' id='word_1_211' title='bbox 509 2595 672 2655; x_wconf 79' lang='grc' dir='ltr'>αὗτὸν</span> <span class='ocrx_word' id='word_1_212' title='bbox 713 2598 806 2655; x_wconf 82' lang='grc' dir='ltr'><strong>οὐκ</strong></span> <span class='ocrx_word' id='word_1_213' title='bbox 847 2596 1040 2664; x_wconf 84' lang='grc' dir='ltr'>ἔξεστιν</span> <span class='ocrx_word' id='word_1_214' title='bbox 1085 2596 1405 2674; x_wconf 84' lang='grc' dir='ltr'>ἀσελγαίνειν</span> <span class='ocrx_word' id='word_1_215' title='bbox 1423 2642 1442 2675; x_wconf 96' lang='grc'>,</span> <span class='ocrx_word' id='word_1_216' title='bbox 1483 2596 1597 2655; x_wconf 79' lang='grc' dir='ltr'>ἀλλ’</span> 
     </span>
     <span class='ocr_line' id='line_1_27' title="bbox 103 2675 1602 2766; baseline 0.005 -32"><span class='ocrx_word' id='word_1_217' title='bbox 103 2679 252 2736; x_wconf 75' lang='grc' dir='ltr'>ἐκεῖνον</span> <span class='ocrx_word' id='word_1_218' title='bbox 273 2680 352 2739; x_wconf 80' lang='grc' dir='ltr'><strong>τὸν</strong></span> <span class='ocrx_word' id='word_1_219' title='bbox 380 2683 570 2764; x_wconf 75' lang='grc' dir='ltr'>χρόνον</span> <span class='ocrx_word' id='word_1_220' title='bbox 608 2692 839 2757; x_wconf 84' lang='grc' dir='ltr'>σκοπεῖν,</span> <span class='ocrx_word' id='word_1_221' title='bbox 873 2686 927 2743; x_wconf 85' lang='grc' dir='ltr'><strong>ἐν</strong></span> <span class='ocrx_word' id='word_1_222' title='bbox 957 2675 1002 2764; x_wconf 71' lang='grc' dir='ltr'>ᾧ</span> <span class='ocrx_word' id='word_1_223' title='bbox 1040 2681 1150 2751; x_wconf 80' lang='grc' dir='ltr'>ἐξὸν</span> <span class='ocrx_word' id='word_1_224' title='bbox 1174 2684 1430 2766; x_wconf 81' lang='grc' dir='ltr'>ὁποτέρως</span> <span class='ocrx_word' id='word_1_225' title='bbox 1458 2683 1602 2743; x_wconf 66' lang='lat'><strong>3606-</strong></span> 
     </span>
     <span class='ocr_line' id='line_1_28' title="bbox 104 2763 1599 2850; baseline 0.007 -28"><span class='ocrx_word' id='word_1_226' title='bbox 104 2763 193 2822; x_wconf 75' lang='grc' dir='ltr'>ὶετο</span> <span class='ocrx_word' id='word_1_227' title='bbox 213 2770 292 2837; x_wconf 69' lang='grc' dir='ltr'><strong>ζῆν</strong></span> <span class='ocrx_word' id='word_1_228' title='bbox 325 2767 488 2829; x_wconf 74' lang='grc' dir='ltr'>εἵλετο</span> <span class='ocrx_word' id='word_1_229' title='bbox 533 2770 853 2849; x_wconf 84' lang='grc' dir='ltr'>παρανόμως</span> <span class='ocrx_word' id='word_1_230' title='bbox 892 2771 1271 2842; x_wconf 77' lang='grc' dir='ltr'>πολιτευθῆναι.</span> <span class='ocrx_word' id='word_1_231' title='bbox 1350 2773 1460 2832; x_wconf 88' lang='grc' dir='ltr'><strong>Τοῦ</strong></span> <span class='ocrx_word' id='word_1_232' title='bbox 1505 2771 1599 2850; x_wconf 70' lang='grc' dir='ltr'><strong>μὲν</strong></span> 
     </span>
     <span class='ocr_line' id='line_1_29' title="bbox 59 2844 1598 2936; baseline 0.005 -28"><span class='ocrx_word' id='word_1_233' title='bbox 59 2864 84 2903; x_wconf 68' lang='lat'>⁰</span> <span class='ocrx_word' id='word_1_234' title='bbox 101 2844 176 2927; x_wconf 66' lang='grc' dir='ltr'><strong>γὰρ</strong></span> <span class='ocrx_word' id='word_1_235' title='bbox 203 2856 276 2909; x_wconf 80' lang='grc' dir='ltr'><strong>νῦν</strong></span> <span class='ocrx_word' id='word_1_236' title='bbox 323 2856 482 2930; x_wconf 86' lang='grc' dir='ltr'>μηδὲν</span> <span class='ocrx_word' id='word_1_237' title='bbox 532 2854 910 2936; x_wconf 76' lang='grc' dir='ltr'>ἐξαμαρτάνειν</span> <span class='ocrx_word' id='word_1_238' title='bbox 961 2858 1008 2915; x_wconf 78' lang='grc' dir='ltr'><strong>οἱ</strong></span> <span class='ocrx_word' id='word_1_239' title='bbox 1055 2856 1380 2925; x_wconf 79' lang='grc' dir='ltr'>κωλύσαντες</span> <span class='ocrx_word' id='word_1_240' title='bbox 1420 2858 1598 2936; x_wconf 81' lang='grc' dir='ltr'>αἴτιοι,</span> 
     </span>
     <span class='ocr_line' id='line_1_30' title="bbox 103 2936 1600 3027; baseline 0.005 -32"><span class='ocrx_word' id='word_1_241' title='bbox 103 2938 180 2991; x_wconf 68' lang='grc' dir='ltr'><strong>τῶν</strong></span> <span class='ocrx_word' id='word_1_242' title='bbox 202 2936 246 2995; x_wconf 80' lang='grc' dir='ltr'>δὲ</span> <span class='ocrx_word' id='word_1_243' title='bbox 270 2939 374 2997; x_wconf 82' lang='grc' dir='ltr'>τότε</span> <span class='ocrx_word' id='word_1_244' title='bbox 393 2942 754 3019; x_wconf 68' lang='grc' dir='ltr'>γεγενημένων</span> <span class='ocrx_word' id='word_1_245' title='bbox 773 2946 805 3001; x_wconf 80' lang='grc' dir='ltr'><strong>ὁ</strong></span> <span class='ocrx_word' id='word_1_246' title='bbox 824 2942 1006 3003; x_wconf 81' lang='grc' dir='ltr'>τούτου</span> <span class='ocrx_word' id='word_1_247' title='bbox 1032 2944 1220 3027; x_wconf 83' lang='grc' dir='ltr'>τρόπος</span> <span class='ocrx_word' id='word_1_248' title='bbox 1240 2944 1331 3004; x_wconf 79' lang='grc' dir='ltr'><strong>καὶ</strong></span> <span class='ocrx_word' id='word_1_249' title='bbox 1361 2947 1408 3003; x_wconf 78' lang='grc' dir='ltr'><strong>οἳ</strong></span> <span class='ocrx_word' id='word_1_250' title='bbox 1430 2942 1600 3027; x_wconf 83' lang='grc' dir='ltr'>τούτῳ</span> 
     </span>
     <span class='ocr_line' id='line_1_31' title="bbox 104 3021 1602 3110; baseline 0.009 -32"><span class='ocrx_word' id='word_1_251' title='bbox 104 3021 341 3101; x_wconf 70' lang='grc' dir='ltr'>ἐπιτρέπειν</span> <span class='ocrx_word' id='word_1_252' title='bbox 379 3028 664 3097; x_wconf 79' lang='grc' dir='ltr'>ἀξιοῦντες.</span> <span class='ocrx_word' id='word_1_253' title='bbox 748 3028 924 3091; x_wconf 80' lang='grc' dir='ltr'>Ὥστε</span> <span class='ocrx_word' id='word_1_254' title='bbox 952 3031 1016 3089; x_wconf 78' lang='grc' dir='ltr'><strong>ἂν</strong></span> <span class='ocrx_word' id='word_1_255' title='bbox 1063 3034 1124 3091; x_wconf 85' lang='grc' dir='ltr'><strong>ἐκ</strong></span> <span class='ocrx_word' id='word_1_256' title='bbox 1157 3032 1350 3092; x_wconf 81' lang='grc' dir='ltr'>τούτων</span> <span class='ocrx_word' id='word_1_257' title='bbox 1391 3032 1602 3110; x_wconf 82' lang='grc' dir='ltr'>δοκιμά·</span> 
     </span>
     <span class='ocr_line' id='line_1_32' title="bbox 105 3110 1603 3199; baseline 0.008 -31"><span class='ocrx_word' id='word_1_258' title='bbox 105 3110 236 3175; x_wconf 64' lang='lat' dir='ltr'><strong>terem</strong></span> <span class='ocrx_word' id='word_1_259' title='bbox 271 3114 410 3186; x_wconf 77' lang='grc' dir='ltr'>ἀξιοῖ,</span> <span class='ocrx_word' id='word_1_260' title='bbox 450 3122 625 3175; x_wconf 83' lang='grc' dir='ltr'>ταῦτα</span> <span class='ocrx_word' id='word_1_261' title='bbox 675 3115 780 3197; x_wconf 77' lang='grc' dir='ltr'>χρὴ</span> <span class='ocrx_word' id='word_1_262' title='bbox 831 3118 1244 3197; x_wconf 75' lang='grc' dir='ltr'>ὓπολαμὸοίνειν,</span> <span class='ocrx_word' id='word_1_263' title='bbox 1285 3119 1362 3199; x_wconf 78' lang='grc' dir='ltr'><strong>μὴ</strong></span> <span class='ocrx_word' id='word_1_264' title='bbox 1407 3120 1603 3192; x_wconf 78' lang='grc' dir='ltr'>εὐήθεις</span> 
     </span>
     <span class='ocr_line' id='line_1_33' title="bbox 105 3189 583 3277; baseline 0.023 -24"><span class='ocrx_word' id='word_1_265' title='bbox 105 3195 212 3277; x_wconf 69' lang='grc' dir='ltr'>αὐτῷ</span> <span class='ocrx_word' id='word_1_266' title='bbox 233 3189 348 3257; x_wconf 76' lang='grc' dir='ltr'>εἶναι</span> <span class='ocrx_word' id='word_1_267' title='bbox 370 3203 583 3275; x_wconf 75' lang='grc' dir='ltr'>δοκῆτε.</span> 
     </span>
    </p>

    <p class='ocr_par' dir='ltr' id='par_1_6' title="bbox 103 3285 1604 3551">
     <span class='ocr_line' id='line_1_34' title="bbox 158 3285 1602 3376; baseline 0.01 -35"><span class='ocrx_word' id='word_1_268' title='bbox 158 3304 194 3343; x_wconf 79' lang='grc' dir='ltr'><strong>ε.</strong></span> <span class='ocrx_word' id='word_1_269' title='bbox 231 3285 312 3346; x_wconf 81' lang='grc' dir='ltr'><strong>Ἂν</strong></span> <span class='ocrx_word' id='word_1_270' title='bbox 349 3288 402 3347; x_wconf 87' lang='grc' dir='ltr'>δὲ</span> <span class='ocrx_word' id='word_1_271' title='bbox 449 3291 544 3350; x_wconf 75' lang='grc' dir='ltr'><strong>καὶ</strong></span> <span class='ocrx_word' id='word_1_272' title='bbox 577 3290 682 3363; x_wconf 26' lang='grc' dir='ltr'>,ἐπὶ</span> <span class='ocrx_word' id='word_1_273' title='bbox 727 3292 922 3353; x_wconf 85' lang='grc' dir='ltr'>τοιόνδε</span> <span class='ocrx_word' id='word_1_274' title='bbox 966 3292 1114 3373; x_wconf 86' lang='grc' dir='ltr'>λόγον</span> <span class='ocrx_word' id='word_1_275' title='bbox 1149 3294 1450 3376; x_wconf 79' lang='grc' dir='ltr'>τράπωνται</span> <span class='ocrx_word' id='word_1_276' title='bbox 1468 3341 1488 3374; x_wconf 91' lang='grc'>,</span> <span class='ocrx_word' id='word_1_277' title='bbox 1533 3298 1602 3364; x_wconf 80' lang='grc' dir='ltr'><strong>ὡς</strong></span> 
     </span>
     <span class='ocr_line' id='line_1_35' title="bbox 103 3370 1598 3464; baseline 0.009 -35"><span class='ocrx_word' id='word_1_278' title='bbox 103 3370 280 3449; x_wconf 72' lang='grc' dir='ltr'>δχρόνος</span> <span class='ocrx_word' id='word_1_279' title='bbox 294 3378 382 3435; x_wconf 79' lang='grc' dir='ltr'><strong>οὐκ</strong></span> <span class='ocrx_word' id='word_1_280' title='bbox 393 3379 624 3461; x_wconf 76' lang='grc' dir='ltr'>ἐγχωρεῖ</span> <span class='ocrx_word' id='word_1_281' title='bbox 641 3378 799 3439; x_wconf 78' lang='grc' dir='ltr'>ἄλλον</span> <span class='ocrx_word' id='word_1_282' title='bbox 817 3383 1188 3464; x_wconf 78' lang='grc' dir='ltr'>ἀποκληρῶσαι</span> <span class='ocrx_word' id='word_1_283' title='bbox 1206 3427 1224 3459; x_wconf 92' lang='grc'>,</span> <span class='ocrx_word' id='word_1_284' title='bbox 1245 3382 1362 3442; x_wconf 84' lang='grc' dir='ltr'>ἀλλ’</span> <span class='ocrx_word' id='word_1_285' title='bbox 1376 3382 1598 3461; x_wconf 80' lang='grc' dir='ltr'>ἀνάγκη,</span> 
     </span>
     <span class='ocr_line' id='line_1_36' title="bbox 104 3454 1604 3551; baseline 0.012 -40"><span class='ocrx_word' id='word_1_286' title='bbox 104 3454 170 3513; x_wconf 68' lang='grc' dir='ltr'>ἐὰν</span> <span class='ocrx_word' id='word_1_287' title='bbox 191 3462 319 3519; x_wconf 79' lang='grc' dir='ltr'>αὐτὸν</span> <span class='ocrx_word' id='word_1_288' title='bbox 341 3465 803 3545; x_wconf 74' lang='grc' dir='ltr'>ἀποδοκιμάσητε,</span> <span class='ocrx_word' id='word_1_289' title='bbox 835 3468 996 3527; x_wconf 82' lang='grc' dir='ltr'>ἄθυτα</span> <span class='ocrx_word' id='word_1_290' title='bbox 1037 3468 1105 3527; x_wconf 77' lang='grc' dir='ltr'><strong>τὰ</strong></span> <span class='ocrx_word' id='word_1_291' title='bbox 1137 3469 1332 3551; x_wconf 76' lang='grc' dir='ltr'>πάτρια</span> <span class='ocrx_word' id='word_1_292' title='bbox 1367 3470 1482 3551; x_wconf 77' lang='grc' dir='ltr'>ἱερὰ</span> <span class='ocrx_word' id='word_1_293' title='bbox 1509 3469 1604 3549; x_wconf 88' lang='grc' dir='ltr'><strong>γί-</strong></span> 
     </span>
    </p>

    <p class='ocr_par' dir='ltr' id='par_1_7' title="bbox 59 3548 1605 3900">
     <span class='ocr_line' id='line_1_37' title="bbox 59 3548 1599 3636; baseline 0.012 -40"><span class='ocrx_word' id='word_1_294' title='bbox 59 3556 86 3597; x_wconf 69' lang='grc'>5</span> <span class='ocrx_word' id='word_1_295' title='bbox 104 3552 290 3621; x_wconf 77' lang='grc' dir='ltr'>γνεσθαι,</span> <span class='ocrx_word' id='word_1_296' title='bbox 307 3548 418 3609; x_wconf 78' lang='grc' dir='ltr'>τάδ’</span> <span class='ocrx_word' id='word_1_297' title='bbox 439 3552 766 3632; x_wconf 84' lang='grc' dir='ltr'>ἐνθυμήθητε</span> <span class='ocrx_word' id='word_1_298' title='bbox 781 3598 798 3626; x_wconf 93' lang='grc'>,</span> <span class='ocrx_word' id='word_1_299' title='bbox 821 3551 899 3613; x_wconf 75' lang='grc' dir='ltr'><strong>ὅτι</strong></span> <span class='ocrx_word' id='word_1_300' title='bbox 923 3554 1088 3613; x_wconf 80' lang='grc' dir='ltr'>πάλαι</span> <span class='ocrx_word' id='word_1_301' title='bbox 1116 3560 1143 3614; x_wconf 83' lang='grc' dir='ltr'><strong>ὁ</strong></span> <span class='ocrx_word' id='word_1_302' title='bbox 1163 3556 1344 3636; x_wconf 83' lang='grc' dir='ltr'>χρόνος</span> <span class='ocrx_word' id='word_1_303' title='bbox 1364 3556 1468 3628; x_wconf 80' lang='grc' dir='ltr'><strong>ἤδη</strong></span> <span class='ocrx_word' id='word_1_304' title='bbox 1495 3579 1599 3614; x_wconf 85' lang='grc' dir='ltr'><strong>πα·</strong></span> 
     </span>
     <span class='ocr_line' id='line_1_38' title="bbox 103 3631 1605 3723; baseline 0 -21"><span class='ocrx_word' id='word_1_305' title='bbox 103 3631 343 3705; x_wconf 59' lang='grc' dir='ltr'>μλῆλυθεν.</span> <span class='ocrx_word' id='word_1_306' title='bbox 378 3636 448 3699; x_wconf 85' lang='grc' dir='ltr'><strong>Ἥ</strong></span> <span class='ocrx_word' id='word_1_307' title='bbox 465 3637 574 3720; x_wconf 76' lang='grc' dir='ltr'>γὰρ</span> <span class='ocrx_word' id='word_1_308' title='bbox 598 3638 776 3719; x_wconf 84' lang='grc' dir='ltr'>αὔριον</span> <span class='ocrx_word' id='word_1_309' title='bbox 794 3640 972 3723; x_wconf 81' lang='grc' dir='ltr'>ἡμέρα</span> <span class='ocrx_word' id='word_1_310' title='bbox 993 3642 1128 3720; x_wconf 87' lang='grc' dir='ltr'>μόνη</span> <span class='ocrx_word' id='word_1_311' title='bbox 1150 3642 1306 3715; x_wconf 83' lang='grc' dir='ltr'>λοιπὴ</span> <span class='ocrx_word' id='word_1_312' title='bbox 1326 3648 1416 3702; x_wconf 91' lang='grc' dir='ltr'><strong>τοῦ</strong></span> <span class='ocrx_word' id='word_1_313' title='bbox 1443 3645 1605 3702; x_wconf 78' lang='grc' dir='ltr'>ἐνιαυ-</span> 
     </span>
     <span class='ocr_line' id='line_1_39' title="bbox 101 3722 1602 3811; baseline 0.009 -36"><span class='ocrx_word' id='word_1_314' title='bbox 101 3722 168 3774; x_wconf 69' lang='grc' dir='ltr'><strong>τοῦ</strong></span> <span class='ocrx_word' id='word_1_315' title='bbox 187 3722 322 3795; x_wconf 81' lang='grc' dir='ltr'>ἐστιν,</span> <span class='ocrx_word' id='word_1_316' title='bbox 342 3728 393 3783; x_wconf 85' lang='grc' dir='ltr'><strong>ἐν</strong></span> <span class='ocrx_word' id='word_1_317' title='bbox 415 3726 470 3784; x_wconf 79' lang='grc' dir='ltr'>δὲ</span> <span class='ocrx_word' id='word_1_318' title='bbox 488 3726 662 3807; x_wconf 79' lang='grc' dir='ltr'>ταύτῃ</span> <span class='ocrx_word' id='word_1_319' title='bbox 681 3732 758 3807; x_wconf 78' lang='grc' dir='ltr'><strong>τῷ</strong></span> <span class='ocrx_word' id='word_1_320' title='bbox 775 3728 861 3788; x_wconf 86' lang='grc' dir='ltr'><strong>Διὶ</strong></span> <span class='ocrx_word' id='word_1_321' title='bbox 879 3734 954 3810; x_wconf 81' lang='grc' dir='ltr'><strong>τῷ</strong></span> <span class='ocrx_word' id='word_1_322' title='bbox 971 3735 1164 3811; x_wconf 76' lang='grc' dir='ltr'>σωτῆρι</span> <span class='ocrx_word' id='word_1_323' title='bbox 1183 3730 1333 3791; x_wconf 81' lang='grc' dir='ltr'>θυσία</span> <span class='ocrx_word' id='word_1_324' title='bbox 1353 3730 1602 3811; x_wconf 89' lang='grc' dir='ltr'>γίγνεται,</span> 
     </span>
     <span class='ocr_line' id='line_1_40' title="bbox 102 3801 1602 3900; baseline 0.013 -41"><span class='ocrx_word' id='word_1_325' title='bbox 102 3801 376 3890; x_wconf 80' lang='grc' dir='ltr'>δικαστήριον</span> <span class='ocrx_word' id='word_1_326' title='bbox 405 3812 460 3871; x_wconf 78' lang='grc' dir='ltr'>δὲ</span> <span class='ocrx_word' id='word_1_327' title='bbox 497 3814 652 3896; x_wconf 78' lang='grc' dir='ltr'>παρὰ</span> <span class='ocrx_word' id='word_1_328' title='bbox 676 3814 793 3883; x_wconf 75' lang='grc' dir='ltr'>τοὺς</span> <span class='ocrx_word' id='word_1_329' title='bbox 816 3816 1002 3893; x_wconf 83' lang='grc' dir='ltr'>νόμους</span> <span class='ocrx_word' id='word_1_330' title='bbox 1041 3820 1098 3876; x_wconf 82' lang='grc' dir='ltr'><strong>οὗ</strong></span> <span class='ocrx_word' id='word_1_331' title='bbox 1137 3816 1350 3877; x_wconf 77' lang='grc' dir='ltr'>δυνατὸν</span> <span class='ocrx_word' id='word_1_332' title='bbox 1383 3820 1602 3900; x_wconf 83' lang='grc' dir='ltr'>πληρω-</span> 
     </span>
    </p>

    <p class='ocr_par' dir='ltr' id='par_1_8' title="bbox 60 3893 1605 4335">
     <span class='ocr_line' id='line_1_41' title="bbox 60 3893 1600 3987; baseline 0.004 -28"><span class='ocrx_word' id='word_1_333' title='bbox 60 3916 62 3921; x_wconf 85' lang='grc'><strong>’</strong></span> <span class='ocrx_word' id='word_1_334' title='bbox 101 3893 230 3959; x_wconf 62' lang='grc' dir='ltr'>θῆναι.</span> <span class='ocrx_word' id='word_1_335' title='bbox 269 3899 326 3976; x_wconf 73' lang='grc'><strong>(7)</strong></span> <span class='ocrx_word' id='word_1_336' title='bbox 372 3902 439 3961; x_wconf 78' lang='grc' dir='ltr'><strong>Εἰ</strong></span> <span class='ocrx_word' id='word_1_337' title='bbox 467 3900 524 3959; x_wconf 82' lang='grc' dir='ltr'>δὲ</span> <span class='ocrx_word' id='word_1_338' title='bbox 547 3906 716 3961; x_wconf 90' lang='grc' dir='ltr'>ταῦτα</span> <span class='ocrx_word' id='word_1_339' title='bbox 739 3902 889 3963; x_wconf 73' lang='grc' dir='ltr'>πάνθ’</span> <span class='ocrx_word' id='word_1_340' title='bbox 911 3895 1055 3972; x_wconf 68' lang='grc' dir='ltr'>οὗτος</span> <span class='ocrx_word' id='word_1_341' title='bbox 1071 3903 1207 3965; x_wconf 77' lang='grc' dir='ltr'>ὥστε</span> <span class='ocrx_word' id='word_1_342' title='bbox 1230 3905 1465 3987; x_wconf 88' lang='grc' dir='ltr'>γενέσθαι</span> <span class='ocrx_word' id='word_1_343' title='bbox 1487 3908 1600 3965; x_wconf 85' lang='grc' dir='ltr'>δια-</span> 
     </span>
     <span class='ocr_line' id='line_1_42' title="bbox 102 3977 1604 4072; baseline 0.013 -39"><span class='ocrx_word' id='word_1_344' title='bbox 102 3977 380 4063; x_wconf 78' lang='grc' dir='ltr'>πέπρακται,</span> <span class='ocrx_word' id='word_1_345' title='bbox 417 3987 471 4047; x_wconf 88' lang='grc' dir='ltr'><strong>τί</strong></span> <span class='ocrx_word' id='word_1_346' title='bbox 509 3990 871 4069; x_wconf 72' lang='grc' dir='ltr'>προσδοκῆσαι</span> <span class='ocrx_word' id='word_1_347' title='bbox 922 3992 1000 4051; x_wconf 81' lang='grc' dir='ltr'><strong>δεῖ</strong></span> <span class='ocrx_word' id='word_1_348' title='bbox 1049 3992 1406 4072; x_wconf 80' lang='grc' dir='ltr'>δοκιμασθέντ’</span> <span class='ocrx_word' id='word_1_349' title='bbox 1449 3992 1604 4053; x_wconf 79' lang='grc' dir='ltr'>αὐτὸν</span> 
     </span>
     <span class='ocr_line' id='line_1_43' title="bbox 101 4068 1602 4161; baseline 0.009 -34"><span class='ocrx_word' id='word_1_350' title='bbox 101 4068 308 4146; x_wconf 63' lang='grc' dir='ltr'>ποιήσειν,</span> <span class='ocrx_word' id='word_1_351' title='bbox 339 4077 385 4132; x_wconf 84' lang='grc' dir='ltr'><strong>εἷ</strong></span> <span class='ocrx_word' id='word_1_352' title='bbox 418 4074 518 4147; x_wconf 74' lang='grc' dir='ltr'><strong>τὴν</strong></span> <span class='ocrx_word' id='word_1_353' title='bbox 545 4077 781 4147; x_wconf 80' lang='grc' dir='ltr'>ἐξιοῦσαν</span> <span class='ocrx_word' id='word_1_354' title='bbox 807 4078 974 4161; x_wconf 79' lang='grc' dir='ltr'>ἀρχὴν</span> <span class='ocrx_word' id='word_1_355' title='bbox 998 4080 1241 4141; x_wconf 78' lang='grc' dir='ltr'>πέπεικεν</span> <span class='ocrx_word' id='word_1_356' title='bbox 1271 4083 1427 4142; x_wconf 77' lang='grc' dir='ltr'>αὐτοῦ</span> <span class='ocrx_word' id='word_1_357' title='bbox 1453 4082 1602 4141; x_wconf 76' lang='grc' dir='ltr'>ἕνεκα</span> 
     </span>
     <span class='ocr_line' id='line_1_44' title="bbox 101 4155 1605 4252; baseline 0.008 -35"><span class='ocrx_word' id='word_1_358' title='bbox 101 4164 452 4242; x_wconf 50' lang='lat' dir='ltr'><strong>*wattoni-{eug</strong></span> <span class='ocrx_word' id='word_1_359' title='bbox 495 4155 583 4243; x_wconf 67' lang='grc' dir='ltr'>ἆρ’</span> <span class='ocrx_word' id='word_1_360' title='bbox 623 4164 685 4223; x_wconf 79' lang='grc' dir='ltr'><strong>διν</strong></span> <span class='ocrx_word' id='word_1_361' title='bbox 729 4166 879 4245; x_wconf 84' lang='grc' dir='ltr'>ὀλίγα</span> <span class='ocrx_word' id='word_1_362' title='bbox 919 4174 1136 4229; x_wconf 88' lang='grc' dir='ltr'>τοιαῦτα</span> <span class='ocrx_word' id='word_1_363' title='bbox 1176 4172 1228 4228; x_wconf 89' lang='grc' dir='ltr'><strong>ἐν</strong></span> <span class='ocrx_word' id='word_1_364' title='bbox 1276 4172 1349 4252; x_wconf 79' lang='grc' dir='ltr'><strong>τῷ</strong></span> <span class='ocrx_word' id='word_1_365' title='bbox 1389 4172 1605 4250; x_wconf 80' lang='grc' dir='ltr'>ἐνιαυτῷ</span> 
     </span>
     <span class='ocr_line' id='line_1_45' title="bbox 102 4239 1605 4335; baseline 0.008 -32"><span class='ocrx_word' id='word_1_366' title='bbox 102 4239 461 4324; x_wconf 67' lang='grc' dir='ltr'>διαπράξασθαι,</span> <span class='ocrx_word' id='word_1_367' title='bbox 500 4249 611 4330; x_wconf 83' lang='grc' dir='ltr'><strong>ἐγὼ</strong></span> <span class='ocrx_word' id='word_1_368' title='bbox 657 4253 750 4329; x_wconf 85' lang='grc' dir='ltr'><strong>μὲν</strong></span> <span class='ocrx_word' id='word_1_369' title='bbox 772 4254 887 4335; x_wconf 46' lang='grc' dir='ltr'>-γὰρ</span> <span class='ocrx_word' id='word_1_370' title='bbox 907 4256 1000 4314; x_wconf 75' lang='grc' dir='ltr'><strong>οὐκ</strong></span> <span class='ocrx_word' id='word_1_371' title='bbox 1019 4255 1082 4313; x_wconf 75' lang='grc' dir='ltr'><strong>ἂν</strong></span> <span class='ocrx_word' id='word_1_372' title='bbox 1105 4246 1272 4334; x_wconf 72' lang='grc' dir='ltr'>οἶμαι.</span> <span class='ocrx_word' id='word_1_373' title='bbox 1359 4258 1422 4335; x_wconf 79' lang='lat' dir='ltr'><strong>(a)</strong></span> <span class='ocrx_word' id='word_1_374' title='bbox 1445 4254 1605 4317; x_wconf 87' lang='grc' dir='ltr'>Ἔστι</span> 
     </span>
    </p>

    <p class='ocr_par' dir='ltr' id='par_1_9' title="bbox 59 4325 1607 4857">
     <span class='ocr_line' id='line_1_46' title="bbox 59 4325 1603 4424; baseline 0.007 -33"><span class='ocrx_word' id='word_1_375' title='bbox 59 4325 132 4381; x_wconf 69' lang='lat'><strong>&#39;⁰3’</strong></span> <span class='ocrx_word' id='word_1_376' title='bbox 161 4332 260 4405; x_wconf 71' lang='grc' dir='ltr'>ῧμῖν</span> <span class='ocrx_word' id='word_1_377' title='bbox 289 4336 344 4392; x_wconf 78' lang='grc' dir='ltr'><strong>οὗ</strong></span> <span class='ocrx_word' id='word_1_378' title='bbox 385 4342 540 4397; x_wconf 87' lang='grc' dir='ltr'>τοῦτο</span> <span class='ocrx_word' id='word_1_379' title='bbox 579 4338 733 4415; x_wconf 83' lang='grc' dir='ltr'>μόνον</span> <span class='ocrx_word' id='word_1_380' title='bbox 772 4342 1046 4420; x_wconf 81' lang='grc' dir='ltr'>σκεπτέον,</span> <span class='ocrx_word' id='word_1_381' title='bbox 1089 4343 1224 4401; x_wconf 77' lang='grc' dir='ltr'>ἀλλὰ</span> <span class='ocrx_word' id='word_1_382' title='bbox 1260 4343 1352 4403; x_wconf 77' lang='grc' dir='ltr'><strong>καὶ</strong></span> <span class='ocrx_word' id='word_1_383' title='bbox 1389 4342 1603 4424; x_wconf 87' lang='grc' dir='ltr'>πότερον</span> 
     </span>
     <span class='ocr_line' id='line_1_47' title="bbox 101 4416 1605 4513; baseline 0.013 -42"><span class='ocrx_word' id='word_1_384' title='bbox 101 4416 408 4502; x_wconf 66' lang='grc' dir='ltr'>εὗσεὸέστερον</span> <span class='ocrx_word' id='word_1_385' title='bbox 424 4424 516 4484; x_wconf 77' lang='grc' dir='ltr'><strong>τὸν</strong></span> <span class='ocrx_word' id='word_1_386' title='bbox 539 4426 762 4505; x_wconf 82' lang='grc' dir='ltr'>βασιλέα</span> <span class='ocrx_word' id='word_1_387' title='bbox 780 4428 1004 4497; x_wconf 75' lang='grc' dir='ltr'>καὶτοὺς</span> <span class='ocrx_word' id='word_1_388' title='bbox 1021 4430 1372 4511; x_wconf 78' lang='grc' dir='ltr'>συνάρχοντας</span> <span class='ocrx_word' id='word_1_389' title='bbox 1391 4431 1455 4490; x_wconf 78' lang='grc' dir='ltr'><strong>τὰ</strong></span> <span class='ocrx_word' id='word_1_390' title='bbox 1476 4431 1605 4513; x_wconf 78' lang='grc' dir='ltr'>ὑπὲρ</span> 
     </span>
     <span class='ocr_line' id='line_1_48' title="bbox 102 4505 1604 4601; baseline 0.008 -35"><span class='ocrx_word' id='word_1_391' title='bbox 102 4505 168 4556; x_wconf 60' lang='grc' dir='ltr'><strong>τῶ</strong></span> <span class='ocrx_word' id='word_1_392' title='bbox 188 4505 438 4578; x_wconf 73' lang='grc' dir='ltr'>μέλλοντος</span> <span class='ocrx_word' id='word_1_393' title='bbox 471 4511 648 4591; x_wconf 79' lang='grc' dir='ltr'>ἄρξειν</span> <span class='ocrx_word' id='word_1_394' title='bbox 673 4512 787 4595; x_wconf 76' lang='grc' dir='ltr'>ἱερὰ</span> <span class='ocrx_word' id='word_1_395' title='bbox 811 4520 989 4595; x_wconf 83' lang='grc' dir='ltr'>θῦσαι,</span> <span class='ocrx_word' id='word_1_396' title='bbox 1019 4521 1089 4585; x_wconf 83' lang='grc' dir='ltr'><strong>ὣς</strong></span> <span class='ocrx_word' id='word_1_397' title='bbox 1111 4519 1200 4577; x_wconf 76' lang='grc' dir='ltr'><strong>καὶ</strong></span> <span class='ocrx_word' id='word_1_398' title='bbox 1224 4518 1382 4601; x_wconf 86' lang='grc' dir='ltr'>πρότε</span> <span class='ocrx_word' id='word_1_399' title='bbox 1418 4543 1472 4579; x_wconf 91' lang='grc' dir='ltr'><strong>ον</strong></span> <span class='ocrx_word' id='word_1_400' title='bbox 1500 4520 1604 4591; x_wconf 81' lang='grc' dir='ltr'><strong>ἤδη</strong></span> 
     </span>
     <span class='ocr_line' id='line_1_49' title="bbox 105 4542 1606 4687; baseline 0.003 -26"><span class='ocrx_word' id='word_1_401' title='bbox 105 4589 356 4674; x_wconf 57' lang='lat' dir='ltr'><strong>brivatae,</strong></span> <span class='ocrx_word' id='word_1_402' title='bbox 395 4598 430 4669; x_wconf 80' lang='grc' dir='ltr'>ἢ</span> <span class='ocrx_word' id='word_1_403' title='bbox 470 4600 566 4659; x_wconf 86' lang='grc' dir='ltr'><strong>καὶ</strong></span> <span class='ocrx_word' id='word_1_404' title='bbox 605 4605 802 4677; x_wconf 87' lang='grc' dir='ltr'>τοῦτον,</span> <span class='ocrx_word' id='word_1_405' title='bbox 841 4602 896 4662; x_wconf 83' lang='grc' dir='ltr'><strong>ὃν</strong></span> <span class='ocrx_word' id='word_1_406' title='bbox 937 4603 1052 4663; x_wconf 79' lang='grc' dir='ltr'>οὐδὲ</span> <span class='ocrx_word' id='word_1_407' title='bbox 1093 4606 1316 4687; x_wconf 71' lang='grc' dir='ltr'>καθαρὸν</span> <span class='ocrx_word' id='word_1_408' title='bbox 1352 4542 1482 4665; x_wconf 52' lang='lat' dir='ltr'><strong>egam</strong></span> <span class='ocrx_word' id='word_1_409' title='bbox 1515 4606 1606 4673; x_wconf 81' lang='grc' dir='ltr'><strong>τὰς</strong></span> 
     </span>
     <span class='ocr_line' id='line_1_50' title="bbox 107 4678 1607 4778; baseline 0.005 -33"><span class='ocrx_word' id='word_1_410' title='bbox 107 4678 241 4778; x_wconf 56' lang='grc' dir='ltr'><strong>ζῑῖξῦς</strong></span> <span class='ocrx_word' id='word_1_411' title='bbox 269 4684 312 4740; x_wconf 75' lang='grc' dir='ltr'><strong>οἱ</strong></span> <span class='ocrx_word' id='word_1_412' title='bbox 347 4686 535 4754; x_wconf 78' lang='grc' dir='ltr'>εἰδότες</span> <span class='ocrx_word' id='word_1_413' title='bbox 575 4691 1044 4771; x_wconf 86' lang='grc' dir='ltr'>μεμαρτυρήκασι,</span> <span class='ocrx_word' id='word_1_414' title='bbox 1081 4692 1171 4752; x_wconf 80' lang='grc' dir='ltr'><strong>καὶ</strong></span> <span class='ocrx_word' id='word_1_415' title='bbox 1210 4693 1423 4776; x_wconf 86' lang='grc' dir='ltr'>πότερον</span> <span class='ocrx_word' id='word_1_416' title='bbox 1463 4698 1607 4772; x_wconf 84' lang='grc' dir='ltr'>ὑμεῖς</span> 
     </span>
     <span class='ocr_line' id='line_1_51' title="bbox 110 4772 1604 4857; baseline 0.011 -34"><span class='ocrx_word' id='word_1_417' title='bbox 110 4781 298 4834; x_wconf 51' lang='lat' dir='ltr'><strong>&amp;uocate</strong></span> <span class='ocrx_word' id='word_1_418' title='bbox 316 4773 384 4839; x_wconf 85' lang='grc' dir='ltr'><strong>εἷς</strong></span> <span class='ocrx_word' id='word_1_419' title='bbox 397 4772 494 4845; x_wconf 69' lang='grc' dir='ltr'><strong>τὴν</strong></span> <span class='ocrx_word' id='word_1_420' title='bbox 517 4774 689 4854; x_wconf 79' lang='grc' dir='ltr'>ἀρχὴν</span> <span class='ocrx_word' id='word_1_421' title='bbox 715 4776 1062 4857; x_wconf 83' lang='grc' dir='ltr'>ἀδοκίμαστον</span> <span class='ocrx_word' id='word_1_422' title='bbox 1078 4780 1442 4853; x_wconf 81' lang='grc' dir='ltr'>καταστήσειν,</span> <span class='ocrx_word' id='word_1_423' title='bbox 1467 4780 1604 4852; x_wconf 74' lang='grc' dir='ltr'>ἣδο-</span> 
     </span>
    </p>

    <p class='ocr_par' dir='ltr' id='par_1_10' title="bbox 65 4850 1605 5450">
     <span class='ocr_line' id='line_1_52' title="bbox 65 4850 1605 4948; baseline 0.008 -33"><span class='ocrx_word' id='word_1_424' title='bbox 65 4850 468 4947; x_wconf 33' lang='grc' dir='ltr'>ἳδῑῑὶμᾶσαντεςτὸν</span> <span class='ocrx_word' id='word_1_425' title='bbox 487 4860 633 4929; x_wconf 75' lang='grc' dir='ltr'>ἄξιον</span> <span class='ocrx_word' id='word_1_426' title='bbox 651 4866 743 4934; x_wconf 74' lang='grc' dir='ltr'><strong>τῆς</strong></span> <span class='ocrx_word' id='word_1_427' title='bbox 761 4866 925 4945; x_wconf 73' lang='grc' dir='ltr'>ἀρχῆς</span> <span class='ocrx_word' id='word_1_428' title='bbox 940 4868 1302 4947; x_wconf 78' lang='grc' dir='ltr'>στεφανώσειν.</span> <span class='ocrx_word' id='word_1_429' title='bbox 1339 4867 1398 4948; x_wconf 79' lang='lat' dir='ltr'><strong>(a)</strong></span> <span class='ocrx_word' id='word_1_430' title='bbox 1423 4871 1605 4929; x_wconf 88' lang='grc' dir='ltr'>Ταῦτα</span> 
     </span>
     <span class='ocr_line' id='line_1_53' title="bbox 115 4950 1605 5038; baseline 0.008 -36"><span class='ocrx_word' id='word_1_431' title='bbox 115 4955 188 5038; x_wconf 59' lang='grc' dir='ltr'><strong>Ῐῖρ</strong></span> <span class='ocrx_word' id='word_1_432' title='bbox 214 4950 480 5007; x_wconf 71' lang='grc' dir='ltr'>σκοπεῖσθε·</span> <span class='ocrx_word' id='word_1_433' title='bbox 519 4951 732 5010; x_wconf 81' lang='grc' dir='ltr'>κάκεῖνο</span> <span class='ocrx_word' id='word_1_434' title='bbox 751 4954 1070 5034; x_wconf 79' lang='grc' dir='ltr'>ἐνθυμεῖσθε,</span> <span class='ocrx_word' id='word_1_435' title='bbox 1097 4954 1175 5014; x_wconf 76' lang='grc' dir='ltr'><strong>ὅτι</strong></span> <span class='ocrx_word' id='word_1_436' title='bbox 1203 4960 1230 5015; x_wconf 84' lang='grc' dir='ltr'><strong>ὅ</strong></span> <span class='ocrx_word' id='word_1_437' title='bbox 1251 4956 1351 5023; x_wconf 81' lang='grc' dir='ltr'>θεὶς</span> <span class='ocrx_word' id='word_1_438' title='bbox 1368 4956 1454 5015; x_wconf 81' lang='grc' dir='ltr'><strong>τὸν</strong></span> <span class='ocrx_word' id='word_1_439' title='bbox 1485 4956 1605 5035; x_wconf 75' lang='grc' dir='ltr'>περὶ</span> 
     </span>
     <span class='ocr_line' id='line_1_54' title="bbox 117 5029 1603 5125; baseline 0.007 -32"><span class='ocrx_word' id='word_1_440' title='bbox 117 5042 190 5125; x_wconf 56' lang='lat'><strong>“1³⁹</strong></span> <span class='ocrx_word' id='word_1_441' title='bbox 208 5029 500 5109; x_wconf 58' lang='grc' dir='ltr'><strong>δ*ι’ῡιῑιεκισιὶἶιὶν</strong></span> <span class='ocrx_word' id='word_1_442' title='bbox 519 5036 680 5115; x_wconf 84' lang='grc' dir='ltr'>νόμον</span> <span class='ocrx_word' id='word_1_443' title='bbox 706 5042 806 5120; x_wconf 76' lang='grc' dir='ltr'><strong>οὐχ</strong></span> <span class='ocrx_word' id='word_1_444' title='bbox 831 5040 1018 5113; x_wconf 80' lang='grc' dir='ltr'>ἥκιστα</span> <span class='ocrx_word' id='word_1_445' title='bbox 1041 5042 1160 5123; x_wconf 85' lang='grc' dir='ltr'>περὶ</span> <span class='ocrx_word' id='word_1_446' title='bbox 1181 5046 1282 5101; x_wconf 85' lang='grc' dir='ltr'><strong>τῶν</strong></span> <span class='ocrx_word' id='word_1_447' title='bbox 1309 5046 1364 5102; x_wconf 90' lang='grc' dir='ltr'><strong>ἐν</strong></span> <span class='ocrx_word' id='word_1_448' title='bbox 1387 5045 1603 5125; x_wconf 83' lang='grc' dir='ltr'>ὀλιγαρ-</span> 
     </span>
     <span class='ocr_line' id='line_1_55' title="bbox 116 5116 1605 5211; baseline 0.009 -34"><span class='ocrx_word' id='word_1_449' title='bbox 116 5128 186 5211; x_wconf 56' lang='grc' dir='ltr'><strong>ζῑς</strong></span> <span class='ocrx_word' id='word_1_450' title='bbox 203 5116 434 5194; x_wconf 62' lang='grc' dir='ltr'>ἀρξάντων</span> <span class='ocrx_word' id='word_1_451' title='bbox 463 5123 624 5185; x_wconf 72' lang='grc' dir='ltr'>ἕνεκα</span> <span class='ocrx_word' id='word_1_452' title='bbox 654 5126 856 5201; x_wconf 84' lang='grc' dir='ltr'>ἔθηκεν,</span> <span class='ocrx_word' id='word_1_453' title='bbox 877 5129 1161 5208; x_wconf 79' lang='grc' dir='ltr'>ἡγούμενος</span> <span class='ocrx_word' id='word_1_454' title='bbox 1189 5130 1349 5189; x_wconf 82' lang='grc' dir='ltr'>δεινὸν</span> <span class='ocrx_word' id='word_1_455' title='bbox 1370 5121 1500 5190; x_wconf 71' lang='grc' dir='ltr'>ἐἶναι</span> <span class='ocrx_word' id='word_1_456' title='bbox 1516 5176 1533 5210; x_wconf 93' lang='grc'>,</span> <span class='ocrx_word' id='word_1_457' title='bbox 1559 5135 1605 5190; x_wconf 87' lang='grc' dir='ltr'><strong>εί</strong></span> 
     </span>
     <span class='ocr_line' id='line_1_56' title="bbox 117 5200 1604 5297; baseline 0.007 -29"><span class='ocrx_word' id='word_1_458' title='bbox 117 5200 167 5293; x_wconf 61' lang='lat' dir='ltr'><strong>ca&#39;</strong></span> <span class='ocrx_word' id='word_1_459' title='bbox 185 5200 300 5276; x_wconf 59' lang='grc' dir='ltr'><strong>ὣςὴ</strong></span> <span class='ocrx_word' id='word_1_460' title='bbox 319 5210 644 5293; x_wconf 80' lang='grc' dir='ltr'>δημοκρατία</span> <span class='ocrx_word' id='word_1_461' title='bbox 673 5215 948 5275; x_wconf 83' lang='grc' dir='ltr'>κατελύετο</span> <span class='ocrx_word' id='word_1_462' title='bbox 963 5262 978 5289; x_wconf 93' lang='grc'>,</span> <span class='ocrx_word' id='word_1_463' title='bbox 1001 5209 1140 5276; x_wconf 69' lang='grc' dir='ltr'>οὗτοι</span> <span class='ocrx_word' id='word_1_464' title='bbox 1169 5220 1221 5277; x_wconf 88' lang='grc' dir='ltr'><strong>ἐν</strong></span> <span class='ocrx_word' id='word_1_465' title='bbox 1259 5220 1390 5297; x_wconf 80' lang='grc' dir='ltr'>αὐτῇ</span> <span class='ocrx_word' id='word_1_466' title='bbox 1414 5222 1478 5296; x_wconf 80' lang='grc' dir='ltr'><strong>τῇ</strong></span> <span class='ocrx_word' id='word_1_467' title='bbox 1501 5242 1604 5278; x_wconf 90' lang='grc' dir='ltr'><strong>πο-</strong></span> 
     </span>
     <span class='ocr_line' id='line_1_57' title="bbox 119 5288 1603 5388; baseline 0.017 -47"><span class='ocrx_word' id='word_1_468' title='bbox 119 5288 245 5368; x_wconf 65' lang='grc' dir='ltr'>λιτεία</span> <span class='ocrx_word' id='word_1_469' title='bbox 261 5294 404 5355; x_wconf 74' lang='grc' dir='ltr'>πάλιν</span> <span class='ocrx_word' id='word_1_470' title='bbox 432 5298 670 5380; x_wconf 78' lang='grc' dir='ltr'>ἄρξουσι,</span> <span class='ocrx_word' id='word_1_471' title='bbox 689 5302 776 5361; x_wconf 78' lang='grc' dir='ltr'><strong>καὶ</strong></span> <span class='ocrx_word' id='word_1_472' title='bbox 801 5304 963 5383; x_wconf 77' lang='grc' dir='ltr'>κύριοι</span> <span class='ocrx_word' id='word_1_473' title='bbox 983 5305 1286 5383; x_wconf 81' lang='grc' dir='ltr'>γενήσονται</span> <span class='ocrx_word' id='word_1_474' title='bbox 1309 5309 1408 5364; x_wconf 79' lang='grc' dir='ltr'><strong>τῶν</strong></span> <span class='ocrx_word' id='word_1_475' title='bbox 1431 5306 1603 5388; x_wconf 80' lang='grc' dir='ltr'>νόμων</span> 
     </span>
     <span class='ocr_line' id='line_1_58' title="bbox 247 5406 484 5450; baseline 0.017 -4"><span class='ocrx_word' id='word_1_476' title='bbox 247 5406 484 5450; x_wconf 64' lang='lat' dir='ltr'><strong>onwan.</strong></span> 
     </span>
    </p>
   </div>
   <div class='ocr_carea' id='block_1_6' title="bbox 1671 748 3231 1538">
    <p class='ocr_par' dir='ltr' id='par_1_11' title="bbox 1671 748 3231 1538">
     <span class='ocr_line' id='line_1_59' title="bbox 1671 748 3224 831; baseline 0.005 -15"><span class='ocrx_word' id='word_1_477' title='bbox 1671 770 1776 818; x_wconf 84' lang='lat' dir='ltr'><strong>tuta</strong></span> <span class='ocrx_word' id='word_1_478' title='bbox 1802 771 2053 831; x_wconf 85' lang='lat' dir='ltr'><strong>libertate,</strong></span> <span class='ocrx_word' id='word_1_479' title='bbox 2096 783 2209 819; x_wconf 87' lang='lat' dir='ltr'><strong>cum</strong></span> <span class='ocrx_word' id='word_1_480' title='bbox 2258 748 2359 819; x_wconf 67' lang='lat' dir='ltr'><strong>istis</strong></span> <span class='ocrx_word' id='word_1_481' title='bbox 2386 784 2481 819; x_wconf 91' lang='lat' dir='ltr'><strong>non</strong></span> <span class='ocrx_word' id='word_1_482' title='bbox 2512 772 2669 819; x_wconf 87' lang='lat' dir='ltr'><strong>solum</strong></span> <span class='ocrx_word' id='word_1_483' title='bbox 2706 772 2971 823; x_wconf 85' lang='lat' dir='ltr'><strong>libertatem</strong></span> <span class='ocrx_word' id='word_1_484' title='bbox 3004 788 3224 823; x_wconf 83' lang='lat' dir='ltr'><strong>commu-</strong></span> 
     </span>
     <span class='ocr_line' id='line_1_60' title="bbox 1671 846 3227 911; baseline 0.004 -17"><span class='ocrx_word' id='word_1_485' title='bbox 1671 846 1888 908; x_wconf 86' lang='lat' dir='ltr'><strong>nicastis,</strong></span> <span class='ocrx_word' id='word_1_486' title='bbox 1921 861 2093 897; x_wconf 82' lang='lat' dir='ltr'><strong>verum</strong></span> <span class='ocrx_word' id='word_1_487' title='bbox 2124 848 2267 897; x_wconf 87' lang='lat' dir='ltr'><strong>etiam</strong></span> <span class='ocrx_word' id='word_1_488' title='bbox 2290 850 2571 911; x_wconf 62' lang='lat' dir='ltr'><strong>potestatem</strong></span> <span class='ocrx_word' id='word_1_489' title='bbox 2600 848 2849 911; x_wconf 82' lang='lat' dir='ltr'><strong>judicandi</strong></span> <span class='ocrx_word' id='word_1_490' title='bbox 2888 853 2938 900; x_wconf 88' lang='lat' dir='ltr'><strong>et</strong></span> <span class='ocrx_word' id='word_1_491' title='bbox 2974 852 3227 901; x_wconf 75' lang='lat' dir='ltr'>conciones</span> 
     </span>
     <span class='ocr_line' id='line_1_61' title="bbox 1673 924 3227 990; baseline 0.005 -18"><span class='ocrx_word' id='word_1_492' title='bbox 1673 924 1879 973; x_wconf 87' lang='lat' dir='ltr'><strong>habendi</strong></span> <span class='ocrx_word' id='word_1_493' title='bbox 1911 924 1973 974; x_wconf 90' lang='lat' dir='ltr'><strong>de</strong></span> <span class='ocrx_word' id='word_1_494' title='bbox 2004 926 2265 989; x_wconf 84' lang='lat' dir='ltr'>republica.</span> <span class='ocrx_word' id='word_1_495' title='bbox 2331 928 2501 989; x_wconf 87' lang='lat' dir='ltr'><strong>ltaque</strong></span> <span class='ocrx_word' id='word_1_496' title='bbox 2528 939 2635 976; x_wconf 86' lang='lat' dir='ltr'><strong>eam</strong></span> <span class='ocrx_word' id='word_1_497' title='bbox 2672 927 3023 990; x_wconf 82' lang='lat' dir='ltr'><strong>simplieitatem</strong></span> <span class='ocrx_word' id='word_1_498' title='bbox 3056 930 3227 979; x_wconf 88' lang='lat' dir='ltr'><strong>merito</strong></span> 
     </span>
     <span class='ocr_line' id='line_1_62' title="bbox 1673 1003 3220 1070; baseline 0.004 -19"><span class='ocrx_word' id='word_1_499' title='bbox 1673 1003 1810 1053; x_wconf 81' lang='lat' dir='ltr'><strong>vobis</strong></span> <span class='ocrx_word' id='word_1_500' title='bbox 1828 1004 1903 1053; x_wconf 87' lang='lat' dir='ltr'><strong>isti</strong></span> <span class='ocrx_word' id='word_1_501' title='bbox 1923 1005 2009 1067; x_wconf 85' lang='lat' dir='ltr'><strong>ipsi</strong></span> <span class='ocrx_word' id='word_1_502' title='bbox 2029 1006 2318 1068; x_wconf 85' lang='lat' dir='ltr'><strong>exprobrant</strong></span> <span class='ocrx_word' id='word_1_503' title='bbox 2336 1026 2348 1055; x_wconf 87' lang='lat'><strong>:</strong></span> <span class='ocrx_word' id='word_1_504' title='bbox 2369 1007 2433 1067; x_wconf 80' lang='grc'><strong>(3)</strong></span> <span class='ocrx_word' id='word_1_505' title='bbox 2452 1018 2663 1069; x_wconf 87' lang='lat' dir='ltr'><strong>quorum</strong></span> <span class='ocrx_word' id='word_1_506' title='bbox 2683 1006 2904 1055; x_wconf 81' lang='lat' dir='ltr'><strong>Evander</strong></span> <span class='ocrx_word' id='word_1_507' title='bbox 2922 1020 3049 1057; x_wconf 87' lang='lat' dir='ltr'><strong>unus</strong></span> <span class='ocrx_word' id='word_1_508' title='bbox 3066 1020 3220 1070; x_wconf 87' lang='lat' dir='ltr'><strong>quum</strong></span> 
     </span>
     <span class='ocr_line' id='line_1_63' title="bbox 1673 1080 3229 1147; baseline 0.002 -17"><span class='ocrx_word' id='word_1_509' title='bbox 1673 1080 1761 1142; x_wconf 85' lang='lat' dir='ltr'><strong>sit,</strong></span> <span class='ocrx_word' id='word_1_510' title='bbox 1791 1094 1886 1129; x_wconf 91' lang='lat' dir='ltr'><strong>non</strong></span> <span class='ocrx_word' id='word_1_511' title='bbox 1913 1081 2002 1131; x_wconf 85' lang='lat' dir='ltr'><strong>sibi</strong></span> <span class='ocrx_word' id='word_1_512' title='bbox 2019 1085 2093 1132; x_wconf 91' lang='lat' dir='ltr'><strong>sat</strong></span> <span class='ocrx_word' id='word_1_513' title='bbox 2117 1082 2285 1144; x_wconf 89' lang='lat' dir='ltr'><strong>habet,</strong></span> <span class='ocrx_word' id='word_1_514' title='bbox 2307 1082 2345 1132; x_wconf 89' lang='lat' dir='ltr'><strong>si</strong></span> <span class='ocrx_word' id='word_1_515' title='bbox 2369 1082 2443 1132; x_wconf 87' lang='lat' dir='ltr'><strong>his</strong></span> <span class='ocrx_word' id='word_1_516' title='bbox 2472 1082 2613 1132; x_wconf 89' lang='lat' dir='ltr'><strong>liceat</strong></span> <span class='ocrx_word' id='word_1_517' title='bbox 2633 1082 2831 1145; x_wconf 87' lang='lat' dir='ltr'><strong>impune</strong></span> <span class='ocrx_word' id='word_1_518' title='bbox 2852 1082 2976 1146; x_wconf 87' lang='lat' dir='ltr'><strong>t&#39;rui;</strong></span> <span class='ocrx_word' id='word_1_519' title='bbox 3006 1084 3056 1132; x_wconf 90' lang='lat' dir='ltr'><strong>at</strong></span> <span class='ocrx_word' id='word_1_520' title='bbox 3078 1084 3229 1147; x_wconf 86' lang='lat' dir='ltr'><strong>prius·</strong></span> 
     </span>
     <span class='ocr_line' id='line_1_64' title="bbox 1673 1159 3229 1223; baseline 0.003 -16"><span class='ocrx_word' id='word_1_521' title='bbox 1673 1172 1818 1221; x_wconf 87' lang='lat' dir='ltr'><strong>quam</strong></span> <span class='ocrx_word' id='word_1_522' title='bbox 1831 1160 2181 1222; x_wconf 70' lang='lat' dir='ltr'><strong>praeteritorum</strong></span> <span class='ocrx_word' id='word_1_523' title='bbox 2200 1160 2433 1211; x_wconf 85' lang='lat' dir='ltr'><strong>scelerum</strong></span> <span class='ocrx_word' id='word_1_524' title='bbox 2450 1159 2534 1210; x_wconf 89' lang='lat' dir='ltr'><strong>det</strong></span> <span class='ocrx_word' id='word_1_525' title='bbox 2547 1172 2713 1223; x_wconf 86' lang='lat' dir='ltr'><strong>poenas</strong></span> <span class='ocrx_word' id='word_1_526' title='bbox 2726 1195 2742 1222; x_wconf 91' lang='lat'><strong>,</strong></span> <span class='ocrx_word' id='word_1_527' title='bbox 2762 1174 2929 1211; x_wconf 88' lang='lat' dir='ltr'><strong>rursus</strong></span> <span class='ocrx_word' id='word_1_528' title='bbox 2946 1161 3229 1223; x_wconf 85' lang='lat' dir='ltr'><strong>magistratu</strong></span> 
     </span>
     <span class='ocr_line' id='line_1_65' title="bbox 1677 1236 3231 1301; baseline 0.002 -17"><span class='ocrx_word' id='word_1_529' title='bbox 1677 1236 1805 1296; x_wconf 78' lang='lat' dir='ltr'><strong>fungi</strong></span> <span class='ocrx_word' id='word_1_530' title='bbox 1821 1236 2047 1298; x_wconf 86' lang='lat' dir='ltr'><strong>postulat.</strong></span> <span class='ocrx_word' id='word_1_531' title='bbox 2112 1239 2175 1287; x_wconf 87' lang='lat' dir='ltr'><strong>Et</strong></span> <span class='ocrx_word' id='word_1_532' title='bbox 2196 1250 2327 1287; x_wconf 88' lang='lat' dir='ltr'><strong>nunc</strong></span> <span class='ocrx_word' id='word_1_533' title='bbox 2342 1238 2487 1289; x_wconf 85' lang='lat' dir='ltr'><strong>audio</strong></span> <span class='ocrx_word' id='word_1_534' title='bbox 2506 1240 2651 1290; x_wconf 86' lang='lat' dir='ltr'><strong>istum</strong></span> <span class='ocrx_word' id='word_1_535' title='bbox 2670 1238 2963 1289; x_wconf 76' lang='lat' dir='ltr'><strong>accusationi</strong></span> <span class='ocrx_word' id='word_1_536' title='bbox 2979 1252 3100 1289; x_wconf 79' lang='lat' dir='ltr'><strong>meoe</strong></span> <span class='ocrx_word' id='word_1_537' title='bbox 3118 1251 3231 1301; x_wconf 87' lang='lat' dir='ltr'><strong>pau·</strong></span> 
     </span>
     <span class='ocr_line' id='line_1_66' title="bbox 1675 1312 3229 1379; baseline 0.003 -19"><span class='ocrx_word' id='word_1_538' title='bbox 1675 1312 1864 1362; x_wconf 78' lang='lat' dir='ltr'><strong>eissima</strong></span> <span class='ocrx_word' id='word_1_539' title='bbox 1890 1326 2229 1376; x_wconf 85' lang='lat' dir='ltr'><strong>responsurum</strong></span> <span class='ocrx_word' id='word_1_540' title='bbox 2246 1350 2263 1377; x_wconf 93' lang='lat'><strong>,</strong></span> <span class='ocrx_word' id='word_1_541' title='bbox 2286 1328 2363 1365; x_wconf 89' lang='lat' dir='ltr'><strong>res</strong></span> <span class='ocrx_word' id='word_1_542' title='bbox 2388 1316 2779 1379; x_wconf 81' lang='lat' dir='ltr'><strong>constringendo,</strong></span> <span class='ocrx_word' id='word_1_543' title='bbox 2805 1316 3056 1378; x_wconf 88' lang='lat' dir='ltr'><strong>totamque</strong></span> <span class='ocrx_word' id='word_1_544' title='bbox 3081 1329 3229 1365; x_wconf 90' lang='lat' dir='ltr'><strong>accu-</strong></span> 
     </span>
     <span class='ocr_line' id='line_1_67' title="bbox 1675 1390 3229 1457; baseline 0.003 -18"><span class='ocrx_word' id='word_1_545' title='bbox 1675 1390 1908 1439; x_wconf 74' lang='lat' dir='ltr'><strong>sationem</strong></span> <span class='ocrx_word' id='word_1_546' title='bbox 1934 1390 1985 1440; x_wconf 90' lang='lat' dir='ltr'><strong>in</strong></span> <span class='ocrx_word' id='word_1_547' title='bbox 2014 1390 2287 1443; x_wconf 78' lang='lat' dir='ltr'><strong>defensione</strong></span> <span class='ocrx_word' id='word_1_548' title='bbox 2320 1406 2409 1443; x_wconf 90' lang='lat' dir='ltr'><strong>sua</strong></span> <span class='ocrx_word' id='word_1_549' title='bbox 2438 1396 2576 1457; x_wconf 86' lang='lat' dir='ltr'><strong>quasi</strong></span> <span class='ocrx_word' id='word_1_550' title='bbox 2611 1392 2893 1445; x_wconf 76' lang='lat' dir='ltr'><strong>suffurando</strong></span> <span class='ocrx_word' id='word_1_551' title='bbox 2929 1412 2941 1441; x_wconf 71' lang='grc' dir='ltr'><strong>ι</strong></span> <span class='ocrx_word' id='word_1_552' title='bbox 2984 1393 3229 1443; x_wconf 86' lang='lat' dir='ltr'><strong>dicturum</strong></span> 
     </span>
     <span class='ocr_line' id='line_1_68' title="bbox 1675 1469 3229 1538; baseline 0.001 -17"><span class='ocrx_word' id='word_1_553' title='bbox 1675 1469 1860 1521; x_wconf 83' lang='lat' dir='ltr'><strong>scilicet</strong></span> <span class='ocrx_word' id='word_1_554' title='bbox 1881 1470 2085 1532; x_wconf 82' lang='lat' dir='ltr'><strong>majores</strong></span> <span class='ocrx_word' id='word_1_555' title='bbox 2114 1483 2227 1521; x_wconf 84' lang='lat' dir='ltr'><strong>suos</strong></span> <span class='ocrx_word' id='word_1_556' title='bbox 2250 1474 2403 1521; x_wconf 84' lang='lat' dir='ltr'><strong>multa</strong></span> <span class='ocrx_word' id='word_1_557' title='bbox 2427 1474 2475 1522; x_wconf 91' lang='lat' dir='ltr'><strong>in</strong></span> <span class='ocrx_word' id='word_1_558' title='bbox 2500 1473 2749 1526; x_wconf 74' lang='lat' dir='ltr'><strong>civitatem</strong></span> <span class='ocrx_word' id='word_1_559' title='bbox 2776 1474 3093 1538; x_wconf 80' lang='lat' dir='ltr'><strong>impendisse,</strong></span> <span class='ocrx_word' id='word_1_560' title='bbox 3122 1488 3229 1523; x_wconf 90' lang='lat' dir='ltr'><strong>mu-</strong></span> 
     </span>
    </p>
   </div>
   <div class='ocr_carea' id='block_1_7' title="bbox 1677 1551 3237 1862">
    <p class='ocr_par' dir='ltr' id='par_1_12' title="bbox 1677 1551 3237 1862">
     <span class='ocr_line' id='line_1_69' title="bbox 1677 1551 3234 1621; baseline 0.006 -22"><span class='ocrx_word' id='word_1_561' title='bbox 1677 1551 1870 1601; x_wconf 77' lang='lat' dir='ltr'><strong>neribus</strong></span> <span class='ocrx_word' id='word_1_562' title='bbox 1897 1551 2101 1614; x_wconf 88' lang='lat' dir='ltr'><strong>publicis</strong></span> <span class='ocrx_word' id='word_1_563' title='bbox 2136 1554 2382 1615; x_wconf 82' lang='lat' dir='ltr'><strong>magnifice</strong></span> <span class='ocrx_word' id='word_1_564' title='bbox 2408 1568 2510 1606; x_wconf 82' lang='lat' dir='ltr'><strong>esse</strong></span> <span class='ocrx_word' id='word_1_565' title='bbox 2544 1558 2846 1621; x_wconf 80' lang='lat' dir='ltr'><strong>perfunctos,</strong></span> <span class='ocrx_word' id='word_1_566' title='bbox 2880 1559 3152 1621; x_wconf 86' lang='lat' dir='ltr'><strong>multasque</strong></span> <span class='ocrx_word' id='word_1_567' title='bbox 3184 1562 3234 1608; x_wconf 87' lang='lat' dir='ltr'><strong>et</strong></span> 
     </span>
     <span class='ocr_line' id='line_1_70' title="bbox 1679 1633 3232 1702; baseline 0.006 -21"><span class='ocrx_word' id='word_1_568' title='bbox 1679 1633 1931 1694; x_wconf 81' lang='lat' dir='ltr'><strong>praeclaras</strong></span> <span class='ocrx_word' id='word_1_569' title='bbox 1950 1634 2173 1685; x_wconf 84' lang='lat' dir='ltr'><strong>victorias</strong></span> <span class='ocrx_word' id='word_1_570' title='bbox 2190 1636 2237 1684; x_wconf 90' lang='lat' dir='ltr'><strong>in</strong></span> <span class='ocrx_word' id='word_1_571' title='bbox 2257 1636 2547 1687; x_wconf 79' lang='lat' dir='ltr'><strong>democratia</strong></span> <span class='ocrx_word' id='word_1_572' title='bbox 2570 1642 2833 1702; x_wconf 81' lang='lat' dir='ltr'><strong>reportasse</strong></span> <span class='ocrx_word' id='word_1_573' title='bbox 2844 1656 2861 1699; x_wconf 82' lang='lat'>3</span> <span class='ocrx_word' id='word_1_574' title='bbox 2882 1653 2934 1690; x_wconf 88' lang='lat' dir='ltr'><strong>se</strong></span> <span class='ocrx_word' id='word_1_575' title='bbox 2952 1642 3113 1689; x_wconf 84' lang='lat' dir='ltr'><strong>autem</strong></span> <span class='ocrx_word' id='word_1_576' title='bbox 3133 1654 3232 1690; x_wconf 90' lang='lat' dir='ltr'><strong>mo·</strong></span> 
     </span>
     <span class='ocr_line' id='line_1_71' title="bbox 1677 1709 3235 1782; baseline 0.006 -23"><span class='ocrx_word' id='word_1_577' title='bbox 1677 1709 1842 1760; x_wconf 87' lang='lat' dir='ltr'><strong>derate</strong></span> <span class='ocrx_word' id='word_1_578' title='bbox 1861 1712 2051 1777; x_wconf 76' lang='lat' dir='ltr'><strong>vivere,</strong></span> <span class='ocrx_word' id='word_1_579' title='bbox 2078 1726 2237 1776; x_wconf 87' lang='lat' dir='ltr'><strong>neque</strong></span> <span class='ocrx_word' id='word_1_580' title='bbox 2257 1728 2315 1764; x_wconf 91' lang='lat' dir='ltr'><strong>ea</strong></span> <span class='ocrx_word' id='word_1_581' title='bbox 2346 1715 2493 1765; x_wconf 83' lang='lat' dir='ltr'><strong>videri</strong></span> <span class='ocrx_word' id='word_1_582' title='bbox 2522 1730 2662 1779; x_wconf 82' lang='lat' dir='ltr'><strong>agere</strong></span> <span class='ocrx_word' id='word_1_583' title='bbox 2688 1732 2796 1782; x_wconf 84' lang='lat' dir='ltr'><strong>quoe</strong></span> <span class='ocrx_word' id='word_1_584' title='bbox 2824 1718 2905 1767; x_wconf 89' lang='lat' dir='ltr'><strong>alii</strong></span> <span class='ocrx_word' id='word_1_585' title='bbox 2936 1718 3117 1781; x_wconf 86' lang='lat' dir='ltr'><strong>solent,</strong></span> <span class='ocrx_word' id='word_1_586' title='bbox 3152 1720 3235 1769; x_wconf 85' lang='lat' dir='ltr'><strong>sed</strong></span> 
     </span>
     <span class='ocr_line' id='line_1_72' title="bbox 1679 1792 3237 1862; baseline 0.006 -20"><span class='ocrx_word' id='word_1_587' title='bbox 1679 1792 1778 1843; x_wconf 86' lang='lat' dir='ltr'><strong>suis</strong></span> <span class='ocrx_word' id='word_1_588' title='bbox 1797 1794 2036 1845; x_wconf 81' lang='lat' dir='ltr'><strong>duntaxat</strong></span> <span class='ocrx_word' id='word_1_589' title='bbox 2058 1796 2204 1846; x_wconf 88' lang='lat' dir='ltr'><strong>rebus</strong></span> <span class='ocrx_word' id='word_1_590' title='bbox 2224 1798 2467 1861; x_wconf 84' lang='lat' dir='ltr'><strong>occupari.</strong></span> <span class='ocrx_word' id='word_1_591' title='bbox 2535 1800 2602 1862; x_wconf 75' lang='grc'><strong>(4)</strong></span> <span class='ocrx_word' id='word_1_592' title='bbox 2626 1801 2812 1858; x_wconf 78' lang='lat' dir='ltr'><strong>Quibus</strong></span> <span class='ocrx_word' id='word_1_593' title='bbox 2836 1799 2978 1851; x_wconf 88' lang='lat' dir='ltr'><strong>dictis</strong></span> <span class='ocrx_word' id='word_1_594' title='bbox 3014 1815 3112 1851; x_wconf 90' lang='lat' dir='ltr'><strong>non</strong></span> <span class='ocrx_word' id='word_1_595' title='bbox 3144 1802 3237 1852; x_wconf 79' lang='lat' dir='ltr'><strong>dir·</strong></span> 
     </span>
    </p>
   </div>
   <div class='ocr_carea' id='block_1_8' title="bbox 1680 1878 3249 5453">
    <p class='ocr_par' dir='ltr' id='par_1_13' title="bbox 1680 1878 3249 3278">
     <span class='ocr_line' id='line_1_73' title="bbox 1680 1878 3240 1950; baseline 0.006 -24"><span class='ocrx_word' id='word_1_596' title='bbox 1680 1878 1806 1927; x_wconf 83' lang='lat' dir='ltr'><strong>ficile</strong></span> <span class='ocrx_word' id='word_1_597' title='bbox 1840 1892 1943 1929; x_wconf 82' lang='lat' dir='ltr'><strong>csse</strong></span> <span class='ocrx_word' id='word_1_598' title='bbox 1972 1881 2178 1931; x_wconf 85' lang='lat' dir='ltr'><strong>arbitror</strong></span> <span class='ocrx_word' id='word_1_599' title='bbox 2202 1883 2503 1945; x_wconf 87' lang='lat' dir='ltr'><strong>respondere.</strong></span> <span class='ocrx_word' id='word_1_600' title='bbox 2568 1886 2709 1945; x_wconf 87' lang='lat' dir='ltr'><strong>Quod</strong></span> <span class='ocrx_word' id='word_1_601' title='bbox 2742 1886 2800 1935; x_wconf 91' lang='lat' dir='ltr'><strong>ad</strong></span> <span class='ocrx_word' id='word_1_602' title='bbox 2828 1900 3025 1936; x_wconf 87' lang='lat' dir='ltr'><strong>munera</strong></span> <span class='ocrx_word' id='word_1_603' title='bbox 3052 1887 3240 1950; x_wconf 85' lang='lat' dir='ltr'><strong>publica</strong></span> 
     </span>
     <span class='ocr_line' id='line_1_74' title="bbox 1685 1962 3241 2033; baseline 0.007 -23"><span class='ocrx_word' id='word_1_604' title='bbox 1685 1962 1883 2025; x_wconf 85' lang='lat' dir='ltr'><strong>attinet,</strong></span> <span class='ocrx_word' id='word_1_605' title='bbox 1911 1976 2091 2027; x_wconf 80' lang='lat' dir='ltr'><strong>repono</strong></span> <span class='ocrx_word' id='word_1_606' title='bbox 2118 1965 2272 2016; x_wconf 89' lang='lat' dir='ltr'><strong>multo</strong></span> <span class='ocrx_word' id='word_1_607' title='bbox 2294 1968 2599 2029; x_wconf 43' lang='lat' dir='ltr'><strong>prestantius</strong></span> <span class='ocrx_word' id='word_1_608' title='bbox 2626 1969 2771 2019; x_wconf 83' lang='lat' dir='ltr'><strong>fuisse</strong></span> <span class='ocrx_word' id='word_1_609' title='bbox 2797 1970 2945 2032; x_wconf 84' lang='lat' dir='ltr'><strong>ipsius</strong></span> <span class='ocrx_word' id='word_1_610' title='bbox 2973 1973 3158 2033; x_wconf 87' lang='lat' dir='ltr'><strong>patrem</strong></span> <span class='ocrx_word' id='word_1_611' title='bbox 3184 1984 3241 2021; x_wconf 91' lang='lat' dir='ltr'><strong>ea</strong></span> 
     </span>
     <span class='ocr_line' id='line_1_75' title="bbox 1681 2048 3243 2116; baseline 0.006 -22"><span class='ocrx_word' id='word_1_612' title='bbox 1681 2058 1884 2096; x_wconf 88' lang='lat' dir='ltr'><strong>munera</strong></span> <span class='ocrx_word' id='word_1_613' title='bbox 1901 2058 1999 2096; x_wconf 87' lang='lat' dir='ltr'><strong>non</strong></span> <span class='ocrx_word' id='word_1_614' title='bbox 2016 2048 2214 2111; x_wconf 76' lang='lat' dir='ltr'><strong>exsequi</strong></span> <span class='ocrx_word' id='word_1_615' title='bbox 2230 2062 2379 2113; x_wconf 88' lang='lat' dir='ltr'><strong>quam</strong></span> <span class='ocrx_word' id='word_1_616' title='bbox 2398 2062 2456 2099; x_wconf 81' lang='lat' dir='ltr'><strong>ex</strong></span> <span class='ocrx_word' id='word_1_617' title='bbox 2480 2051 2579 2101; x_wconf 84' lang='lat' dir='ltr'><strong>suis</strong></span> <span class='ocrx_word' id='word_1_618' title='bbox 2598 2051 2903 2102; x_wconf 71' lang='lat' dir='ltr'><strong>facultatibus</strong></span> <span class='ocrx_word' id='word_1_619' title='bbox 2924 2054 3082 2103; x_wconf 80' lang='lat' dir='ltr'><strong>tantas</strong></span> <span class='ocrx_word' id='word_1_620' title='bbox 3098 2066 3243 2116; x_wconf 87' lang='lat' dir='ltr'><strong>pecu-</strong></span> 
     </span>
     <span class='ocr_line' id='line_1_76' title="bbox 1685 2128 3240 2198; baseline 0.006 -22"><span class='ocrx_word' id='word_1_621' title='bbox 1685 2128 1792 2177; x_wconf 86' lang='lat' dir='ltr'><strong>nias</strong></span> <span class='ocrx_word' id='word_1_622' title='bbox 1822 2128 2080 2181; x_wconf 79' lang='lat' dir='ltr'><strong>insumere.</strong></span> <span class='ocrx_word' id='word_1_623' title='bbox 2150 2131 2231 2181; x_wconf 89' lang='lat' dir='ltr'><strong>Ob</strong></span> <span class='ocrx_word' id='word_1_624' title='bbox 2258 2132 2363 2182; x_wconf 78' lang='lat' dir='ltr'><strong>haec</strong></span> <span class='ocrx_word' id='word_1_625' title='bbox 2397 2133 2527 2183; x_wconf 87' lang='lat' dir='ltr'><strong>enim</strong></span> <span class='ocrx_word' id='word_1_626' title='bbox 2551 2132 2696 2184; x_wconf 79' lang='lat' dir='ltr'><strong>tidem</strong></span> <span class='ocrx_word' id='word_1_627' title='bbox 2738 2134 2901 2197; x_wconf 86' lang='lat' dir='ltr'><strong>populi</strong></span> <span class='ocrx_word' id='word_1_628' title='bbox 2933 2137 3240 2198; x_wconf 86' lang='lat' dir='ltr'><strong>consecutus,</strong></span> 
     </span>
     <span class='ocr_line' id='line_1_77' title="bbox 1686 2212 3244 2281; baseline 0.004 -20"><span class='ocrx_word' id='word_1_629' title='bbox 1686 2212 1967 2275; x_wconf 80' lang='lat' dir='ltr'><strong>popularem</strong></span> <span class='ocrx_word' id='word_1_630' title='bbox 1990 2214 2173 2264; x_wconf 85' lang='lat' dir='ltr'><strong>statum</strong></span> <span class='ocrx_word' id='word_1_631' title='bbox 2196 2216 2368 2266; x_wconf 81' lang='lat' dir='ltr'><strong>evertit</strong></span> <span class='ocrx_word' id='word_1_632' title='bbox 2397 2230 2412 2265; x_wconf 79' lang='grc' dir='ltr'><strong>ι</strong></span> <span class='ocrx_word' id='word_1_633' title='bbox 2441 2215 2561 2267; x_wconf 85' lang='lat' dir='ltr'><strong>adeo</strong></span> <span class='ocrx_word' id='word_1_634' title='bbox 2588 2222 2645 2267; x_wconf 83' lang='lat' dir='ltr'><strong>ut</strong></span> <span class='ocrx_word' id='word_1_635' title='bbox 2674 2230 2843 2266; x_wconf 87' lang='lat' dir='ltr'><strong>eorum</strong></span> <span class='ocrx_word' id='word_1_636' title='bbox 2876 2218 3113 2268; x_wconf 87' lang='lat' dir='ltr'><strong>malorum</strong></span> <span class='ocrx_word' id='word_1_637' title='bbox 3134 2232 3244 2281; x_wconf 77' lang='lat' dir='ltr'><strong>quae</strong></span> 
     </span>
     <span class='ocr_line' id='line_1_78' title="bbox 1686 2294 3241 2363; baseline 0.004 -17"><span class='ocrx_word' id='word_1_638' title='bbox 1686 2295 1803 2346; x_wconf 89' lang='lat' dir='ltr'><strong>inde</strong></span> <span class='ocrx_word' id='word_1_639' title='bbox 1823 2294 1989 2346; x_wconf 80' lang='lat' dir='ltr'><strong>intulit</strong></span> <span class='ocrx_word' id='word_1_640' title='bbox 2010 2296 2151 2359; x_wconf 80' lang='lat' dir='ltr'><strong>longe</strong></span> <span class='ocrx_word' id='word_1_641' title='bbox 2180 2298 2364 2348; x_wconf 85' lang='lat' dir='ltr'><strong>firmior</strong></span> <span class='ocrx_word' id='word_1_642' title='bbox 2386 2300 2449 2349; x_wconf 85' lang='lat' dir='ltr'><strong>sit</strong></span> <span class='ocrx_word' id='word_1_643' title='bbox 2471 2300 2701 2350; x_wconf 85' lang='lat' dir='ltr'><strong>memoria</strong></span> <span class='ocrx_word' id='word_1_644' title='bbox 2730 2314 2877 2363; x_wconf 87' lang='lat' dir='ltr'><strong>quam</strong></span> <span class='ocrx_word' id='word_1_645' title='bbox 2902 2304 3241 2351; x_wconf 86' lang='lat' dir='ltr'><strong>monumento-</strong></span> 
     </span>
     <span class='ocr_line' id='line_1_79' title="bbox 1690 2381 3247 2449; baseline 0.006 -22"><span class='ocrx_word' id='word_1_646' title='bbox 1690 2392 1800 2428; x_wconf 87' lang='lat' dir='ltr'><strong>rum</strong></span> <span class='ocrx_word' id='word_1_647' title='bbox 1825 2392 1939 2442; x_wconf 82' lang='lat' dir='ltr'><strong>quae</strong></span> <span class='ocrx_word' id='word_1_648' title='bbox 1964 2381 2109 2431; x_wconf 84' lang='lat' dir='ltr'><strong>obitis</strong></span> <span class='ocrx_word' id='word_1_649' title='bbox 2136 2383 2416 2433; x_wconf 85' lang='lat' dir='ltr'><strong>muneribus</strong></span> <span class='ocrx_word' id='word_1_650' title='bbox 2442 2384 2599 2435; x_wconf 82' lang='lat' dir='ltr'><strong>victor</strong></span> <span class='ocrx_word' id='word_1_651' title='bbox 2626 2387 2939 2436; x_wconf 79' lang='lat' dir='ltr'><strong>consecravit.</strong></span> <span class='ocrx_word' id='word_1_652' title='bbox 3008 2388 3077 2449; x_wconf 81' lang='lat'><strong>(5)</strong></span> <span class='ocrx_word' id='word_1_653' title='bbox 3104 2387 3247 2445; x_wconf 89' lang='lat' dir='ltr'><strong>Quod</strong></span> 
     </span>
     <span class='ocr_line' id='line_1_80' title="bbox 1691 2465 3247 2533; baseline 0.005 -20"><span class='ocrx_word' id='word_1_654' title='bbox 1691 2476 1808 2513; x_wconf 82' lang='lat' dir='ltr'><strong>vero</strong></span> <span class='ocrx_word' id='word_1_655' title='bbox 1830 2466 2015 2527; x_wconf 84' lang='lat' dir='ltr'><strong>spectat</strong></span> <span class='ocrx_word' id='word_1_656' title='bbox 2033 2465 2095 2516; x_wconf 85' lang='lat' dir='ltr'><strong>ad</strong></span> <span class='ocrx_word' id='word_1_657' title='bbox 2121 2466 2256 2515; x_wconf 86' lang='lat' dir='ltr'><strong>istius</strong></span> <span class='ocrx_word' id='word_1_658' title='bbox 2276 2468 2683 2533; x_wconf 87' lang='lat' dir='ltr'><strong>moderationem,</strong></span> <span class='ocrx_word' id='word_1_659' title='bbox 2709 2470 2972 2533; x_wconf 81' lang='lat' dir='ltr'><strong>respondeo</strong></span> <span class='ocrx_word' id='word_1_660' title='bbox 2992 2485 3089 2522; x_wconf 90' lang='lat' dir='ltr'><strong>non</strong></span> <span class='ocrx_word' id='word_1_661' title='bbox 3114 2485 3247 2521; x_wconf 89' lang='lat' dir='ltr'><strong>nunc</strong></span> 
     </span>
     <span class='ocr_line' id='line_1_81' title="bbox 1689 2540 3243 2618; baseline 0.005 -20"><span class='ocrx_word' id='word_1_662' title='bbox 1689 2549 2005 2613; x_wconf 83' lang='lat' dir='ltr'><strong>inspiciendos</strong></span> <span class='ocrx_word' id='word_1_663' title='bbox 2030 2564 2132 2603; x_wconf 86' lang='lat' dir='ltr'><strong>esse</strong></span> <span class='ocrx_word' id='word_1_664' title='bbox 2161 2554 2298 2603; x_wconf 85' lang='lat' dir='ltr'><strong>istius</strong></span> <span class='ocrx_word' id='word_1_665' title='bbox 2319 2566 2478 2605; x_wconf 88' lang='lat' dir='ltr'><strong>mores</strong></span> <span class='ocrx_word' id='word_1_666' title='bbox 2493 2591 2509 2617; x_wconf 92' lang='lat'><strong>,</strong></span> <span class='ocrx_word' id='word_1_667' title='bbox 2527 2558 2693 2607; x_wconf 89' lang='lat' dir='ltr'><strong>utrum</strong></span> <span class='ocrx_word' id='word_1_668' title='bbox 2720 2555 2925 2606; x_wconf 82' lang='lat' dir='ltr'><strong>modesti</strong></span> <span class='ocrx_word' id='word_1_669' title='bbox 2942 2540 3037 2607; x_wconf 79' lang='lat' dir='ltr'><strong>sint</strong></span> <span class='ocrx_word' id='word_1_670' title='bbox 3065 2570 3215 2606; x_wconf 87' lang='lat' dir='ltr'><strong>necne</strong></span> <span class='ocrx_word' id='word_1_671' title='bbox 3228 2593 3243 2618; x_wconf 99' lang='lat'><strong>,</strong></span> 
     </span>
     <span class='ocr_line' id='line_1_82' title="bbox 1689 2633 3247 2700; baseline 0.004 -19"><span class='ocrx_word' id='word_1_672' title='bbox 1689 2644 1844 2694; x_wconf 78' lang='lat' dir='ltr'><strong>quum</strong></span> <span class='ocrx_word' id='word_1_673' title='bbox 1865 2633 2147 2685; x_wconf 78' lang='lat' dir='ltr'><strong>insolescere</strong></span> <span class='ocrx_word' id='word_1_674' title='bbox 2172 2648 2269 2685; x_wconf 91' lang='lat' dir='ltr'><strong>non</strong></span> <span class='ocrx_word' id='word_1_675' title='bbox 2292 2636 2597 2699; x_wconf 87' lang='lat' dir='ltr'><strong>conceditur;</strong></span> <span class='ocrx_word' id='word_1_676' title='bbox 2621 2638 2708 2687; x_wconf 81' lang='lat' dir='ltr'><strong>sed</strong></span> <span class='ocrx_word' id='word_1_677' title='bbox 2738 2637 2858 2687; x_wconf 91' lang='lat' dir='ltr'><strong>illud</strong></span> <span class='ocrx_word' id='word_1_678' title='bbox 2879 2639 3038 2700; x_wconf 87' lang='lat' dir='ltr'><strong>potius</strong></span> <span class='ocrx_word' id='word_1_679' title='bbox 3058 2640 3247 2700; x_wconf 86' lang='lat' dir='ltr'><strong>tempus</strong></span> 
     </span>
     <span class='ocr_line' id='line_1_83' title="bbox 1689 2717 3245 2783; baseline 0.004 -18"><span class='ocrx_word' id='word_1_680' title='bbox 1689 2717 2111 2781; x_wconf 85' lang='lat' dir='ltr'><strong>considerandum,</strong></span> <span class='ocrx_word' id='word_1_681' title='bbox 2150 2720 2201 2770; x_wconf 88' lang='lat' dir='ltr'><strong>in</strong></span> <span class='ocrx_word' id='word_1_682' title='bbox 2230 2734 2329 2783; x_wconf 92' lang='lat' dir='ltr'><strong>quo</strong></span> <span class='ocrx_word' id='word_1_683' title='bbox 2344 2756 2359 2783; x_wconf 90' lang='lat'><strong>,</strong></span> <span class='ocrx_word' id='word_1_684' title='bbox 2394 2722 2579 2772; x_wconf 82' lang='lat' dir='ltr'><strong>utrovis</strong></span> <span class='ocrx_word' id='word_1_685' title='bbox 2615 2721 2759 2771; x_wconf 88' lang='lat' dir='ltr'><strong>modo</strong></span> <span class='ocrx_word' id='word_1_686' title='bbox 2792 2720 2986 2771; x_wconf 78' lang='lat' dir='ltr'><strong>vivendi</strong></span> <span class='ocrx_word' id='word_1_687' title='bbox 3022 2721 3245 2772; x_wconf 87' lang='lat' dir='ltr'><strong>libertate</strong></span> 
     </span>
     <span class='ocr_line' id='line_1_84' title="bbox 1689 2802 3247 2867; baseline 0.003 -18"><span class='ocrx_word' id='word_1_688' title='bbox 1689 2803 1919 2863; x_wconf 86' lang='lat' dir='ltr'><strong>permissa</strong></span> <span class='ocrx_word' id='word_1_689' title='bbox 1936 2836 1951 2863; x_wconf 93' lang='lat'><strong>,</strong></span> <span class='ocrx_word' id='word_1_690' title='bbox 1972 2802 2121 2852; x_wconf 78' lang='lat' dir='ltr'><strong>vitam</strong></span> <span class='ocrx_word' id='word_1_691' title='bbox 2144 2804 2415 2867; x_wconf 85' lang='lat' dir='ltr'><strong>improbam</strong></span> <span class='ocrx_word' id='word_1_692' title='bbox 2442 2807 2639 2855; x_wconf 85' lang='lat' dir='ltr'><strong>secutus</strong></span> <span class='ocrx_word' id='word_1_693' title='bbox 2656 2806 2745 2855; x_wconf 61' lang='lat' dir='ltr'><strong>est.</strong></span> <span class='ocrx_word' id='word_1_694' title='bbox 2809 2804 2953 2862; x_wconf 87' lang='lat' dir='ltr'><strong>Quod</strong></span> <span class='ocrx_word' id='word_1_695' title='bbox 2967 2804 3095 2854; x_wconf 88' lang='lat' dir='ltr'><strong>enim</strong></span> <span class='ocrx_word' id='word_1_696' title='bbox 3116 2818 3247 2854; x_wconf 88' lang='lat' dir='ltr'><strong>nunc</strong></span> 
     </span>
     <span class='ocr_line' id='line_1_85' title="bbox 1691 2884 3246 2952; baseline 0.004 -19"><span class='ocrx_word' id='word_1_697' title='bbox 1691 2884 1810 2934; x_wconf 85' lang='lat' dir='ltr'><strong>nihil</strong></span> <span class='ocrx_word' id='word_1_698' title='bbox 1835 2884 2110 2949; x_wconf 83' lang='lat' dir='ltr'><strong>delinquat,</strong></span> <span class='ocrx_word' id='word_1_699' title='bbox 2135 2886 2185 2937; x_wconf 91' lang='lat' dir='ltr'><strong>id</strong></span> <span class='ocrx_word' id='word_1_700' title='bbox 2219 2889 2288 2937; x_wconf 89' lang='lat' dir='ltr'><strong>eis</strong></span> <span class='ocrx_word' id='word_1_701' title='bbox 2321 2888 2632 2939; x_wconf 88' lang='lat' dir='ltr'><strong>tribuendum</strong></span> <span class='ocrx_word' id='word_1_702' title='bbox 2656 2890 2742 2952; x_wconf 85' lang='lat' dir='ltr'><strong>qui</strong></span> <span class='ocrx_word' id='word_1_703' title='bbox 2758 2890 2950 2939; x_wconf 86' lang='lat' dir='ltr'><strong>obstant</strong></span> <span class='ocrx_word' id='word_1_704' title='bbox 2980 2910 2993 2939; x_wconf 72' lang='grc' dir='ltr'><strong>ι</strong></span> <span class='ocrx_word' id='word_1_705' title='bbox 3019 2902 3131 2952; x_wconf 73' lang='lat' dir='ltr'><strong>qum</strong></span> <span class='ocrx_word' id='word_1_706' title='bbox 3156 2904 3246 2939; x_wconf 87' lang='lat' dir='ltr'><strong>au-</strong></span> 
     </span>
     <span class='ocr_line' id='line_1_86' title="bbox 1691 2968 3249 3034; baseline 0.003 -18"><span class='ocrx_word' id='word_1_707' title='bbox 1691 2968 1789 3016; x_wconf 89' lang='lat' dir='ltr'><strong>tem</strong></span> <span class='ocrx_word' id='word_1_708' title='bbox 1819 2968 1938 3017; x_wconf 87' lang='lat' dir='ltr'><strong>tunc</strong></span> <span class='ocrx_word' id='word_1_709' title='bbox 1974 2970 2201 3030; x_wconf 87' lang='lat' dir='ltr'><strong>temporis</strong></span> <span class='ocrx_word' id='word_1_710' title='bbox 2235 2972 2555 3032; x_wconf 80' lang='lat' dir='ltr'><strong>perpetravit,</strong></span> <span class='ocrx_word' id='word_1_711' title='bbox 2592 2984 2649 3019; x_wconf 86' lang='lat' dir='ltr'><strong>ea</strong></span> <span class='ocrx_word' id='word_1_712' title='bbox 2686 2972 2799 3021; x_wconf 90' lang='lat' dir='ltr'><strong>sunt</strong></span> <span class='ocrx_word' id='word_1_713' title='bbox 2834 2970 3115 3034; x_wconf 86' lang='lat' dir='ltr'><strong>imputanda</strong></span> <span class='ocrx_word' id='word_1_714' title='bbox 3149 2977 3249 3021; x_wconf 84' lang='lat' dir='ltr'><strong>suis</strong></span> 
     </span>
     <span class='ocr_line' id='line_1_87' title="bbox 1691 3050 3247 3115; baseline 0.001 -16"><span class='ocrx_word' id='word_1_715' title='bbox 1691 3050 1905 3100; x_wconf 88' lang='lat' dir='ltr'><strong>moribus</strong></span> <span class='ocrx_word' id='word_1_716' title='bbox 1919 3087 1935 3113; x_wconf 89' lang='lat'><strong>,</strong></span> <span class='ocrx_word' id='word_1_717' title='bbox 1960 3053 2107 3113; x_wconf 88' lang='lat' dir='ltr'><strong>atque</strong></span> <span class='ocrx_word' id='word_1_718' title='bbox 2128 3052 2195 3101; x_wconf 87' lang='lat' dir='ltr'><strong>eis</strong></span> <span class='ocrx_word' id='word_1_719' title='bbox 2214 3052 2299 3113; x_wconf 91' lang='lat' dir='ltr'><strong>qui</strong></span> <span class='ocrx_word' id='word_1_720' title='bbox 2326 3065 2383 3101; x_wconf 89' lang='lat' dir='ltr'><strong>ea</strong></span> <span class='ocrx_word' id='word_1_721' title='bbox 2406 3052 2509 3101; x_wconf 82' lang='lat' dir='ltr'><strong>fieri</strong></span> <span class='ocrx_word' id='word_1_722' title='bbox 2532 3053 2870 3115; x_wconf 84' lang='lat' dir='ltr'><strong>permiserunt.</strong></span> <span class='ocrx_word' id='word_1_723' title='bbox 2936 3057 3095 3111; x_wconf 86' lang='lat' dir='ltr'><strong>Quare</strong></span> <span class='ocrx_word' id='word_1_724' title='bbox 3117 3054 3157 3102; x_wconf 90' lang='lat' dir='ltr'><strong>si</strong></span> <span class='ocrx_word' id='word_1_725' title='bbox 3185 3067 3247 3102; x_wconf 81' lang='lat' dir='ltr'><strong>ex</strong></span> 
     </span>
     <span class='ocr_line' id='line_1_88' title="bbox 1692 3132 3247 3213; baseline 0.003 -32"><span class='ocrx_word' id='word_1_726' title='bbox 1692 3132 1766 3182; x_wconf 82' lang='lat' dir='ltr'><strong>his</strong></span> <span class='ocrx_word' id='word_1_727' title='bbox 1781 3145 1893 3195; x_wconf 82' lang='lat' dir='ltr'><strong>quae</strong></span> <span class='ocrx_word' id='word_1_728' title='bbox 1911 3146 2043 3183; x_wconf 88' lang='lat' dir='ltr'><strong>nunc</strong></span> <span class='ocrx_word' id='word_1_729' title='bbox 2059 3132 2155 3196; x_wconf 82' lang='lat' dir='ltr'><strong>agit</strong></span> <span class='ocrx_word' id='word_1_730' title='bbox 2173 3133 2425 3197; x_wconf 88' lang='lat' dir='ltr'><strong>approbari</strong></span> <span class='ocrx_word' id='word_1_731' title='bbox 2441 3134 2676 3197; x_wconf 85' lang='lat' dir='ltr'><strong>postulet,</strong></span> <span class='ocrx_word' id='word_1_732' title='bbox 2695 3148 2753 3185; x_wconf 89' lang='lat' dir='ltr'><strong>ea</strong></span> <span class='ocrx_word' id='word_1_733' title='bbox 2774 3148 2883 3197; x_wconf 81' lang='lat' dir='ltr'><strong>quae</strong></span> <span class='ocrx_word' id='word_1_734' title='bbox 2898 3133 3007 3213; x_wconf 78' lang='lat' dir='ltr'><strong>dico</strong></span> <span class='ocrx_word' id='word_1_735' title='bbox 3023 3134 3247 3197; x_wconf 86' lang='lat' dir='ltr'><strong>subjicia-</strong></span> 
     </span>
     <span class='ocr_line' id='line_1_89' title="bbox 1693 3214 2733 3278; baseline 0 -14"><span class='ocrx_word' id='word_1_736' title='bbox 1693 3214 1754 3265; x_wconf 88' lang='lat' dir='ltr'><strong>tis</strong></span> <span class='ocrx_word' id='word_1_737' title='bbox 1773 3250 1788 3277; x_wconf 88' lang='lat'><strong>,</strong></span> <span class='ocrx_word' id='word_1_738' title='bbox 1812 3228 1874 3265; x_wconf 91' lang='lat' dir='ltr'><strong>ne</strong></span> <span class='ocrx_word' id='word_1_739' title='bbox 1891 3215 1967 3265; x_wconf 87' lang='lat' dir='ltr'><strong>isti</strong></span> <span class='ocrx_word' id='word_1_740' title='bbox 1988 3229 2071 3266; x_wconf 81' lang='lat' dir='ltr'><strong>vos</strong></span> <span class='ocrx_word' id='word_1_741' title='bbox 2091 3215 2328 3278; x_wconf 83' lang='lat' dir='ltr'><strong>simplices</strong></span> <span class='ocrx_word' id='word_1_742' title='bbox 2346 3229 2449 3266; x_wconf 85' lang='lat' dir='ltr'><strong>esse</strong></span> <span class='ocrx_word' id='word_1_743' title='bbox 2467 3215 2733 3266; x_wconf 81' lang='lat' dir='ltr'><strong>videamini.</strong></span> 
     </span>
    </p>

    <p class='ocr_par' dir='ltr' id='par_1_14' title="bbox 1692 3300 3249 5379">
     <span class='ocr_line' id='line_1_90' title="bbox 1757 3300 3249 3363; baseline 0.003 -13"><span class='ocrx_word' id='word_1_744' title='bbox 1757 3308 1804 3350; x_wconf 81' lang='lat'><strong>6.</strong></span> <span class='ocrx_word' id='word_1_745' title='bbox 1840 3300 2025 3358; x_wconf 78' lang='lat' dir='ltr'><strong>Quodsi</strong></span> <span class='ocrx_word' id='word_1_746' title='bbox 2036 3300 2087 3350; x_wconf 91' lang='lat' dir='ltr'><strong>in</strong></span> <span class='ocrx_word' id='word_1_747' title='bbox 2101 3314 2207 3350; x_wconf 83' lang='lat' dir='ltr'><strong>eam</strong></span> <span class='ocrx_word' id='word_1_748' title='bbox 2224 3301 2493 3351; x_wconf 84' lang='lat' dir='ltr'><strong>orationem</strong></span> <span class='ocrx_word' id='word_1_749' title='bbox 2507 3301 2817 3363; x_wconf 81' lang='lat' dir='ltr'><strong>diverterint,</strong></span> <span class='ocrx_word' id='word_1_750' title='bbox 2832 3315 2919 3352; x_wconf 86' lang='lat' dir='ltr'><strong>nos</strong></span> <span class='ocrx_word' id='word_1_751' title='bbox 2935 3303 3113 3354; x_wconf 84' lang='lat' dir='ltr'><strong>scilicet</strong></span> <span class='ocrx_word' id='word_1_752' title='bbox 3128 3306 3249 3354; x_wconf 87' lang='lat' dir='ltr'><strong>tem·</strong></span> 
     </span>
     <span class='ocr_line' id='line_1_91' title="bbox 1696 3388 3247 3453; baseline 0.003 -15"><span class='ocrx_word' id='word_1_753' title='bbox 1696 3402 1813 3451; x_wconf 85' lang='lat' dir='ltr'><strong>pore</strong></span> <span class='ocrx_word' id='word_1_754' title='bbox 1830 3388 2021 3439; x_wconf 84' lang='lat' dir='ltr'><strong>excludi</strong></span> <span class='ocrx_word' id='word_1_755' title='bbox 2039 3389 2295 3453; x_wconf 86' lang='lat' dir='ltr'><strong>quominus</strong></span> <span class='ocrx_word' id='word_1_756' title='bbox 2311 3389 2563 3452; x_wconf 85' lang='lat' dir='ltr'><strong>quisquam</strong></span> <span class='ocrx_word' id='word_1_757' title='bbox 2582 3390 2784 3453; x_wconf 86' lang='lat' dir='ltr'><strong>eligatur</strong></span> <span class='ocrx_word' id='word_1_758' title='bbox 2804 3389 2926 3440; x_wconf 85' lang='lat' dir='ltr'><strong>alius</strong></span> <span class='ocrx_word' id='word_1_759' title='bbox 2937 3427 2952 3450; x_wconf 93' lang='lat'><strong>,</strong></span> <span class='ocrx_word' id='word_1_760' title='bbox 2970 3404 3141 3442; x_wconf 72' lang='lat' dir='ltr'><strong>verum</strong></span> <span class='ocrx_word' id='word_1_761' title='bbox 3159 3406 3247 3443; x_wconf 90' lang='lat' dir='ltr'><strong>ne·</strong></span> 
     </span>
     <span class='ocr_line' id='line_1_92' title="bbox 1695 3476 3247 3540; baseline 0.002 -14"><span class='ocrx_word' id='word_1_762' title='bbox 1695 3489 1824 3526; x_wconf 82' lang='lat' dir='ltr'><strong>cesse</strong></span> <span class='ocrx_word' id='word_1_763' title='bbox 1843 3489 1949 3527; x_wconf 85' lang='lat' dir='ltr'><strong>esse</strong></span> <span class='ocrx_word' id='word_1_764' title='bbox 1971 3477 2028 3525; x_wconf 91' lang='lat' dir='ltr'><strong>ut</strong></span> <span class='ocrx_word' id='word_1_765' title='bbox 2042 3512 2058 3539; x_wconf 96' lang='lat'><strong>,</strong></span> <span class='ocrx_word' id='word_1_766' title='bbox 2090 3476 2131 3526; x_wconf 86' lang='lat' dir='ltr'><strong>si</strong></span> <span class='ocrx_word' id='word_1_767' title='bbox 2160 3478 2250 3527; x_wconf 84' lang='lat' dir='ltr'><strong>iste</strong></span> <span class='ocrx_word' id='word_1_768' title='bbox 2270 3476 2565 3540; x_wconf 86' lang='lat' dir='ltr'><strong>reprobetur,</strong></span> <span class='ocrx_word' id='word_1_769' title='bbox 2584 3477 2961 3528; x_wconf 82' lang='lat' dir='ltr'><strong>intermittantur</strong></span> <span class='ocrx_word' id='word_1_770' title='bbox 2982 3492 3119 3529; x_wconf 86' lang='lat' dir='ltr'><strong>sacra</strong></span> <span class='ocrx_word' id='word_1_771' title='bbox 3136 3493 3247 3529; x_wconf 91' lang='lat' dir='ltr'><strong>con·</strong></span> 
     </span>
     <span class='ocr_line' id='line_1_93' title="bbox 1692 3560 3247 3630; baseline 0.002 -17"><span class='ocrx_word' id='word_1_772' title='bbox 1692 3565 1859 3626; x_wconf 74' lang='lat' dir='ltr'><strong>sueta3</strong></span> <span class='ocrx_word' id='word_1_773' title='bbox 1893 3563 1944 3613; x_wconf 85' lang='lat' dir='ltr'><strong>id</strong></span> <span class='ocrx_word' id='word_1_774' title='bbox 1962 3563 2013 3613; x_wconf 90' lang='lat' dir='ltr'><strong>in</strong></span> <span class='ocrx_word' id='word_1_775' title='bbox 2034 3564 2193 3614; x_wconf 88' lang='lat' dir='ltr'><strong>animo</strong></span> <span class='ocrx_word' id='word_1_776' title='bbox 2220 3560 2449 3627; x_wconf 78' lang='lat' dir='ltr'><strong>reputetIs</strong></span> <span class='ocrx_word' id='word_1_777' title='bbox 2478 3564 2578 3627; x_wconf 80' lang='lat' dir='ltr'><strong>Jam</strong></span> <span class='ocrx_word' id='word_1_778' title='bbox 2604 3564 2789 3614; x_wconf 89' lang='lat' dir='ltr'><strong>dudum</strong></span> <span class='ocrx_word' id='word_1_779' title='bbox 2820 3565 2871 3615; x_wconf 90' lang='lat' dir='ltr'><strong>id</strong></span> <span class='ocrx_word' id='word_1_780' title='bbox 2914 3568 3104 3629; x_wconf 86' lang='lat' dir='ltr'><strong>tempus</strong></span> <span class='ocrx_word' id='word_1_781' title='bbox 3128 3580 3247 3630; x_wconf 79' lang='lat' dir='ltr'><strong>prae·</strong></span> 
     </span>
     <span class='ocr_line' id='line_1_94' title="bbox 1695 3650 3249 3716; baseline 0.003 -15"><span class='ocrx_word' id='word_1_782' title='bbox 1695 3650 1896 3701; x_wconf 80' lang='lat' dir='ltr'><strong>teriisse.</strong></span> <span class='ocrx_word' id='word_1_783' title='bbox 1916 3652 2164 3701; x_wconf 85' lang='lat' dir='ltr'><strong>crastinus</strong></span> <span class='ocrx_word' id='word_1_784' title='bbox 2177 3652 2304 3701; x_wconf 90' lang='lat' dir='ltr'><strong>enim</strong></span> <span class='ocrx_word' id='word_1_785' title='bbox 2317 3652 2417 3702; x_wconf 87' lang='lat' dir='ltr'><strong>dies</strong></span> <span class='ocrx_word' id='word_1_786' title='bbox 2428 3653 2541 3702; x_wconf 88' lang='lat' dir='ltr'><strong>anni</strong></span> <span class='ocrx_word' id='word_1_787' title='bbox 2554 3653 2625 3703; x_wconf 68' lang='lat' dir='ltr'><strong>est</strong></span> <span class='ocrx_word' id='word_1_788' title='bbox 2634 3666 2909 3716; x_wconf 67' lang='lat' dir='ltr'><strong>supremus,</strong></span> <span class='ocrx_word' id='word_1_789' title='bbox 2925 3668 2981 3703; x_wconf 90' lang='lat' dir='ltr'><strong>eo</strong></span> <span class='ocrx_word' id='word_1_790' title='bbox 2995 3656 3158 3705; x_wconf 90' lang='lat' dir='ltr'><strong>autem</strong></span> <span class='ocrx_word' id='word_1_791' title='bbox 3172 3654 3249 3705; x_wconf 90' lang='lat' dir='ltr'><strong>die</strong></span> 
     </span>
     <span class='ocr_line' id='line_1_95' title="bbox 1701 3738 3249 3803; baseline 0.003 -16"><span class='ocrx_word' id='word_1_792' title='bbox 1701 3739 1811 3787; x_wconf 80' lang='lat' dir='ltr'><strong>Jovi</strong></span> <span class='ocrx_word' id='word_1_793' title='bbox 1833 3739 2073 3788; x_wconf 80' lang='lat' dir='ltr'><strong>servatori</strong></span> <span class='ocrx_word' id='word_1_794' title='bbox 2098 3751 2235 3789; x_wconf 87' lang='lat' dir='ltr'><strong>sacra</strong></span> <span class='ocrx_word' id='word_1_795' title='bbox 2253 3738 2661 3801; x_wconf 70' lang='lat' dir='ltr'><strong>fiunt51udicium</strong></span> <span class='ocrx_word' id='word_1_796' title='bbox 2686 3753 2802 3789; x_wconf 83' lang='lat' dir='ltr'><strong>vero</strong></span> <span class='ocrx_word' id='word_1_797' title='bbox 2826 3741 2988 3790; x_wconf 85' lang='lat' dir='ltr'><strong>baberi</strong></span> <span class='ocrx_word' id='word_1_798' title='bbox 3020 3742 3249 3803; x_wconf 83' lang='lat' dir='ltr'><strong>perleges</strong></span> 
     </span>
     <span class='ocr_line' id='line_1_96' title="bbox 1695 3824 3247 3889; baseline 0.002 -15"><span class='ocrx_word' id='word_1_799' title='bbox 1695 3825 1829 3875; x_wconf 89' lang='lat' dir='ltr'><strong>nullo</strong></span> <span class='ocrx_word' id='word_1_800' title='bbox 1847 3825 1991 3875; x_wconf 85' lang='lat' dir='ltr'><strong>modo</strong></span> <span class='ocrx_word' id='word_1_801' title='bbox 2016 3824 2143 3876; x_wconf 91' lang='lat' dir='ltr'><strong>licet.</strong></span> <span class='ocrx_word' id='word_1_802' title='bbox 2191 3828 2258 3889; x_wconf 86' lang='grc'><strong>(7)</strong></span> <span class='ocrx_word' id='word_1_803' title='bbox 2284 3825 2463 3883; x_wconf 87' lang='lat' dir='ltr'><strong>Quodsi</strong></span> <span class='ocrx_word' id='word_1_804' title='bbox 2484 3826 2573 3876; x_wconf 87' lang='lat' dir='ltr'><strong>iste</strong></span> <span class='ocrx_word' id='word_1_805' title='bbox 2590 3828 2759 3889; x_wconf 84' lang='lat' dir='ltr'><strong>sategit</strong></span> <span class='ocrx_word' id='word_1_806' title='bbox 2783 3828 2838 3876; x_wconf 93' lang='lat' dir='ltr'><strong>ut</strong></span> <span class='ocrx_word' id='word_1_807' title='bbox 2860 3827 2967 3876; x_wconf 81' lang='lat' dir='ltr'><strong>haec</strong></span> <span class='ocrx_word' id='word_1_808' title='bbox 2983 3828 3143 3877; x_wconf 88' lang='lat' dir='ltr'><strong>omnia</strong></span> <span class='ocrx_word' id='word_1_809' title='bbox 3163 3828 3247 3877; x_wconf 83' lang='lat' dir='ltr'><strong>fie-</strong></span> 
     </span>
     <span class='ocr_line' id='line_1_97' title="bbox 1697 3912 3247 3977; baseline 0 -14"><span class='ocrx_word' id='word_1_810' title='bbox 1697 3914 1820 3975; x_wconf 88' lang='lat' dir='ltr'><strong>rent,</strong></span> <span class='ocrx_word' id='word_1_811' title='bbox 1835 3912 1953 3975; x_wconf 86' lang='lat' dir='ltr'><strong>quid</strong></span> <span class='ocrx_word' id='word_1_812' title='bbox 1970 3914 2127 3977; x_wconf 84' lang='lat' dir='ltr'><strong>ipsum</strong></span> <span class='ocrx_word' id='word_1_813' title='bbox 2136 3912 2235 3975; x_wconf 86' lang='lat' dir='ltr'><strong>jam</strong></span> <span class='ocrx_word' id='word_1_814' title='bbox 2246 3913 2500 3975; x_wconf 87' lang='lat' dir='ltr'><strong>probatum</strong></span> <span class='ocrx_word' id='word_1_815' title='bbox 2517 3913 2753 3962; x_wconf 73' lang='lat' dir='ltr'><strong>facturum</strong></span> <span class='ocrx_word' id='word_1_816' title='bbox 2768 3926 2868 3963; x_wconf 87' lang='lat' dir='ltr'><strong>esse</strong></span> <span class='ocrx_word' id='word_1_817' title='bbox 2882 3914 3192 3976; x_wconf 85' lang='lat' dir='ltr'><strong>arbitremini,</strong></span> <span class='ocrx_word' id='word_1_818' title='bbox 3207 3916 3247 3963; x_wconf 89' lang='lat' dir='ltr'><strong>si</strong></span> 
     </span>
     <span class='ocr_line' id='line_1_98' title="bbox 1696 3999 3246 4063; baseline 0.001 -15"><span class='ocrx_word' id='word_1_819' title='bbox 1696 4000 1910 4050; x_wconf 87' lang='lat' dir='ltr'><strong>nondum</strong></span> <span class='ocrx_word' id='word_1_820' title='bbox 1934 4000 2160 4063; x_wconf 85' lang='lat' dir='ltr'><strong>probatus</strong></span> <span class='ocrx_word' id='word_1_821' title='bbox 2180 4000 2375 4050; x_wconf 85' lang='lat' dir='ltr'><strong>exeunti</strong></span> <span class='ocrx_word' id='word_1_822' title='bbox 2398 3999 2694 4062; x_wconf 87' lang='lat' dir='ltr'><strong>magistratui</strong></span> <span class='ocrx_word' id='word_1_823' title='bbox 2722 4000 3010 4062; x_wconf 83' lang='lat' dir='ltr'><strong>persuaserit</strong></span> <span class='ocrx_word' id='word_1_824' title='bbox 3033 4000 3084 4048; x_wconf 89' lang='lat' dir='ltr'><strong>in</strong></span> <span class='ocrx_word' id='word_1_825' title='bbox 3110 4012 3246 4049; x_wconf 87' lang='lat' dir='ltr'><strong>suam</strong></span> 
     </span>
     <span class='ocr_line' id='line_1_99' title="bbox 1694 4080 3247 4151; baseline -0.002 -13"><span class='ocrx_word' id='word_1_826' title='bbox 1694 4088 1896 4151; x_wconf 81' lang='lat' dir='ltr'><strong>gratiam</strong></span> <span class='ocrx_word' id='word_1_827' title='bbox 1918 4088 2043 4151; x_wconf 79' lang='lat' dir='ltr'><strong>leges</strong></span> <span class='ocrx_word' id='word_1_828' title='bbox 2060 4088 2273 4138; x_wconf 74' lang='lat' dir='ltr'><strong>violare?</strong></span> <span class='ocrx_word' id='word_1_829' title='bbox 2289 4101 2351 4137; x_wconf 90' lang='lat' dir='ltr'><strong>an</strong></span> <span class='ocrx_word' id='word_1_830' title='bbox 2368 4100 2519 4150; x_wconf 87' lang='lat' dir='ltr'><strong>pauca</strong></span> <span class='ocrx_word' id='word_1_831' title='bbox 2532 4087 2808 4149; x_wconf 87' lang='lat' dir='ltr'><strong>hujusmodi</strong></span> <span class='ocrx_word' id='word_1_832' title='bbox 2826 4087 2877 4136; x_wconf 90' lang='lat' dir='ltr'><strong>in</strong></span> <span class='ocrx_word' id='word_1_833' title='bbox 2894 4080 2983 4136; x_wconf 82' lang='lat' dir='ltr'><strong>suo</strong></span> <span class='ocrx_word' id='word_1_834' title='bbox 3000 4099 3125 4136; x_wconf 87' lang='lat' dir='ltr'><strong>anno</strong></span> <span class='ocrx_word' id='word_1_835' title='bbox 3144 4100 3247 4149; x_wconf 86' lang='lat' dir='ltr'><strong>per-</strong></span> 
     </span>
     <span class='ocr_line' id='line_1_100' title="bbox 1699 4173 3247 4240; baseline -0.003 -13"><span class='ocrx_word' id='word_1_836' title='bbox 1699 4178 2031 4240; x_wconf 74' lang='lat' dir='ltr'><strong>petraturum?</strong></span> <span class='ocrx_word' id='word_1_837' title='bbox 2054 4175 2169 4225; x_wconf 83' lang='lat' dir='ltr'><strong>mihi</strong></span> <span class='ocrx_word' id='word_1_838' title='bbox 2203 4176 2416 4238; x_wconf 77' lang='lat' dir='ltr'><strong>profecto</strong></span> <span class='ocrx_word' id='word_1_839' title='bbox 2447 4187 2545 4225; x_wconf 88' lang='lat' dir='ltr'><strong>non</strong></span> <span class='ocrx_word' id='word_1_840' title='bbox 2577 4173 2783 4224; x_wconf 79' lang='lat' dir='ltr'><strong>videtur.</strong></span> <span class='ocrx_word' id='word_1_841' title='bbox 2854 4174 2921 4238; x_wconf 88' lang='lat'><strong>(8)</strong></span> <span class='ocrx_word' id='word_1_842' title='bbox 2960 4177 3247 4238; x_wconf 86' lang='lat' dir='ltr'><strong>Quanquam</strong></span> 
     </span>
     <span class='ocr_line' id='line_1_101' title="bbox 1695 4260 3249 4324; baseline -0.002 -9"><span class='ocrx_word' id='word_1_843' title='bbox 1695 4278 1795 4315; x_wconf 89' lang='lat' dir='ltr'><strong>non</strong></span> <span class='ocrx_word' id='word_1_844' title='bbox 1819 4264 1870 4314; x_wconf 91' lang='lat' dir='ltr'><strong>id</strong></span> <span class='ocrx_word' id='word_1_845' title='bbox 1893 4265 2050 4314; x_wconf 88' lang='lat' dir='ltr'><strong>solum</strong></span> <span class='ocrx_word' id='word_1_846' title='bbox 2072 4262 2207 4313; x_wconf 74' lang='lat' dir='ltr'><strong>vobis</strong></span> <span class='ocrx_word' id='word_1_847' title='bbox 2230 4261 2629 4313; x_wconf 87' lang='lat' dir='ltr'><strong>considerandum</strong></span> <span class='ocrx_word' id='word_1_848' title='bbox 2656 4263 2728 4311; x_wconf 67' lang='lat' dir='ltr'><strong>est</strong></span> <span class='ocrx_word' id='word_1_849' title='bbox 2744 4298 2759 4324; x_wconf 93' lang='lat'><strong>,</strong></span> <span class='ocrx_word' id='word_1_850' title='bbox 2792 4260 2876 4311; x_wconf 88' lang='lat' dir='ltr'><strong>sed</strong></span> <span class='ocrx_word' id='word_1_851' title='bbox 2912 4263 3077 4311; x_wconf 89' lang='lat' dir='ltr'><strong>utrum</strong></span> <span class='ocrx_word' id='word_1_852' title='bbox 3100 4262 3249 4324; x_wconf 85' lang='lat' dir='ltr'><strong>magis</strong></span> 
     </span>
     <span class='ocr_line' id='line_1_102' title="bbox 1696 4350 3247 4415; baseline -0.002 -13"><span class='ocrx_word' id='word_1_853' title='bbox 1696 4351 1907 4415; x_wconf 81' lang='lat' dir='ltr'><strong>religioni</strong></span> <span class='ocrx_word' id='word_1_854' title='bbox 1940 4354 2113 4401; x_wconf 58' lang='lat' dir='ltr'><strong>vestrae</strong></span> <span class='ocrx_word' id='word_1_855' title='bbox 2130 4350 2385 4401; x_wconf 82' lang='lat' dir='ltr'><strong>conveniat</strong></span> <span class='ocrx_word' id='word_1_856' title='bbox 2416 4362 2575 4412; x_wconf 85' lang='lat' dir='ltr'><strong>regem</strong></span> <span class='ocrx_word' id='word_1_857' title='bbox 2592 4362 2835 4400; x_wconf 88' lang='lat' dir='ltr'><strong>sacrorum</strong></span> <span class='ocrx_word' id='word_1_858' title='bbox 2854 4362 2985 4398; x_wconf 90' lang='lat' dir='ltr'><strong>nunc</strong></span> <span class='ocrx_word' id='word_1_859' title='bbox 3007 4351 3247 4412; x_wconf 80' lang='lat' dir='ltr'><strong>gerentem</strong></span> 
     </span>
     <span class='ocr_line' id='line_1_103' title="bbox 1697 4436 3247 4502; baseline -0.004 -11"><span class='ocrx_word' id='word_1_860' title='bbox 1697 4454 1810 4491; x_wconf 89' lang='lat' dir='ltr'><strong>cum</strong></span> <span class='ocrx_word' id='word_1_861' title='bbox 1845 4439 2038 4501; x_wconf 84' lang='lat' dir='ltr'><strong>collegis</strong></span> <span class='ocrx_word' id='word_1_862' title='bbox 2068 4452 2155 4502; x_wconf 87' lang='lat' dir='ltr'><strong>pro</strong></span> <span class='ocrx_word' id='word_1_863' title='bbox 2187 4439 2352 4487; x_wconf 79' lang='lat' dir='ltr'><strong>futuro</strong></span> <span class='ocrx_word' id='word_1_864' title='bbox 2383 4438 2663 4499; x_wconf 85' lang='lat' dir='ltr'><strong>magistratu</strong></span> <span class='ocrx_word' id='word_1_865' title='bbox 2695 4450 2829 4486; x_wconf 90' lang='lat' dir='ltr'><strong>sacra</strong></span> <span class='ocrx_word' id='word_1_866' title='bbox 2858 4436 3040 4497; x_wconf 80' lang='lat' dir='ltr'><strong>facere,</strong></span> <span class='ocrx_word' id='word_1_867' title='bbox 3074 4439 3130 4485; x_wconf 89' lang='lat' dir='ltr'><strong>ut</strong></span> <span class='ocrx_word' id='word_1_868' title='bbox 3146 4437 3247 4498; x_wconf 78' lang='lat' dir='ltr'><strong>Jam</strong></span> 
     </span>
     <span class='ocr_line' id='line_1_104' title="bbox 1696 4524 3249 4588; baseline -0.003 -11"><span class='ocrx_word' id='word_1_869' title='bbox 1696 4532 1836 4579; x_wconf 88' lang='lat' dir='ltr'><strong>antea</strong></span> <span class='ocrx_word' id='word_1_870' title='bbox 1869 4528 2049 4577; x_wconf 73' lang='lat' dir='ltr'><strong>tactum</strong></span> <span class='ocrx_word' id='word_1_871' title='bbox 2074 4528 2173 4588; x_wconf 88' lang='lat' dir='ltr'><strong>est,</strong></span> <span class='ocrx_word' id='word_1_872' title='bbox 2194 4538 2255 4575; x_wconf 87' lang='lat' dir='ltr'><strong>an</strong></span> <span class='ocrx_word' id='word_1_873' title='bbox 2291 4526 2465 4587; x_wconf 87' lang='lat' dir='ltr'><strong>istum,</strong></span> <span class='ocrx_word' id='word_1_874' title='bbox 2489 4538 2633 4587; x_wconf 87' lang='lat' dir='ltr'><strong>quem</strong></span> <span class='ocrx_word' id='word_1_875' title='bbox 2666 4538 2727 4574; x_wconf 88' lang='lat' dir='ltr'><strong>ne</strong></span> <span class='ocrx_word' id='word_1_876' title='bbox 2757 4524 2888 4586; x_wconf 81' lang='lat' dir='ltr'><strong>puris</strong></span> <span class='ocrx_word' id='word_1_877' title='bbox 2920 4524 3117 4587; x_wconf 86' lang='lat' dir='ltr'><strong>quidem</strong></span> <span class='ocrx_word' id='word_1_878' title='bbox 3148 4538 3249 4573; x_wconf 86' lang='lat' dir='ltr'><strong>esse</strong></span> 
     </span>
     <span class='ocr_line' id='line_1_105' title="bbox 1697 4611 3249 4674; baseline -0.003 -9"><span class='ocrx_word' id='word_1_879' title='bbox 1697 4615 1916 4665; x_wconf 88' lang='lat' dir='ltr'><strong>manibus</strong></span> <span class='ocrx_word' id='word_1_880' title='bbox 1934 4615 2169 4663; x_wconf 66' lang='lat' dir='ltr'><strong>testantur</strong></span> <span class='ocrx_word' id='word_1_881' title='bbox 2195 4613 2227 4661; x_wconf 89' lang='lat' dir='ltr'><strong>ii</strong></span> <span class='ocrx_word' id='word_1_882' title='bbox 2246 4612 2392 4674; x_wconf 90' lang='lat' dir='ltr'><strong>quiid</strong></span> <span class='ocrx_word' id='word_1_883' title='bbox 2410 4612 2595 4673; x_wconf 87' lang='lat' dir='ltr'><strong>sciunt;</strong></span> <span class='ocrx_word' id='word_1_884' title='bbox 2617 4615 2666 4661; x_wconf 89' lang='lat' dir='ltr'><strong>et</strong></span> <span class='ocrx_word' id='word_1_885' title='bbox 2684 4613 2847 4661; x_wconf 90' lang='lat' dir='ltr'><strong>utrum</strong></span> <span class='ocrx_word' id='word_1_886' title='bbox 2867 4611 3143 4672; x_wconf 84' lang='lat' dir='ltr'><strong>juraveritis</strong></span> <span class='ocrx_word' id='word_1_887' title='bbox 3165 4625 3249 4660; x_wconf 75' lang='lat' dir='ltr'><strong>vos</strong></span> 
     </span>
     <span class='ocr_line' id='line_1_106' title="bbox 1697 4699 3245 4764; baseline -0.003 -13"><span class='ocrx_word' id='word_1_888' title='bbox 1697 4716 1806 4752; x_wconf 88' lang='lat' dir='ltr'><strong>eum</strong></span> <span class='ocrx_word' id='word_1_889' title='bbox 1844 4702 2173 4764; x_wconf 83' lang='lat' dir='ltr'><strong>magistratum</strong></span> <span class='ocrx_word' id='word_1_890' title='bbox 2210 4700 2449 4750; x_wconf 85' lang='lat' dir='ltr'><strong>electuros</strong></span> <span class='ocrx_word' id='word_1_891' title='bbox 2488 4714 2635 4762; x_wconf 89' lang='lat' dir='ltr'><strong>quem</strong></span> <span class='ocrx_word' id='word_1_892' title='bbox 2668 4712 2763 4748; x_wconf 91' lang='lat' dir='ltr'><strong>non</strong></span> <span class='ocrx_word' id='word_1_893' title='bbox 2795 4699 3105 4761; x_wconf 72' lang='lat' dir='ltr'><strong>probavistis,</strong></span> <span class='ocrx_word' id='word_1_894' title='bbox 3146 4713 3211 4747; x_wconf 87' lang='lat' dir='ltr'><strong>an</strong></span> <span class='ocrx_word' id='word_1_895' title='bbox 3231 4736 3245 4760; x_wconf 91' lang='lat'><strong>,</strong></span> 
     </span>
     <span class='ocr_line' id='line_1_107' title="bbox 1697 4786 3246 4853; baseline -0.003 -14"><span class='ocrx_word' id='word_1_896' title='bbox 1697 4790 1975 4853; x_wconf 82' lang='lat' dir='ltr'><strong>probatione</strong></span> <span class='ocrx_word' id='word_1_897' title='bbox 2006 4791 2162 4850; x_wconf 86' lang='lat' dir='ltr'><strong>tacta,</strong></span> <span class='ocrx_word' id='word_1_898' title='bbox 2194 4802 2304 4839; x_wconf 89' lang='lat' dir='ltr'><strong>eum</strong></span> <span class='ocrx_word' id='word_1_899' title='bbox 2342 4791 2653 4837; x_wconf 88' lang='lat' dir='ltr'><strong>coronaturos</strong></span> <span class='ocrx_word' id='word_1_900' title='bbox 2683 4800 2829 4850; x_wconf 89' lang='lat' dir='ltr'><strong>quem</strong></span> <span class='ocrx_word' id='word_1_901' title='bbox 2866 4787 3145 4848; x_wconf 85' lang='lat' dir='ltr'><strong>magistratu</strong></span> <span class='ocrx_word' id='word_1_902' title='bbox 3168 4786 3246 4835; x_wconf 87' lang='lat' dir='ltr'><strong>di-</strong></span> 
     </span>
     <span class='ocr_line' id='line_1_108' title="bbox 1695 4874 3249 4941; baseline -0.004 -14"><span class='ocrx_word' id='word_1_903' title='bbox 1695 4892 1840 4940; x_wconf 84' lang='lat' dir='ltr'><strong>gnum</strong></span> <span class='ocrx_word' id='word_1_904' title='bbox 1859 4878 2172 4940; x_wconf 59' lang='lat' dir='ltr'><strong>comperistis</strong></span> <span class='ocrx_word' id='word_1_905' title='bbox 2237 4877 2305 4941; x_wconf 83' lang='grc'><strong>(9)</strong></span> <span class='ocrx_word' id='word_1_906' title='bbox 2320 4880 2436 4928; x_wconf 82' lang='lat' dir='ltr'><strong>Haec</strong></span> <span class='ocrx_word' id='word_1_907' title='bbox 2454 4876 2637 4926; x_wconf 86' lang='lat' dir='ltr'><strong>debetis</strong></span> <span class='ocrx_word' id='word_1_908' title='bbox 2651 4888 2738 4925; x_wconf 81' lang='lat' dir='ltr'><strong>vos</strong></span> <span class='ocrx_word' id='word_1_909' title='bbox 2755 4874 3053 4923; x_wconf 80' lang='lat' dir='ltr'><strong>considerare</strong></span> <span class='ocrx_word' id='word_1_910' title='bbox 3068 4908 3081 4932; x_wconf 93' lang='lat'><strong>,</strong></span> <span class='ocrx_word' id='word_1_911' title='bbox 3102 4875 3249 4934; x_wconf 86' lang='lat' dir='ltr'><strong>atque</strong></span> 
     </span>
     <span class='ocr_line' id='line_1_109' title="bbox 1696 4960 3246 5029; baseline -0.006 -14"><span class='ocrx_word' id='word_1_912' title='bbox 1696 4966 1813 5015; x_wconf 90' lang='lat' dir='ltr'><strong>illud</strong></span> <span class='ocrx_word' id='word_1_913' title='bbox 1832 4966 1977 5015; x_wconf 86' lang='lat' dir='ltr'><strong>etiam</strong></span> <span class='ocrx_word' id='word_1_914' title='bbox 2002 4968 2222 5029; x_wconf 88' lang='lat' dir='ltr'><strong>reputare</strong></span> <span class='ocrx_word' id='word_1_915' title='bbox 2244 4966 2293 5015; x_wconf 91' lang='lat' dir='ltr'><strong>in</strong></span> <span class='ocrx_word' id='word_1_916' title='bbox 2316 4965 2503 5025; x_wconf 88' lang='lat' dir='ltr'><strong>animo,</strong></span> <span class='ocrx_word' id='word_1_917' title='bbox 2532 4977 2641 5013; x_wconf 90' lang='lat' dir='ltr'><strong>eum</strong></span> <span class='ocrx_word' id='word_1_918' title='bbox 2660 4963 2743 5025; x_wconf 90' lang='lat' dir='ltr'><strong>qui</strong></span> <span class='ocrx_word' id='word_1_919' title='bbox 2761 4962 2875 5012; x_wconf 86' lang='lat' dir='ltr'><strong>tulit</strong></span> <span class='ocrx_word' id='word_1_920' title='bbox 2892 4961 3043 5023; x_wconf 81' lang='lat' dir='ltr'><strong>legem</strong></span> <span class='ocrx_word' id='word_1_921' title='bbox 3064 4960 3123 5008; x_wconf 89' lang='lat' dir='ltr'><strong>de</strong></span> <span class='ocrx_word' id='word_1_922' title='bbox 3142 4971 3246 5020; x_wconf 88' lang='lat' dir='ltr'><strong>pro·</strong></span> 
     </span>
     <span class='ocr_line' id='line_1_110' title="bbox 1695 5046 3247 5117; baseline -0.007 -13"><span class='ocrx_word' id='word_1_923' title='bbox 1695 5054 1995 5117; x_wconf 82' lang='lat' dir='ltr'><strong>bationibus,</strong></span> <span class='ocrx_word' id='word_1_924' title='bbox 2034 5067 2132 5103; x_wconf 88' lang='lat' dir='ltr'><strong>non</strong></span> <span class='ocrx_word' id='word_1_925' title='bbox 2170 5054 2366 5103; x_wconf 87' lang='lat' dir='ltr'><strong>minime</strong></span> <span class='ocrx_word' id='word_1_926' title='bbox 2397 5066 2565 5103; x_wconf 87' lang='lat' dir='ltr'><strong>eorum</strong></span> <span class='ocrx_word' id='word_1_927' title='bbox 2602 5064 2745 5100; x_wconf 88' lang='lat' dir='ltr'><strong>cansa</strong></span> <span class='ocrx_word' id='word_1_928' title='bbox 2776 5050 2861 5112; x_wconf 92' lang='lat' dir='ltr'><strong>qui</strong></span> <span class='ocrx_word' id='word_1_929' title='bbox 2900 5050 2947 5097; x_wconf 92' lang='lat' dir='ltr'><strong>in</strong></span> <span class='ocrx_word' id='word_1_930' title='bbox 2991 5046 3247 5108; x_wconf 76' lang='lat' dir='ltr'><strong>oligarchia</strong></span> 
     </span>
     <span class='ocr_line' id='line_1_111' title="bbox 1695 5133 3247 5204; baseline -0.006 -14"><span class='ocrx_word' id='word_1_931' title='bbox 1695 5141 2047 5203; x_wconf 83' lang='lat' dir='ltr'><strong>magistratibus</strong></span> <span class='ocrx_word' id='word_1_932' title='bbox 2061 5142 2295 5204; x_wconf 77' lang='lat' dir='ltr'><strong>perfuncti</strong></span> <span class='ocrx_word' id='word_1_933' title='bbox 2315 5144 2428 5191; x_wconf 87' lang='lat' dir='ltr'><strong>sunt</strong></span> <span class='ocrx_word' id='word_1_934' title='bbox 2442 5178 2456 5203; x_wconf 95' lang='lat'><strong>,</strong></span> <span class='ocrx_word' id='word_1_935' title='bbox 2476 5153 2582 5190; x_wconf 88' lang='lat' dir='ltr'><strong>eam</strong></span> <span class='ocrx_word' id='word_1_936' title='bbox 2603 5139 2792 5197; x_wconf 80' lang='lat' dir='ltr'><strong>tulisse3</strong></span> <span class='ocrx_word' id='word_1_937' title='bbox 2816 5148 2965 5198; x_wconf 91' lang='lat' dir='ltr'><strong>quum</strong></span> <span class='ocrx_word' id='word_1_938' title='bbox 2991 5134 3179 5197; x_wconf 83' lang='lat' dir='ltr'><strong>putaret</strong></span> <span class='ocrx_word' id='word_1_939' title='bbox 3200 5133 3247 5181; x_wconf 90' lang='lat' dir='ltr'><strong>id</strong></span> 
     </span>
     <span class='ocr_line' id='line_1_112' title="bbox 1695 5219 3245 5291; baseline -0.007 -14"><span class='ocrx_word' id='word_1_940' title='bbox 1695 5242 1796 5278; x_wconf 86' lang='lat' dir='ltr'><strong>esse</strong></span> <span class='ocrx_word' id='word_1_941' title='bbox 1812 5229 2033 5291; x_wconf 85' lang='lat' dir='ltr'><strong>iniquum</strong></span> <span class='ocrx_word' id='word_1_942' title='bbox 2050 5265 2065 5289; x_wconf 91' lang='lat'><strong>,</strong></span> <span class='ocrx_word' id='word_1_943' title='bbox 2083 5229 2122 5278; x_wconf 91' lang='lat' dir='ltr'><strong>si</strong></span> <span class='ocrx_word' id='word_1_944' title='bbox 2153 5241 2359 5291; x_wconf 87' lang='lat' dir='ltr'><strong>quorum</strong></span> <span class='ocrx_word' id='word_1_945' title='bbox 2390 5240 2535 5291; x_wconf 85' lang='lat' dir='ltr'><strong>opera</strong></span> <span class='ocrx_word' id='word_1_946' title='bbox 2571 5238 2735 5276; x_wconf 79' lang='lat' dir='ltr'><strong>eversa</strong></span> <span class='ocrx_word' id='word_1_947' title='bbox 2758 5224 2819 5272; x_wconf 85' lang='lat' dir='ltr'><strong>sit</strong></span> <span class='ocrx_word' id='word_1_948' title='bbox 2840 5219 3159 5280; x_wconf 85' lang='lat' dir='ltr'><strong>democratia,</strong></span> <span class='ocrx_word' id='word_1_949' title='bbox 3180 5219 3245 5281; x_wconf 88' lang='lat' dir='ltr'><strong>ii,</strong></span> 
     </span>
     <span class='ocr_line' id='line_1_113' title="bbox 1695 5308 3248 5379; baseline -0.003 -14"><span class='ocrx_word' id='word_1_950' title='bbox 1695 5316 1860 5365; x_wconf 84' lang='lat' dir='ltr'><strong>eadem</strong></span> <span class='ocrx_word' id='word_1_951' title='bbox 1885 5317 2135 5379; x_wconf 84' lang='lat' dir='ltr'><strong>restituta,</strong></span> <span class='ocrx_word' id='word_1_952' title='bbox 2168 5316 2341 5366; x_wconf 86' lang='lat' dir='ltr'><strong>iterum</strong></span> <span class='ocrx_word' id='word_1_953' title='bbox 2366 5316 2427 5365; x_wconf 88' lang='lat' dir='ltr'><strong>ad</strong></span> <span class='ocrx_word' id='word_1_954' title='bbox 2450 5314 2753 5376; x_wconf 83' lang='lat' dir='ltr'><strong>magistratus</strong></span> <span class='ocrx_word' id='word_1_955' title='bbox 2779 5308 3087 5371; x_wconf 84' lang='lat' dir='ltr'><strong>accederent,</strong></span> <span class='ocrx_word' id='word_1_956' title='bbox 3110 5316 3248 5360; x_wconf 58' lang='lat' dir='ltr'><strong>cmv</strong></span> 
     </span>
    </p>

    <p class='ocr_par' dir='ltr' id='par_1_15' title="bbox 2944 5408 3039 5453">
     <span class='ocr_line' id='line_1_114' title="bbox 2944 5408 3039 5453; baseline 0 0"><span class='ocrx_word' id='word_1_957' title='bbox 2944 5408 2953 5419; x_wconf 86' lang='grc'><strong>“</strong></span> <span class='ocrx_word' id='word_1_958' title='bbox 2986 5412 3039 5453; x_wconf 75' lang='lat' dir='ltr'><em>u</em></span> 
     </span>
    </p>
   </div>
   <div class='ocr_carea' id='block_1_9' title="bbox 3765 19 3775 1443">
    <p class='ocr_par' dir='ltr' id='par_1_16' title="bbox 3765 19 3775 1443">
     <span class='ocr_line' id='line_1_115' title="bbox 3765 19 3775 1443; baseline 0 0"><span class='ocrx_word' id='word_1_959' title='bbox 3765 19 3775 1443; x_wconf 95' lang='lat' dir='ltr'><strong> </strong></span> 
     </span>
    </p>
   </div>
  </div>
 </body>
</html>
