3825 5842
165 452 420 534 ‹az-222>

980 448 1152 510 lsAEl
1193 448 1320 508 ΟΒ.
1363 448 1466 509 ΒΕ
1507 443 1813 507 ClRONIS
1835 392 2365 505 ἦΗΙΞΞΒΕῙΠἸἌΤΕ.

162 583 324 665 γρύξει
369 581 430 642 τὸ
483 580 738 664 παράπαν
783 579 928 639 οὐδὲν
973 581 1082 639 οὐδ’
1120 579 1280 638 εἰπεῖν
1323 578 1358 636 ἃ
1399 582 1488 637 νῦν
1528 580 1698 657 τολμᾷ
1787 582 2012 649 inquam,
2036 597 2099 635 ne
2123 584 2304 635 hiscere
2320 584 2517 648 quidem
2534 584 2641 635 tum
2658 584 2826 637 contra
2842 585 3067 650 auderet,
3088 586 3267 638 nedum
3286 590 3339 638 ut

161 672 332 749 λέγειν.
419 668 529 731 Καὶ
553 672 698 729 ταῦθ’
727 668 808 728 ὅτι
835 670 1004 741 ἀληθῆ
1021 667 1192 749 λέγω,
1221 666 1370 727 κάλει
1396 688 1483 745 μοι
1505 664 1698 725 τούτων

161 759 263 827 τοὺς
289 756 572 839 pampas

743 892 1094 943 ΜΔΡΤΪΡΕΣ.

227 1035 293 1075 28.
339 1011 508 1073 Πόθεν
533 1036 546 1047 ·
575 1010 640 1093 ρὴ
659 1012 994 1073 πιστεύεσθαι
1014 1010 1082 1072 τὰ
1106 1010 1382 1093 εἰρημένας
1405 1012 1499 1072 οὐκ
1523 1013 1583 1071 ἐκ
1597 1013 1700 1071 τῶν

163 1104 471 1182 μαρτυριῶνς
515 1036 664 1177 οᾷμαί
705 1123 782 1177 γε.
868 1098 1034 1159 Πόθεν
1060 1098 1114 1158 δὲ
1141 1098 1256 1167 τοὺς
1283 1098 1583 1181 μάρτυραςς
1609 1100 1702 1158 οὐκ

99 1192 218 1258 ηέκ
238 1190 334 1247 τῶν
369 1186 650 1267 βασάνων;
693 1185 827 1255 εἰκός
865 1212 945 1267 γε.
1033 1186 1196 1249 Πόθεν
1225 1189 1276 1248 δ’
1318 1189 1552 1247 ἀπιστεῖν
1601 1194 1704 1253 τοῖς

162 1275 335 1337 τούτων
372 1274 574 1357 λόγοις,
615 1276 709 1337 οὔκ
756 1278 818 1335 ἐκ
859 1280 956 1337 τοῦ
1007 1274 1210 1359 φεύγειν
1265 1273 1383 1343 τοὺς
1434 1275 1703 1355 ἐλέγχους;

165 1364 346 1443 ἀνάγκη
361 1362 596 1443 μεγάλη.
683 1366 808 1431 Πῶς
825 1352 913 1423 οὖν
929 1360 993 1423 ἄν
1013 1387 1088 1433 τις
1107 1362 1420 1445 σαφέστερον
1441 1362 1703 1430 ἐπιδείξειε

161 1450 358 1532 γνησίαν
383 1442 548 1512 οὖσαν
573 1449 832 1531 θυγατέρα
861 1450 1092 1531 Κίρωνος
1115 1451 1210 1524 τὴν
1233 1450 1436 1533 μητέρα
1457 1449 1550 1523 τὴν
1575 1450 1704 1529 ἐμὴν

161 1540 190 1613 ἢ
213 1546 388 1599 τοῦτον
409 1537 498 1599 τὸν
519 1538 712 1621 τρόπον
743 1537 1059 1613 ἐπιδεικνύς
1088 1540 1180 1619 (2⁹)
1211 1542 1314 1598 τῶν
1343 1538 1436 1615 μὲν
1465 1540 1704 1597 παλαιῶν

163 1626 306 1698 ἀκοὴν
331 1626 734 1708 μαρτυρούντων
761 1625 1140 1707 παρεχόμενος,
1165 1629 1268 1685 τῶν
1293 1624 1346 1685 δὲ
1385 1626 1460 1697 ἔτι
1501 1623 1705 1695 ζώντων

161 1714 266 1782 τοῦς
289 1715 491 1783 εἰδότας
513 1715 713 1775 ἕκαστα
739 1713 954 1787 τούτων,
981 1713 1032 1774 οἳ
1055 1714 1342 1795 συνῄδεσαν
1375 1717 1502 1795 παρ’
1529 1712 1708 1795 ἐκείνῳ

115 1832 134 1868 5
161 1802 490 1885 τρεφομένην,
517 1802 776 1885 θυγατέρα
805 1801 1164 1882 νομιζομένην,
1187 1802 1262 1870 δὶς
1285 1804 1598 1875 ἐκδοθεῖσαν,
1632 1801 1708 1870 δὶς

160 1896 514 1971 ἐγγυηθεῖσαν,
543 1892 622 1952 ἔτι
651 1890 708 1951 δὲ
731 1892 854 1973 περὶ
881 1890 1092 1951 πάντων
1129 1890 1347 1960 τούτους
1391 1891 1614 1971 βάσανον
1658 1889 1710 1959 ἐξ

161 1986 360 2043 οἰκετῶν
402 1982 750 2064 πεφευγότας,
771 1980 824 2043 οἳ
865 1986 1030 2042 ταῦτα
1061 1983 1236 2041 πάντα
1275 1981 1486 2063 ᾔδεσαν.
1567 1978 1710 2060 Ἐγὼ

163 2072 212 2131 δὲ
231 2068 304 2149 μὰ
323 2068 450 2139 τοὺς
469 2070 616 2139 θεοὺς
635 2070 756 2140 τοὺς
776 2070 1096 2149 Ὀλυμπίους
1112 2074 1206 2132 οὐκ
1229 2070 1292 2131 ἂν
1313 2069 1488 2151 ἔχοιμι
1509 2068 1710 2137 πίστεις

164 2160 352 2239 μείζους
397 2158 598 2223 τούτων
647 2160 830 2235 εἰπεῖν,
881 2160 1000 2221 ἀλλ’
1022 2159 1204 2229 ἱκανὰς
1233 2150 1368 2221 εἶναι
1399 2156 1597 2237 νομίζω
1622 2155 1712 2226 τὰς

163 2252 202 2307 εἰ
265 2246 446 2325 με’νας.

203 2272 304 2397 ‘'2⁰-
349 2335 501 2417 Φέρε
519 2334 586 2409 δή
600 2380 618 2413 ,
643 2336 733 2395 καὶ
754 2338 826 2405 ὡς
849 2334 1103 2419 προσήκει
1127 2336 1244 2415 ἐμοὶ
1267 2337 1469 2415 μᾶλλον
1489 2333 1526 2407 ἢ
1545 2332 1713 2416 τούτῳ

164 2426 256 2485 τῶν
285 2422 528 2504 Χίρωνος
551 2422 863 2505 χρημάτων,
891 2428 980 2484 νῦν
1001 2424 1104 2498 ἤδη
1128 2430 1282 2485 τοῦτο
1307 2422 1563 2493 ἐπιδείξω.
1605 2421 1714 2482 Καὶ

105 2536 146 2577 ia
163 2512 340 2590 νομίζω
365 2512 464 2591 μὶν
485 2512 670 2581 ἅπλῶς
695 2513 786 2572 καὶ
813 2516 934 2590 ὑμῖν
971 2512 1074 2585 ἤδη
1105 2504 1236 2572 εἶναι
1263 2511 1482 2595 φανερὸν
1515 2509 1594 2570 ὅτι
1621 2511 1715 2569 οὐκ

163 2599 416 2682 ἐγγυτέρω
441 2604 538 2673 τῆς
562 2599 862 2681 ἀγχιστείας
887 2599 1018 2661 εἰσὶν
1061 2604 1110 2661 οἱ
1139 2603 1254 2678 μετ’
1296 2598 1490 2659 ἐκείνω
1536 2596 1718 2681 φύντες

163 2688 194 2758 ἢ
217 2691 260 2747 οἱ
281 2686 334 2757 ἐξ
364 2686 562 2748 ἐκείνου
585 2686 850 2769 γεγονότες
873 2688 1002 2765 (πῶς
1025 2688 1157 2768 γάρ;
1183 2690 1230 2747 οἱ
1265 2686 1358 2765 μὲν
1387 2686 1490 2769 γὰρ
1517 2685 1715 2762 ὀνομά-

163 2781 324 2846 ζονται
375 2780 640 2855 συγγενεῖς
653 2820 670 2854 ,
717 2779 766 2835 οἱ
801 2776 848 2836 δ’
881 2774 1080 2853 ἔκγονοι
1120 2781 1212 2835 τοῦ
1250 2774 1682 2855 τελευτήσαντος)
1700 2797 1714 2812 ·

165 2866 216 2923 οὗ
251 2862 358 2941 μὴν
399 2866 520 2923 ἀλλ’
548 2863 728 2937 ἐπειδὴ
758 2863 848 2924 καὶ
874 2862 1036 2932 οὕτως
1061 2861 1286 2945 ἐχόντων
1311 2866 1570 2942 τολμῶσιν
1613 2864 1716 2938 ἀμ-

164 2951 453 3026 φισὸητεῗν,
480 2951 574 3011 καὶ
615 2951 669 3021 ἐξ
709 2954 879 3011 αὐτῶν
913 2955 1016 3011 τῶν
1043 2951 1215 3029 νόμων
1243 2950 1512 3033 ᾶκριὸἐστε
1521 2974 1606 3032 ρον
1633 2952 1718 3008 δι-

165 3039 398 3117 δάξομεν.
483 3041 576 3117 (³1)
603 3042 671 3101 Εἰ
695 3038 800 3121 γὰρ
829 3040 921 3111 ἔζη
949 3038 1044 3117 μὲν
1070 3044 1103 3111 ἡ
1141 3038 1242 3117 ἐμὴ
1267 3038 1468 3120 μήτηρ,
1489 3035 1718 3117 θυγάτηρ

165 3127 213 3187 δὲ
237 3126 504 3207 Κίρωνος,
533 3126 698 3206 μηδὲν
735 3126 790 3186 δὲ
819 3128 1009 3195 ἐκεῖνος
1036 3127 1328 3203 διαθέμενος
1359 3123 1715 3198 ἐτελεύτησεν,

101 3242 142 3281 ιι
165 3209 222 3289 ἦν
248 3214 302 3276 δὶ
329 3214 558 3297 ἀδελφὸς
583 3208 730 3282 οὗτος
757 3216 898 3295 αύτῷ
914 3260 930 3288 ,
954 3214 1029 3294 μὴ
1059 3216 1387 3297 ἀδελφιδοῦς,
1417 3217 1722 3285 συνοικῆσαι

165 3302 253 3381 μὲν
273 3303 346 3363 ἂν
367 3308 434 3383 τῇ
457 3302 663 3381 γυναικὶ
690 3302 860 3384 κύριος
879 3294 961 3376 ἦν,
985 3308 1086 3363 τῶν
1117 3302 1172 3363 δὲ
1198 3301 1490 3385 χρημάτων
1513 3304 1606 3361 οὐκ
1635 3300 1719 3374 ἄν,

165 3396 270 3451 ἀλλ’
307 3396 362 3453 οἱ
407 3391 672 3470 γενόμενοι
706 3393 888 3459 παῖδες
928 3394 988 3451 ἐκ
1033 3390 1213 3452 τούτου
1252 3392 1344 3452 καὶ
1390 3390 1444 3461 ἐξ
1495 3388 1721 3463 ἐκείνης,

164 3478 311 3539 ὁπότε
347 3478 436 3538 ἐπὶ
465 3478 624 3547 δίετες
649 3478 878 3551 ἥὸησαν·
907 3478 1044 3539 οὕτω
1069 3478 1170 3561 γὰρ
1211 3483 1260 3539 οῖ
1295 3479 1442 3559 νόμοι
1481 3476 1721 3538 κελεύου-

165 3592 262 3628 σιν.
360 3570 426 3629 E!
463 3566 634 3627 τοίνυν
673 3566 764 3627 καὶ
808 3564 976 3641 ζώσης
1013 3566 1188 3650 κύριος
1214 3567 1365 3636 αὐτὸς
1405 3565 1480 3646 μὴ
1523 3566 1724 3645 ἐγένετο

166 3659 258 3713 τῶν
281 3658 382 3727 τῆς
407 3653 682 3733 γυναικός,
714 3656 830 3714 ἀλλ’
854 3658 901 3715 οἱ
928 3656 1134 3729 παῖδες,
1166 3656 1320 3729 δῆλον
1351 3654 1428 3715 ὅτι
1459 3653 1549 3713 καὶ
1579 3678 1722 3713 τετε-

165 3742 472 3815 λευτηκυίας
486 3790 504 3818 ,
521 3741 638 3803 ἐπεὶ
652 3744 844 3811 παῖδας
861 3746 1003 3822 ἡμᾶς
1034 3742 1430 3818 καταλέλοιπεν,
1451 3746 1508 3803 οὗ
1528 3742 1732 3811 τούτοις·

167 3833 278 3889 ἀλλ’
299 3836 434 3909 ἡμῖν
457 3830 710 3913 προσήκει
732 3834 1070 3913 κληρονομεῖν
1095 3836 1198 3891 τῶν
1226 3832 1534 3913 χρημάτων.

95 3952 139 3987 2⁰
238 3940 318 3983 32.
360 3922 442 3981 Οὗ
485 3919 656 3979 τοίνυν
700 3922 760 3979 ἐκ
801 3919 982 3979 τούτου
1025 3919 1207 3997 μόνον,
1233 3919 1369 3979 ἀλλὰ
1409 3919 1500 3979 καὶ
1529 3924 1588 3980 ἐκ
1631 3926 1722 3981 τοῦ

165 4006 402 4087 περὶτῆς
429 4006 710 4073 κακώσεως
750 4007 907 4085 νόμου
954 4005 1110 4078 δῆλόν
1154 4008 1310 4065 ἐστιν.
1395 4008 1463 4068 Εἴ
1503 4006 1604 4089 γὰρ
1633 4007 1721 4081 ἔζη

167 4096 324 4250 μῖὲγοξ
339 4092 791 4255 ξ,τιιῑὲιίότὲπος,ἧένδεῂς
821 4094 876 4155 δὲ
911 4086 976 4204 ᾖν
1012 4098 1114 4155 τῶν
1109 4094 1485 4253 &tzade-Lim,
1508 4098 1620 4244 ἐῦἰ
1657 4095 1722 4207 ’ἂν

167 4206 194 4241 ο
477 4204 584 4251 ικος
637 4204 664 4239 ν
683 4206 778 4254 της
799 4204 1094 4255 κακωσεως,
1289 4206 1422 4260 μεις.
1563 4208 1586 4242 ε
1619 4207 1724 4244 ευει

168 4270 268 4349 γὰρ
289 4269 496 4349 τρέφειν
521 4270 638 4338 τοὺς
662 4270 867 4347 γονέας·
890 4277 1054 4349 γονεῖς
1083 4270 1126 4329 δ’
1150 4270 1248 4331 εἰσὶ
1279 4270 1453 4352 μήτηρ
1494 4271 1584 4332 καὶ
1617 4295 1726 4332 πα·-

170 4356 264 4438 τὴρ
285 4358 376 4417 καὶ
400 4359 617 4427 πάππος
630 4358 722 4418 καὶ
739 4357 874 4431 τήθη
896 4358 986 4418 καὶ
1003 4358 1199 4419 τούτων
1218 4358 1502 4439 μήτηρκαὶ
1523 4359 1722 4441 πατήρ,

171 4445 256 4505 ἐὰν
289 4444 372 4505 ἔτι·
393 4449 569 4517 ζῶσιν·
599 4445 782 4505 ἐκεῖνοι
809 4445 912 4527 γὰρ
951 4444 1088 4527 ἀρχὴ
1115 4451 1210 4505 τοῦ
1249 4444 1425 4523 γένους
1468 4446 1595 4518 εἰσί,
1635 4445 1726 4505 καὶ

169 4532 237 4592 τὰ
269 4532 480 4593 ἐκείνων
509 4533 858 4613 παραδίδοται
883 4538 990 4601 τοῖς
1029 4533 1278 4613 ἐκγόνοις·
1309 4532 1484 4613 διόπερ
1523 4533 1722 4611 ἀνάγκη

103 4646 148 4685 ts
171 4622 372 4703 τρέφειν
417 4621 600 4688 αὐτούς
617 4624 756 4694 ἐστι,
775 4620 878 4681 κᾶν
897 4620 1057 4700 μηδὲν
1085 4621 1438 4682 καταλίπωσι.
1487 4623 1606 4687 Πῶς
1637 4612 1724 4680 οὖν

173 4709 368 4769 δίκαιόν
395 4712 556 4786 ἐστιν,
580 4708 672 4769 ἐὰν
692 4707 788 4788 μὲν
812 4709 973 4787 μηδὲν
1009 4710 1389 4783 καταλίπωσιν,
1423 4714 1564 4787 ἡμᾶς
1599 4712 1728 4770 ὁπο-

176 4796 342 4864 ὃίκους
369 4787 504 4856 εἶναι
528 4800 622 4868 τῆς
655 4796 966 4873 κακώσεως,
991 4797 1057 4869 ἢν
1092 4796 1166 4877 μὴ
1199 4797 1488 4877 τρέφωμεν,
1511 4800 1557 4855 εἷ
1593 4796 1650 4856 δέ
1677 4822 1728 4857 τι

176 4883 620 4964 καταλελοίπασι,
641 4883 779 4947 τόνδ’
801 4876 934 4947 εἶναι
951 4884 1284 4969 κληρονόμον,
1307 4882 1445 4945 ἀλλὰ
1466 4884 1539 4962 μὴ
1562 4890 1700 4963 ἡμᾶς
1711 4909 1728 4961 ;

178 4973 416 5051 οὖδαμῶς
439 4971 710 5044 δήπουθεν.

259 5080 326 5121 ω.
367 5058 509 5141 Πρὸς
531 5059 624 5119 ἵνα
643 5060 698 5120 δὲ
720 5060 810 5121 τὸν
827 5065 1033 5143 πρῶτον
1050 5065 1154 5121 τῶν
1179 5064 1435 5139 συγγενῶν
1459 5059 1724 5141 προσάξω,

183 5147 376 5207 καὶτοῦ
401 5146 581 5227 γένους
607 5154 726 5211 καθ’
750 5150 966 5211 ἕκαστον
989 5154 1124 5230 ὑμᾶς
1142 5148 1389 5233 ἐρωτήσω
1403 5173 1416 5188 ·
1442 5154 1607 5231 ῥᾷστα
1627 5148 1728 5230 γὰρ

185 5234 318 5295 οὕτω
331 5237 540 5315 μάθοιτ’
566 5237 647 5299 ἄν.
731 5237 964 5323 Κίρωνος
981 5238 1196 5323 πότερον
1214 5237 1445 5319 θυγάτηρ
1461 5235 1498 5309 ἢ
1514 5236 1730 5317 ἀδελφὸς

1789 684 1844 720 ea
1871 672 2102 734 proferret
2121 685 2231 736 quoe
2252 685 2382 723 nunc
2395 674 2577 735 jactare
2592 674 2661 725 nil
2678 688 2789 725 eum
2808 676 2972 738 pudet.
3040 679 3167 727 Vera
3190 676 3297 727 haec
3313 689 3339 725 a

1788 771 1868 809 me
1882 759 1977 811 dici
1995 774 2095 823 quo
2116 762 2327 824 constet,
2352 762 2449 812 cita
2464 762 2521 813 tu
2538 763 2657 813 mihi
2676 764 2834 814 testes,

2452 893 2684 935 TESTBS.

1852 1005 1930 1051 28.
1956 1001 2095 1052 Unde
2114 1002 2181 1053 t'as
2200 1005 2273 1055 est
2292 1004 2437 1055 iidem
2468 1006 2609 1057 dictis
2630 1007 2811 1059 astrui?
2842 1021 2939 1059 non
2957 1022 3017 1059 ex
3034 1009 3345 1063 testimoniis?

1789 1072 2007 1121 Arbitror
2036 1073 2275 1137 equidem.
2340 1076 2477 1126 Unde
2504 1078 2667 1127 autem
2688 1078 2886 1129 testium
2919 1080 3193 1130 testimonio
3226 1080 3346 1131 tides

1791 1144 2055 1194 constabit?
2116 1158 2213 1195 non
2235 1158 2263 1195 e
2280 1147 2561 1209 quaesitione
2584 1160 2829 1199 servorum
2848 1162 2934 1212 per
2953 1150 3223 1199 tormenta?
3250 1154 3343 1201 Par

1790 1213 1839 1262 id
1858 1214 2027 1277 utique
2044 1216 2131 1266 ast.
2198 1216 2383 1279 Ecquid
2395 1231 2537 1281 porto
2551 1231 2638 1268 vos
2652 1218 2863 1269 movebit
2876 1222 2933 1269 ut
2949 1220 3123 1271 horum
3140 1220 3345 1271 orationi

1791 1284 2047 1335 diffidatis?
2106 1299 2205 1337 non
2244 1286 2362 1347 hoc,
2402 1288 2533 1351 quod
2568 1288 2871 1339 adminiculis
2913 1291 3247 1353 coarguitionis
3290 1294 3347 1341 ut

1792 1358 2104 1407 recusarunt?
2164 1359 2311 1407 Gatet
2331 1357 2377 1406 id
2398 1358 2594 1421 quidem
2616 1359 2749 1409 omni
2770 1359 2934 1412 dubio.
3000 1362 3095 1417 Qui
3112 1374 3225 1423 ergo
3260 1362 3345 1411 iiat

1793 1428 1848 1476 ut
1887 1426 2145 1477 dilucidius
2184 1428 2438 1491 quisquam
2478 1429 2649 1479 doceat
2684 1430 2871 1479 Gitonis
2908 1431 3055 1481 tiliam
3088 1431 3343 1494 genuinam

1793 1508 1952 1546 meam
1976 1500 2178 1547 matrem
2198 1511 2327 1561 esse,
2346 1511 2492 1561 quam
2518 1500 2558 1549 si
2580 1499 2751 1549 doceat
2775 1514 2832 1550 eo
2850 1501 2995 1551 modo
3017 1515 3115 1564 quo
3145 1515 3231 1565 ego
3254 1502 3346 1551 do·

1793 1567 1904 1617 cui?
1965 1568 2063 1631 (29)
2090 1568 2299 1630 primum
2324 1569 2519 1631 quidem
2550 1569 2612 1619 de
2638 1570 2781 1621 rebus
2810 1573 2955 1622 aetate
2982 1576 3173 1635 patrum
3206 1572 3349 1635 gestis

1793 1649 1876 1687 eos
1903 1638 2050 1687 testes
2078 1637 2336 1702 exhibens,
2376 1640 2463 1701 qui
2493 1640 2788 1691 affirmarent
2818 1654 2871 1693 se
2902 1642 2989 1692 ista
3020 1656 3047 1693 e
3086 1643 3349 1705 maioribus

1793 1708 1909 1757 natu
1930 1708 2144 1771 audisse3
2161 1711 2269 1760 tum
2286 1708 2347 1759 de
2369 1710 2711 1760 recentioribus
2728 1713 2871 1763 testes
2888 1712 3155 1775 producens
3192 1713 3349 1763 adhuc

1794 1780 2097 1842 superstites,
2130 1780 2217 1842 qui
2248 1792 2323 1830 res
2356 1792 2524 1830 omnes
2558 1780 2707 1844 probe
2738 1782 2951 1845 cognitas
2976 1781 3233 1846 baberent,
3266 1784 3349 1846 qui

1795 1849 1972 1900 scirent
1995 1850 2199 1900 matrem
2222 1864 2381 1901 meam
2407 1851 2457 1901 in
2474 1850 2619 1901 domo
2646 1852 2834 1905 Gitonis
2854 1865 2942 1915 pro
2966 1852 3061 1902 iiiia
3078 1852 3347 1909 educatam.

1795 1919 1870 1971 his
1884 1932 1997 1969 cum
2022 1920 2133 1970 dote
2157 1921 2390 1971 elocatam
2407 1958 2422 1983 ,
2442 1920 2517 1971 bis
2536 1920 2845 1984 desponsam;
2874 1924 3101 1984 praeterea
3123 1923 3209 1973 hos
3225 1924 3348 1987 ipsos

1797 1989 2092 2041 adversarios
2112 2004 2245 2041 meos
2266 1991 2576 2041 certissimam
2594 1990 2725 2040 hisce
2754 1990 2815 2040 dc
2834 1992 2977 2042 rebus
3000 1994 3347 2044 convictionem

1797 2073 1860 2112 ex
1875 2075 1961 2111 ore
1978 2074 2227 2112 servorum
2240 2062 2547 2125 defugientes,
2560 2062 2641 2123 qui
2660 2060 2783 2111 servi
2800 2062 2891 2111 ista
2922 2064 3083 2112 omnia
3092 2063 3241 2125 probe
3266 2077 3349 2113 no·

1799 2133 1924 2182 rant.
1944 2135 2045 2194 Ego
2064 2132 2287 2194 equidem
2302 2171 2319 2195 ,
2342 2134 2414 2183 ita
2432 2145 2511 2181 me
2534 2131 2601 2181 dii
2619 2134 2781 2181 ament
2808 2132 3020 2196 Olympii
3031 2169 3047 2195 ,
3066 2133 3351 2184 documenta

1799 2202 1929 2252 hisce
1950 2202 2267 2253 luculentiora
2286 2202 2417 2253 haud
2441 2202 2595 2252 babeo
2630 2202 2828 2265 εὔει-τος
2849 2216 3125 2267 quanquam
3146 2218 3258 2268 quae
3278 2214 3349 2255 at·

1799 2272 1892 2323 tuli
1910 2272 2025 2323 satis
2047 2285 2102 2323 ea
2118 2273 2221 2324 iore
2241 2273 2447 2323 arbitror
2470 2272 2659 2322 idonea.

1864 2352 1941 2395 30.
1976 2346 2189 2411 Agedum
2202 2381 2217 2409 ,
2237 2345 2420 2396 docebo
2432 2346 2533 2409 jam
2557 2357 2687 2395 nunc
2704 2344 2831 2395 bona
2854 2344 3041 2396 Gitonis
3052 2344 3161 2407 iure
3180 2346 3352 2409 potiori

1803 2422 1924 2472 mihi
1944 2424 2219 2484 competere
2238 2435 2383 2485 quam
2416 2422 2531 2473 huic
2538 2438 2555 2484 3
2578 2434 2855 2485 quanquam
2887 2422 3021 2471 vobis
3032 2458 3046 2484 ,
3062 2421 3271 2485 judices,
3306 2426 3353 2475 in

1801 2498 2079 2549 universum
2097 2499 2213 2549 satis
2228 2498 2530 2562 perspicuum
2556 2498 2763 2548 arbitror
2786 2512 2915 2559 esse,
2944 2499 2995 2548 in
3020 2499 3353 2563 consanguini-

1803 2576 1901 2627 tate
1930 2589 2029 2625 non
2051 2577 2349 2627 collaterales
2372 2577 2581 2640 aliquem
2612 2576 2806 2639 propius
2832 2576 3063 2638 attingere
3094 2590 3240 2639 quam
3274 2576 3354 2627 de-

1802 2651 2082 2702 scendentes
2108 2653 2279 2715 (ecqui
2306 2652 2451 2702 etiam
2476 2664 2615 2703 secus
2634 2653 2729 2703 sit?
2756 2652 2895 2703 alteri
2926 2652 3057 2703 enim
3074 2652 3219 2703 modo
3242 2656 3357 2704 mut

1803 2728 1992 2791 cognati
2009 2727 2210 2789 alicuius
2226 2765 2241 2790 ,
2260 2727 2399 2778 alteri
2423 2741 2539 2778 vero
2568 2731 2684 2779 sunt
2702 2730 2885 2792 ἔκγονοι
2913 2741 2995 2778 seu
3018 2742 3081 2779 ex
3106 2742 3165 2779 eo
3181 2730 3309 2792 nati)
3340 2747 3354 2780 ι

1804 2817 1973 2853 vetum
1997 2805 2109 2866 quia
2127 2804 2271 2853 rebus
2282 2804 2352 2853 ita
2370 2816 2474 2853 sese
2493 2804 2777 2855 habentibus
2794 2804 3103 2855 nihilominus
3122 2808 3283 2856 tamen
3306 2806 3357 2855 hi

1804 2881 1966 2943 petere
1980 2880 2159 2930 audent
2178 2879 2509 2942 hereditatem,
2529 2880 2673 2931 etiam
2694 2894 2721 2930 e
2738 2881 2847 2942 iure
2862 2881 2988 2931 civili
3013 2881 3061 2930 id
3085 2880 3357 2945 diligentius

1804 2955 1965 3005 adhuc
1994 2955 2187 3006 docebo.
2252 2956 2349 3019 (31)
2364 2960 2487 3007 Nam
2516 2955 2557 3005 si
2586 2969 2696 3006 mea
2725 2958 2897 3019 mater,
2928 2970 3039 3019 quae
3071 2957 3257 3007 Gitonis
3287 2960 3359 3009 est

1805 3032 1920 3091 iilia,
1940 3031 2097 3081 adhuc
2117 3034 2411 3095 superesset,
2431 3033 2481 3082 et
2498 3032 2645 3083 Giton
2661 3031 2897 3083 decedens
2912 3031 2973 3082 de
2992 3032 3255 3084 hereditate
3270 3048 3360 3085 sua

1805 3108 1925 3159 nihii
1941 3108 2291 3171 constituisset,
2312 3110 2362 3158 et
2382 3108 2462 3158 hic
2480 3106 2825 3173 [competitor]
2848 3121 2945 3159 non
2966 3112 3091 3160 esset
3112 3110 3301 3161 Gitonis
3330 3124 3360 3161 e

1805 3199 1968 3237 sorore
1984 3198 2157 3247 nepos,
2184 3183 2271 3233 sed
2302 3184 2446 3251 irater
2472 3182 2687 3245 Gitonis,
2712 3184 2835 3234 soret
2864 3184 3058 3247 quidem
3085 3198 3229 3248 penes
3246 3200 3359 3237 eum

1807 3263 2056 3312 mulierem
2087 3259 2264 3323 [tiliam
2288 3257 2509 3323 Gitonis]
2533 3259 2584 3309 in
2614 3260 2920 3310 matrimonio
2952 3260 3128 3312 babere
3141 3278 3158 3324 ς
3178 3264 3232 3312 at
3260 3275 3359 3313 non

1807 3333 1914 3383 ideo
1940 3334 2101 3381 tamen
2120 3329 2357 3380 bonorum
2391 3329 2580 3380 Gitonis
2616 3330 2738 3380 foret
2759 3331 2839 3381 ille
2865 3343 3061 3393 compos
3076 3368 3091 3393 ,
3119 3334 3203 3382 sed
3222 3332 3360 3384 liberi

1808 3419 1871 3456 ex
1891 3406 1995 3469 ipso
2016 3407 2071 3455 et
2104 3403 2201 3453 tilia
2230 3403 2417 3453 Gitonis
2445 3404 2578 3466 nati,
2611 3404 2923 3467 posteaquam
2944 3404 3209 3456 secundum
3225 3420 3254 3456 a
3278 3418 3363 3468 pu-

1807 3481 1995 3533 bertate
2012 3494 2191 3532 annum
2212 3483 2539 3543 excessissent3
2575 3482 2644 3533 sic
2662 3480 2789 3531 enim
2807 3482 2933 3545 leges
2948 3482 3161 3534 edicunt.
3183 3484 3361 3544 Quodsi

1809 3571 1923 3620 ergo
1960 3558 2039 3607 hic
2067 3556 2271 3606 muliere
2310 3557 2467 3607 adhuc
2497 3556 2752 3620 superstite
2780 3556 2962 3619 potitus
3006 3557 3191 3609 Gitonis
3226 3559 3363 3611 bonis

1809 3646 1905 3683 non
1927 3634 2115 3696 suisset,
2138 3632 2219 3682 sed
2252 3632 2386 3682 liberi
2408 3632 2514 3695 ejus
2537 3646 2601 3682 ex
2627 3632 2709 3681 iila
2738 3632 2937 3681 muniere
2962 3632 3091 3695 nati,
3124 3637 3259 3697 paret
3282 3639 3365 3690 illa

1809 3706 2013 3757 muliere
2026 3704 2149 3755 vivis
2180 3705 2401 3767 exempta
2430 3717 2529 3754 non
2549 3704 2620 3755 illi
2645 3704 2971 3768 [competitori
3002 3706 3139 3771 meo]
3162 3708 3363 3772 eiusque

1810 3780 2037 3831 iratribus
2072 3779 2342 3840 competere
2375 3776 2455 3838 jus
2485 3777 2763 3828 hereditatis
2799 3776 3034 3828 adeundae
3046 3816 3063 3843 ,
3100 3781 3185 3831 sed
3223 3783 3363 3833 nobis

1809 3870 1932 3921 quos
1952 3855 2034 3904 iila
2052 3853 2229 3903 liberos
2246 3852 2451 3915 reliquit.

1873 3939 1949 3983 32.
1980 3934 2162 3981 verum
2180 3940 2276 3978 non
2300 3928 2445 3978 modo
2466 3940 2528 3979 ex
2543 3928 2637 3978 hac
2657 3926 2759 3977 sola
2780 3926 2883 3989 lege
2896 3965 2911 3991 ,
2929 3928 3014 3979 sed
3032 3928 3179 3980 etiam
3202 3932 3365 3983 exilia

1809 4020 1921 4069 quae
1944 4005 2005 4055 de
2026 4003 2188 4054 libetis
2200 4004 2420 4066 patentes
2445 4003 2571 4054 maie
2590 4003 2877 4054 habentibus
2890 4006 2990 4065 est,
3011 4005 3103 4055 hoc
3120 4006 3359 4059 elucescit.

1811 4090 1943 4134 Avus
1962 4080 2093 4131 enim
2120 4079 2161 4129 sl
2192 4078 2353 4127 adhuc
2379 4080 2621 4142 superstes
2645 4080 2697 4128 et
2716 4081 3053 4131 necessitatum
3082 4081 3195 4131 vitae.
3220 4094 3365 4145 egens

1810 4158 2011 4219 viveret,
2035 4168 2133 4207 non
2146 4154 2225 4205 liic
2244 4155 2335 4204 hoc
2356 4166 2385 4204 e
2404 4154 2547 4204 titulo
2570 4155 2692 4203 soret
2709 4154 2999 4218 incusabiiis,
3024 4156 3109 4205 sed
3131 4170 3219 4207 nos
3234 4170 3363 4209 esse-

1810 4249 1937 4285 mus.
2001 4232 2161 4285 sancit
2174 4232 2300 4281 enim
2322 4232 2401 4281 lex
2422 4233 2642 4295 parentes
2656 4244 2685 4279 a
2706 4231 2869 4281 liberis
2884 4230 3081 4283 alendos
3100 4246 3201 4283 me
3216 4250 3231 4295 3
3248 4237 3363 4286 sunt

1811 4312 1973 4360 autem
1991 4309 2211 4372 patentes
2232 4308 2368 4369 patet
2390 4307 2440 4355 et
2458 4305 2611 4355 mater
2632 4307 2683 4355 et
2704 4318 2825 4355 avus
2850 4318 2961 4354 cum
2984 4305 3093 4355 avia
3116 4305 3363 4359 ethorum

1812 4388 1927 4436 item
1950 4388 2084 4449 pater
2109 4386 2255 4446 atque
2283 4384 2450 4443 mater,
2476 4382 2517 4433 si
2543 4381 2816 4432 adhucdum
2847 4381 3089 4444 supersint
3113 4401 3127 4433 ι
3153 4382 3204 4432 hi
3235 4384 3365 4437 enim

1811 4464 1926 4512 sunt
1944 4460 2227 4524 principium
2244 4458 2403 4521 stirpis
2416 4494 2431 4519 ,
2452 4458 2502 4508 et
2517 4471 2685 4508 eorum
2702 4458 2829 4507 bona
2847 4456 3009 4508 liberis
3020 4458 3167 4522 atque
3182 4459 3366 4522 nepoti·

1811 4537 1902 4588 hus
1924 4551 1952 4586 a
1973 4536 2154 4599 legibus
2176 4534 2574 4598 contribuuntur;
2597 4534 2687 4583 hac
2704 4534 2766 4584 de
2789 4546 2932 4583 causa
2958 4535 3223 4584 necessario
3241 4549 3365 4598 quo-

1813 4626 1908 4676 que
1943 4612 2035 4662 illis
2064 4611 2300 4661 incumbit
2330 4623 2447 4660 cura
2469 4623 2552 4661 eos
2572 4610 2757 4672 alendi,
2791 4610 2977 4661 etiamsi
3008 4622 3207 4673 prorsus
3246 4611 3365 4665 nihii

1815 4690 2104 4752 relinquant.
2170 4689 2266 4745 Qui
2293 4686 2439 4750 igitur
2454 4700 2651 4750 oequum
2674 4687 2761 4748 sit,
2792 4688 3015 4749 parentes
3038 4687 3079 4736 si
3102 4686 3366 4748 neglexeri-

1814 4779 1923 4816 mus
1938 4766 2066 4816 alere
2083 4779 2112 4815 a
2125 4765 2299 4829 quibus
2316 4765 2599 4815 facultatum
2622 4764 2741 4815 nihii
2758 4762 2819 4813 ad
2836 4776 2925 4814 nos
2942 4763 3211 4827 pervenerit
3225 4799 3240 4825 ,
3259 4762 3369 4813 ideo

1815 4858 1902 4895 nos
1949 4844 2095 4895 animi
2131 4858 2241 4907 erga
2288 4845 2508 4907 parentes
2543 4843 2715 4906 ingrati
2769 4856 2873 4893 reos
2926 4843 3060 4905 εἰει-ῖς
3103 4843 3177 4892 sin
3206 4842 3369 4893 autem

1815 4922 1943 4972 bona
1974 4921 2281 4983 reliquerint,
2320 4920 2511 4969 illorum
2547 4919 2784 4969 bonorum
2814 4918 3041 4968 heredem
3070 4916 3201 4967 hunc
3234 4929 3335 4967 esse
3347 4949 3369 4979 ‚

1815 5008 1904 5046 nos
1922 5008 2036 5045 vero
2062 4994 2251 5045 excludi
2271 4996 2292 5043 ?
2312 4996 2643 5058 Nequaquam.

1879 5076 1958 5123 33.
2001 5074 2108 5121 Jam
2152 5083 2240 5132 ego
2272 5068 2553 5133 primarium
2584 5067 2895 5130 cognatorum
2930 5062 3215 5127 (fratrem)
3254 5075 3367 5113 cum

1819 5172 2109 5223 unoquoque
2132 5172 2297 5209 eorum
2309 5193 2325 5219 ,
2343 5157 2428 5221 qui
2450 5168 2609 5219 qenus
2629 5154 2955 5215 constituunt,
2979 5163 3263 5214 componam
3288 5152 3367 5201 at-

1819 5261 1916 5312 que
1946 5260 2035 5299 vos
2059 5246 2373 5311 interrogabo.
2439 5244 2517 5297 Sic
2538 5244 2667 5297 enim
2697 5242 2919 5295 facillime
2952 5253 3055 5291 tem
3080 5232 3365 5305 intelligetis.
