3825 5842
131 470 364 549 (Μ)

129 600 356 682 ἐφαίνοντο
381 601 456 679 τῷ
484 597 636 681 δήμῳ
658 598 774 658 οὐδὲ
801 597 1074 671 ε’ὅσήθουν·
1097 605 1187 659 νῦν
1223 601 1278 659 δὲ
1307 600 1464 672 ἡνίκα
1491 598 1642 668 αὐτὸς

128 693 264 771 ἐαυτῷ
279 684 608 755 εὐνούστατός
627 689 764 746 ἐστιν
782 690 810 746 ὁ
833 688 1022 764 δ’ἤμος,
1050 692 1297 767 βοηθοῦσι
1313 692 1390 769 τῷ
1413 688 1508 765 μὲν
1528 687 1640 749 ὀνό-

129 802 230 853 ματι
259 780 400 853 ὑμῖν,
425 778 502 834 τῶ
537 774 590 833 δὲ
619 774 753 855 ἔργῳ
793 775 966 856 σφίσιν
1009 778 1194 844 αὐτοῖς.
1281 776 1373 855 (18)
1415 775 1523 837 Καὶ
1567 774 1641 851 μὴ

128 864 408 943 θαυμάζετε,
435 834 484 921 ὅ
503 862 680 944 ἄνδρες
699 862 970 935 δικασταί,
990 861 1069 921 ὅτι
1087 867 1317 922 τοσαῦτα
1339 852 1481 945 ὦφλε
1504 862 1637 944 χρή·

131 975 261 1030 ματα·
288 950 474 1032 ἔρημον
502 950 606 1032 γὰρ
630 949 781 1010 αὐτὸν
814 949 1267 1024 λαὸόντεςναῦτοῗῖ
1293 974 1348 1010 τε
1374 950 1463 1010 καὶ
1490 954 1640 1029 ἡμῶν

129 1046 486 1121 κατηγοροῦντες
513 1031 670 1098 εἷλον·
699 1042 774 1121 τῷ
803 1038 897 1116 μὲν
922 1038 1024 1120 γὰρ
1054 1039 1158 1099 οὐδ’
1186 1038 1333 1107 εἴτις
1362 1031 1472 1120 εἶχε
1498 1063 1642 1121 μαρ-

129 1132 288 1210 τυρίαν,
314 1121 420 1210 εἶχε
459 1128 740 1209 μαρτυρεῖν
764 1128 848 1187 διὰ
872 1128 932 1187 τὸ
956 1128 1068 1196 δέος
1091 1127 1152 1187 τὸ
1178 1132 1282 1188 τῶν
1309 1127 1638 1209 κατηγόρων,

75 1236 114 1275 ss
129 1221 208 1284 τοῖς
233 1218 278 1277 δὲ
298 1217 382 1276 καὶ
407 1217 476 1277 τὰ
503 1217 670 1297 ψευδῆ
711 1216 988 1283 δεδοικότες
1013 1216 1356 1298 ἐμαρτύρουν.
1441 1214 1528 1297 (19)
1562 1207 1640 1278 ’Ἦ

131 1304 240 1363 δεινά
261 1304 305 1382 γ’
330 1303 390 1364 ἂν
416 1302 697 1382 πάθοιμεν,
725 1293 770 1363 ὦ
798 1302 978 1397 ἄνδρες
1018 1301 1288 1377 δικασταί,
1331 1306 1376 1363 εἰ
1401 1303 1518 1373 τοὺς
1546 1302 1640 1381 μὲν

131 1395 206 1471 αἰχ
221 1392 339 1460 οἵους
364 1416 420 1451 τε
446 1391 602 1459 ὄντας
626 1390 860 1472 ἐξάρνους
887 1398 1020 1450 εἰναι
1043 1390 1116 1468 μὴ
1141 1394 1200 1450 οὗ
1228 1390 1480 1472 χρήματα
1504 1390 1640 1472 ἔχειν

129 1483 258 1556 ὑμῶν,
278 1478 476 1547 τούτους
508 1478 608 1557 μὲν
636 1480 816 1559 ἀφεῖτε
843 1478 990 1561 ἀνδρὶ
1019 1478 1394 1561 ἐξαιτουμένῳ,
1429 1480 1557 1557 ἡμῖν
1586 1479 1640 1539 δὲ

129 1570 268 1635 αὗτοῑς
301 1592 356 1626 τε
387 1567 673 1649 προθύμοις
711 1566 1070 1647 γεγενημένοις
1095 1566 1218 1649 περὶ
1244 1566 1306 1626 τὸ
1346 1569 1538 1640 πλῆθος
1581 1567 1642 1628 τὸ

129 1654 352 1737 ὑμέτερον,
378 1655 593 1714 καὶτοῦ
631 1654 824 1736 πατρὸς
863 1654 1006 1713 οὐδὲν
1049 1658 1186 1732 ὑμᾶς
1210 1655 1541 1729 ἠδικηκότος,
1581 1658 1640 1715 οὗ

129 1750 369 1823 χαριεῖσθε.
394 1743 502 1804 Καὶ
532 1745 580 1802 εἶ
611 1741 706 1821 μὲν
730 1741 864 1812 ξένος
887 1766 963 1809 τις
987 1741 1148 1802 ἐλθὼν
1173 1744 1308 1821 ὑμᾶς
1328 1742 1363 1815 ἢ
1387 1741 1640 1825 χρήματα

73 1828 268 1908 ιοῇτειῆ
294 1830 555 1911 εὗεργέτης
599 1831 962 1911 ἀναγραφῆναι
1001 1828 1173 1906 ἠξίου,
1206 1830 1347 1890 ἔδοτε
1379 1830 1443 1890 ἂν
1478 1835 1637 1913 αύτῷ·

129 1922 228 1993 ἡμῖν
249 1918 296 1977 δὲ
313 1922 368 1978 οὗ
389 1917 584 1978 δώσετε
599 1922 740 1997 ἡμᾶς
757 1915 944 1987 αὐτοὺς
961 1917 1228 1997 ἐπιτίμους
1243 1922 1368 1997 ὑμῖν
1383 1919 1638 1999 γενέσθαι.

131 2006 200 2083 (ευ)
223 2008 279 2066 Εἰ
305 2004 356 2065 δέ
378 2029 508 2074 τινες
535 2004 752 2065 κακόνοι
780 2003 1014 2084 ἐγένοντο
1052 2008 1124 2073 εἰς
1150 2004 1218 2065 τὰ
1244 2005 1470 2087 ὑμέτερα
1495 2006 1640 2087 πρά-

129 2116 270 2169 γματα
291 2090 324 2163 ἢ
347 2092 560 2173 γνώμην
605 2093 682 2171 μὴ
711 2092 1006 2165 ἐπιτηδείαν
1031 2083 1193 2167 εἶπον,
1233 2096 1334 2175 οὔχ
1354 2096 1402 2153 οἱ
1426 2093 1643 2163 ἀπόντες

128 2180 282 2238 τούτων
304 2180 452 2241 αἴτιοί
477 2184 634 2255 εἰσιν,
663 2179 778 2239 ἐπεὶ
798 2179 1024 2249 καὶτοὺς
1045 2180 1310 2261 παρόντας
1335 2184 1480 2260 ὑμεῖς
1503 2184 1640 2242 ἀπε-

129 2266 300 2329 λύσατε.
323 2268 454 2329 Οὐδὲ
472 2266 576 2349 γὰρ
599 2266 742 2335 εἴτις
761 2270 865 2326 τῶν
884 2266 1060 2326 ἐνθάδε
1081 2268 1156 2345 μὴ
1179 2267 1245 2327 τὰ
1271 2266 1458 2349 ἄριστα
1476 2268 1638 2349 λέγων

129 2354 258 2413 πείθει
278 2358 430 2433 ὑμᾶς,
473 2358 578 2436 οὔχ
609 2355 756 2431 ὑμεῖς
796 2356 910 2413 ἐστε
940 2352 1122 2427 αἴτιοι,
1155 2352 1271 2412 ἀλλ’
1312 2356 1340 2412 ὅ
1368 2353 1639 2424 ἐξαπατῶν

128 2443 250 2517 ὑμᾶς.
275 2446 352 2522 (21)
378 2444 614 2505 Ἐκεῖνοι
631 2441 686 2501 δὲ
711 2444 854 2524 σφῶν
875 2444 1046 2501 αὐτῶν
1064 2441 1507 2523 προκαταγνόντες
1531 2444 1640 2501 ἄδι·

61 2532 212 2586 {cantv
234 2529 472 2610 οἴχονται,
503 2530 602 2590 ἵνα
636 2528 710 2607 μὴ
756 2532 889 2588 δοῖεν
919 2527 1082 2601 δίκην·
1111 2528 1202 2589 καὶ
1242 2528 1292 2588 εί
1324 2552 1459 2598 τινες
1491 2528 1640 2589 ἄλλοι

130 2616 362 2692 ἀδικοῦσιν,
385 2610 542 2690 ἧττον
573 2615 674 2695 μὲν
699 2615 924 2690 ἐκείνων,
951 2618 1188 2675 ἀδικοῦσι
1217 2614 1273 2675 δέ
1288 2660 1306 2695 ,
1333 2616 1394 2675 τὸ
1419 2616 1526 2685 δέος
1549 2618 1640 2677 αὖ·

127 2702 216 2770 τοὺς
247 2708 370 2765 ποιεῖ
389 2706 450 2766 τό
473 2730 534 2765 τε
576 2704 827 2786 ὑμέτερον
858 2704 948 2764 καὶ
984 2703 1046 2763 τὸ
1086 2706 1190 2763 τῶν
1230 2702 1534 2787 κατηγόρων
1563 2703 1639 2782 μὴ

129 2790 370 2870 ἐπιδημεῖν,
401 2793 538 2853 ἀλλὰ
568 2790 970 2873 στρατεύεσθαι,
989 2789 1076 2849 ἵνα
1097 2789 1132 2861 ἢ
1157 2794 1292 2869 ὑμᾶς
1325 2790 1641 2873 πραοτέρους

129 2881 346 2954 ποιῶσινῆ
373 2882 584 2949 τούτους
613 2879 876 2942 πείθωσιν.
965 2882 1054 2960 (22)
1081 2871 1250 2947 Οὗτος
1273 2878 1328 2939 δὲ
1348 2880 1468 2957 ὑμῖν
1494 2879 1638 2953 δίκην

129 2964 320 3041 δέδωκεν,
341 2968 482 3029 οὐδὲν
506 2974 650 3047 ὑμᾶς
673 2971 888 3043 ἀδικῶν,
907 2966 1055 3035 εὐθὺς
1074 2966 1208 3045 μετὰ
1230 2966 1299 3026 τὰ
1325 2967 1636 3049 πράγματα,

85 3068 104 3105 t
127 3052 190 3111 ὅτε
203 3058 324 3131 ὑμεῖς
339 3081 392 3117 τε
418 3058 660 3135 μάλιστα
687 3056 980 3135 ἐμέμνησθε
1000 3060 1104 3116 τῶν
1127 3055 1414 3137 γενομένων
1437 3056 1528 3116 καὶ
1551 3048 1640 3115 οἶ-

127 3162 190 3207 w<
207 3144 588 3224 ἐλεγχθήσεσθαι
609 3142 826 3222 ἔμελλε,
843 3142 1101 3203 πιστεύων
1121 3146 1268 3225 αὑτῷ
1287 3144 1450 3221 μηδὲν
1467 3148 1580 3219 ἧμα

127 3232 296 3307 τ’ἧσθαι,
313 3236 422 3294 ἀλλ’
445 3236 789 3315 ἀγωνιεῖσθαι
812 3227 870 3292 εὖ
883 3232 1018 3317 μετὰ
1035 3236 1126 3319 τοῦ
1146 3234 1366 3293 δικαίου.
1397 3231 1496 3299 Ὦς
1511 3234 1557 3291 δ’
1575 3166 1640 3304 ἓν

130 3318 378 3397 δημοτικός,
398 3322 500 3401 ἐγὼ
525 3324 654 3402 ὑμῖν
680 3320 958 3391 ἀποδείξω.
1041 3321 1138 3401 (23)
1173 3323 1390 3401 Πρῶτον
1417 3320 1512 3398 μὲν
1536 3320 1639 3401 γὰρ

129 3404 230 3465 ὅσων
248 3410 472 3489 οὐδεμιᾶς
493 3409 774 3492 στρατείας
801 3408 1084 3492 ἀπελείφθη
1098 3452 1116 3482 ,
1143 3410 1260 3469 ἀλλ’
1284 3408 1638 3489 ἐστρατεύετο,

129 3496 180 3559 ὥς
197 3499 447 3567 συνειδότες
475 3498 542 3559 ἂν
559 3498 758 3558 εἴποιεν
788 3502 836 3558 οἱ
865 3498 1108 3575 δημόται·
1129 3495 1220 3557 καὶ
1243 3495 1352 3565 ἐξὸν
1381 3500 1522 3576 αὐτῷ
1545 3496 1640 3569 τὴν

128 3580 268 3641 ὠσίαν
284 3588 444 3668 ἀφανῆ
465 3584 866 3657 καταστήσαντι
885 3584 1048 3663 μηδὲν
1067 3587 1204 3663 ὑμᾶς
1217 3584 1452 3666 ὠφελεῖν,
1476 3584 1642 3645 εἵλετο

129 3672 284 3743 μᾶλλον
309 3675 588 3735 συνειδέναι
617 3678 784 3754 ὑμᾶς,
805 3673 896 3751 ἶν’,
927 3676 973 3732 εἷ
999 3672 1090 3733 καὶ
1116 3671 1350 3753 βούλοιτο
1371 3671 1528 3741 κακὸς
1550 3665 1638 3731 εἶ-

75 3776 109 3817 10
126 3778 210 3831 ναι,
227 3758 292 3837 μὴ
317 3761 443 3837 ἐξείη
468 3766 646 3845 αὐτῷ,
677 3760 796 3821 ἀλλ’
818 3758 1042 3843 εἰσφέροι
1062 3784 1120 3819 τε
1155 3758 1248 3828 τὰς
1279 3759 1519 3843 εἰσφορὰς
1549 3758 1640 3819 καὶ

121 3847 406 3931 know-(oin.
458 3852 572 3913 Καὶ
594 3856 742 3931 ἡμᾶς
773 3849 1182 3932 παρεσκεύασεν,
1204 3852 1275 3918 ὣς
1302 3848 1367 3908 ἂν
1392 3853 1460 3929 τῇ
1489 3848 1640 3908 πόλει

124 3933 468 4015 ὖῖνελῑμῶτατοι
496 3938 708 4019 εἴημεν.
794 3940 888 4017 (2ο)
921 3936 1030 3998 Καὶ
1047 3935 1142 4016 ἐμὲ
1169 3934 1263 4015 μὲν
1291 3939 1362 4004 εἷς
1389 3936 1638 3997 Σικελίαν

123 4020 386 4108 ἶξὲπεμψεν,
430 4031 556 4111 ὑμῖν
589 4026 637 4087 δ’
665 4028 760 4086 οὔκ
787 4016 873 4100 ἦν,
907 4022 1032 4084 ὥστ’
1062 4023 1250 4084 εἰδέναι
1277 4023 1395 4093 τοὺς
1419 4024 1638 4099 ἱππέας,

125 4098 202 4177 οἶος
219 4103 272 4185 ἦν
295 4114 386 4189 τὴν
406 4115 604 4198 ψυχήν,
637 4114 734 4180 ἕως
756 4113 816 4173 τὸ
843 4110 1191 4195 στρατόπεδον
1217 4116 1322 4171 σῶν
1350 4104 1433 4185 ἦν·
1457 4112 1636 4186 ἐπειδὴ

124 4194 166 4253 δὲ
183 4198 404 4284 διεφθάρη
427 4203 520 4263 καὶ
543 4200 810 4275 ἀνεσώθην
837 4203 910 4269 εἰς
936 4199 1210 4275 Κατάνην,
1241 4198 1517 4277 ἐληιζόμην
1544 4205 1636 4282 ὁρ-

127 4282 320 4361 μώμενος
355 4293 582 4351 ἐντεῦθεν
611 4289 706 4350 καὶ
739 4288 857 4358 τοὺς
889 4286 1168 4366 πολεμίους
1198 4290 1374 4355 κακῶς
1412 4288 1637 4367 ἐποίουν,

81 4374 111 4415 ¹⁵
125 4360 230 4423 ὖστὲ
251 4372 309 4446 τῇ
333 4373 430 4451 θεῷ
456 4392 516 4430 τε
543 4369 642 4437 τὰς
661 4368 881 4437 δεκάτας
909 4367 1232 4447 ἐξαιρεθῆναι
1253 4366 1410 4427 πλέον
1437 4365 1474 4439 ἢ
1491 4366 1636 4449 τριά-

127 4470 248 4509 ῑΜα
271 4465 391 4531 μνᾶς
409 4456 502 4516 καὶ
529 4456 642 4524 τοῖς
668 4453 1007 4539 στρατιώταις
1033 4456 1104 4523 εἰς
1128 4452 1412 4534 σωτηρίαν,
1447 4455 1558 4514 ὅσοι
1584 4456 1637 4513 ἐν

129 4541 206 4606 mk
223 4544 468 4623 πολεμίοις
490 4538 654 4609 ἦσαν.
700 4544 786 4624 (25)
816 4542 925 4606 Καὶ
948 4540 1128 4616 ἐπειδὴ
1154 4540 1446 4603 Καταναῖοι
1470 4541 1640 4623 ἠνάγ-

129 4631 251 4695 καζον
277 4632 528 4711 ἱππεύειν,
551 4632 756 4700 οὐδενὸς
794 4632 901 4692 οὔδ’
925 4632 1149 4691 ἐνταῦθα
1182 4627 1418 4690 κινδύνου
1451 4630 1640 4688 ἀπελι-

133 4713 286 4796 πᾶζ-ιην,
319 4719 436 4781 ὥστ’
477 4720 674 4782 εἰδέναι
711 4718 947 4788 ἅπαντας
988 4712 1094 4787 οἶος
1127 4710 1192 4793 ἦν
1217 4718 1313 4791 τὴν
1342 4714 1516 4800 ψυχὴν
1550 4720 1639 4777 ἳπ-

134 4804 264 4953 1ὶξῐειίιιιν
279 4832 330 4867 τε
347 4810 436 4871 καὶ
457 4808 766 4873 ὁπλιτεύων.
789 4798 894 4871 ’Ὧν
915 4812 1038 4888 ὑμῖν
1060 4805 1176 4875 τοὺς
1195 4806 1459 4887 μάρτυρας
1477 4804 1641 4887 παρέ·

157 4908 268 4965 Qun

685 4983 1028 5032 ΜΑΡΤΥΡΕΣ.

197 5113 254 5155 2⁸.
287 5098 556 5174 Ἀκηκόατε
603 5100 701 5182 μὲν
725 5106 828 5162 τῶν
857 5100 1156 5183 μαρτύρων,
1191 5090 1234 5160 ὦ
1273 5098 1454 5181 ἄνδρες
1486 5098 1636 5157 δικα-

81 5192 122 5233 n
141 5184 244 5242 mi·
267 5179 356 5257 οἷος
380 5192 422 5249 δ’
457 5190 568 5270 είμὶ
603 5190 728 5273 περὶ
761 5192 822 5251 τὸ
847 5190 1096 5274 ὑμέτερον
1128 5190 1351 5267 πλῆθος,
1387 5184 1492 5267 ἐγὼ
1517 5189 1638 5264 fiiis*

1039 469 1334 549 [Lvsm]
1378 470 1504 531 on.
1547 470 1702 532 Plio
1747 470 2268 535 PoLYs‘muo.

3175 484 3281 537 189

1731 610 2007 661 nullatenus
2028 611 2147 661 tunc
2165 610 2215 659 in
2232 608 2465 673 populum
2488 618 2540 659 se
2556 608 2815 661 benevolos
2830 609 3181 674 exbibuerunt,
3207 613 3284 663 ni-

1735 696 1904 759 hilque
1929 696 1975 746 ei
1998 696 2211 747 tulerunt
2232 695 2557 759 suppetiarum
2584 714 2599 746 ε
2626 707 2757 747 nunc
2779 708 2897 746 vero
2912 709 3063 759 quum
3080 696 3179 759 ipse
3198 697 3287 747 sibi

1729 784 1939 846 populus
1953 783 2169 833 maxime
2180 783 2242 834 sit
2259 783 2523 835 benevolus
2534 819 2549 846 ,
2573 783 2868 834 auxiliantur
2884 783 3076 833 nomine
3092 783 3287 847 quidem

1728 866 1882 931 vobis,
1901 882 1957 919 re
1974 870 2137 919 autem
2156 869 2256 933 ipsa
2273 869 2593 933 sibimetipsis.
2614 871 2713 935 (18)
2732 873 2843 922 ,lam
2861 884 2923 921 ne
2942 871 3199 933 miremini,
3206 870 3287 933 iu-

1728 952 1883 1018 dices,
1902 954 2035 1005 bunc
2050 956 2197 1007 tantis
2214 956 2427 1019 pecuniis
2444 956 2588 1007 fuisse
2604 956 2902 1008 damnatum.
2968 961 3091 1008 Eum
3110 958 3287 1022 quippe

1727 1040 1858 1090 nacti
1887 1042 1951 1091 ab
1980 1042 2148 1093 amicis
2168 1041 2450 1093 destitutum
2465 1080 2482 1105 ,
2500 1056 2612 1094 eum
2631 1045 2681 1094 et
2706 1058 2794 1095 nos
2810 1045 3090 1094 accusantes
3106 1043 3288 1106 judicio

1726 1122 1965 1174 vicerunt.
2030 1126 2201 1176 Nullus
2230 1126 2359 1176 enim
2396 1126 2540 1190 huic,
2578 1127 2617 1177 si
2652 1127 2813 1191 potuit
2844 1127 3119 1178 testimonio
3146 1127 3287 1189 adiu-

1728 1216 1844 1256 vare
1859 1243 1874 1267 ,
1895 1207 2059 1259 adesse
2082 1209 2309 1260 sustinuit
2320 1224 2337 1272 3
2364 1210 2483 1274 quin
2501 1208 2551 1259 ct
2581 1209 2683 1259 istis
2703 1208 2921 1260 nonnulli
2949 1208 3125 1260 falsum
3149 1210 3285 1259 testi·

1727 1290 1947 1341 monium
1972 1292 2257 1355 perhibuere
2282 1306 2347 1344 ex
2386 1293 2557 1344 eodem
2597 1294 2749 1343 metu.
2816 1294 2913 1356 (19)
2940 1294 2999 1346 Id
3028 1292 3285 1355 nimirum,

1723 1372 1927 1436 judices,
1950 1376 2281 1437 gravissimum
2298 1378 2440 1440 roret,
2459 1375 2519 1439 si,
2537 1388 2691 1440 quum
2710 1388 2793 1426 eos
2818 1376 2902 1439 qui
2919 1376 3095 1427 infitias
3111 1376 3181 1427 ire
3196 1388 3286 1426 ne-

1727 1458 1914 1521 queunt
1948 1459 2067 1523 quin
2087 1459 2269 1524 aliquid
2298 1461 2361 1512 de
2374 1460 2547 1513 vestris
2562 1460 2917 1525 subripuerint,
2938 1462 3143 1524 alicujus
3170 1474 3282 1525 pre-

1727 1544 1864 1595 cibus
1893 1544 2196 1611 condonetis,
2212 1547 2350 1599 nobis
2365 1558 2481 1599 vero
2498 1546 2583 1611 qui
2600 1547 2651 1597 et
2666 1547 2753 1611 ipsi
2776 1560 3003 1609 magnum
3016 1547 3067 1597 in
3088 1546 3277 1610 plebem

1727 1628 1941 1680 studium
1958 1630 2331 1693 declaravimus,
2361 1644 2665 1696 quorumque
2694 1634 2830 1696 pater
2859 1632 2977 1683 nibil
2994 1632 3109 1682 mali
3131 1631 3183 1681 in
3200 1644 3287 1681 vos

1727 1714 1950 1781 admisit,
1970 1718 2107 1769 nulla
2136 1718 2187 1769 in
2204 1732 2259 1769 re
2278 1718 2624 1783 gratificemini.
2702 1718 2891 1777 Quodsi
2912 1717 3187 1783 peregrinus
3202 1716 3285 1766 ali·

1727 1794 1838 1857 quis
1857 1794 1919 1845 de
1941 1795 2083 1847 vobis
2115 1796 2241 1847 bene
2268 1795 2496 1858 meritus,
2532 1795 2611 1847 vel
2640 1809 2673 1846 a
2702 1796 2840 1847 vobis
2874 1796 3107 1859 flagitaret
3134 1806 3285 1859 pecu·

1726 1871 1857 1921 niam
1869 1908 1884 1933 ,
1903 1873 1985 1923 vel
2003 1872 2295 1936 benefactor
2315 1873 2543 1937 appellari
2572 1874 2867 1938 postularet,
2895 1886 2987 1924 vos
3007 1872 3121 1923 huic
3136 1872 3285 1937 petita

1726 1949 1930 2001 libenter
1946 1952 2295 2013 concederetis3
2318 1950 2457 2002 nobis
2482 1964 2599 2001 vero
2622 1963 2720 2001 non
2751 1950 2926 2001 dabitis
2947 1952 3003 2001 ut
3020 1952 3131 2013 jure
3148 1963 3284 2003 com-

1725 2028 1862 2077 muni
1879 2028 1928 2077 in
1955 2029 2047 2079 hac
2068 2029 2189 2081 urbe
2214 2030 2483 2093 potiamur!
2550 2028 2652 2092 (2ο)
2682 2029 2733 2080 si
2764 2029 2849 2093 qui
2866 2029 3029 2079 autem
3046 2029 3124 2080 vel
3142 2029 3288 2080 rebus

1726 2108 1896 2157 vestris
1926 2108 2052 2158 male
2082 2107 2437 2171 consuluerint,
2469 2107 2553 2158 vel
2577 2106 2863 2158 sententiam
2892 2106 3054 2158 minus
3074 2118 3285 2157 commo-

1726 2185 1840 2235 dem
1879 2184 2114 2247 dixerint,
2142 2199 2243 2237 non
2276 2186 2311 2236 ii
2343 2185 2429 2249 qui
2458 2184 2659 2235 aberant
2696 2184 2749 2235 in
2787 2197 2932 2235 causa
2963 2196 3065 2235 esse
3084 2184 3287 2249 putandi

1725 2264 1865 2325 sunt,
1887 2263 2277 2329 quandoquidem
2314 2266 2367 2318 et
2383 2278 2465 2316 eos
2493 2263 2581 2329 qui
2614 2264 2815 2315 aderant
2836 2263 3124 2316 absolvistis.
3187 2268 3285 2317 Ne·

1725 2354 1822 2405 que
1839 2342 1997 2406 enim,
2018 2343 2061 2393 si
2077 2343 2185 2405 quis
2205 2357 2375 2394 eorum
2398 2343 2483 2408 qui
2506 2343 2585 2393 bic
2602 2342 2966 2404 concionantur,
2990 2354 3079 2393 vos
3100 2342 3153 2393 in
3173 2356 3282 2393 ma-

1725 2418 1828 2470 lum
1865 2421 2115 2471 consilium
2145 2420 2417 2484 induxerit,
2440 2421 2581 2472 vobis
2608 2420 2662 2471 id
2682 2421 2776 2471 erit
2804 2419 2924 2470 vitio
2960 2421 3253 2472 vertendum
3267 2458 3285 2485 ,

1724 2498 1870 2551 sedei
1893 2500 1979 2564 qui
2000 2500 2201 2566 decepit.
2272 2502 2372 2565 (21)
2408 2500 2743 2553 Nocentissimi
2775 2500 2972 2564 quidem
2994 2515 3083 2552 suo
3110 2503 3287 2566 proeju-

1726 2576 1852 2627 dicio
1869 2578 2085 2630 damnati
2112 2580 2239 2629 ultro
2256 2580 2544 2642 exalarunt,
2563 2591 2627 2629 ne
2647 2591 2811 2642 poenas
2829 2578 3017 2629 luerent
3036 2598 3051 2629 ε
3071 2591 3130 2629 ac
3144 2580 3187 2629 si
3203 2580 3287 2643 qui

1725 2656 1806 2706 alii
1837 2656 1998 2707 minus
2022 2670 2168 2719 quam
2206 2656 2255 2706 bi
2286 2656 2617 2720 offenderunt,
2656 2658 2710 2707 at
2746 2656 3051 2708 offenderunt
3094 2660 3255 2708 umen
3268 2694 3284 2720 ,

1726 2736 1886 2785 metus
1915 2736 2075 2785 vester
2096 2736 2145 2786 et
2161 2736 2493 2785 acematorum
2518 2737 2735 2785 extorres
2762 2735 2902 2796 fecit,
2924 2738 3072 2797 atque
3087 2735 3139 2785 in
3154 2735 3285 2785 miii·

1725 2812 1844 2862 tiam
1879 2812 2097 2875 impulit,
2124 2814 2181 2863 ut
2217 2812 2295 2862 vel
2328 2811 2481 2862 lenire
2514 2824 2628 2875 vos,
2666 2812 2745 2861 vel
2784 2812 2902 2862 istos
2934 2824 3135 2862 exorare
3168 2826 3285 2875 pos-

1724 2889 1838 2941 sint.
1904 2890 2003 2953 (22)
2020 2890 2110 2940 Hic
2138 2890 2299 2940 autem
2313 2925 2328 2950 ,
2350 2890 2485 2939 nullo
2502 2890 2773 2952 perpetrato
2792 2888 3003 2939 facinore
3017 2926 3032 2950 ‚
3056 2888 3235 2951 prodiit
3254 2904 3286 2941 a

1725 2968 1862 3019 vobis
1885 2967 2199 3030 iudicandus,
2230 2966 2393 3017 statim
2414 2968 2523 3029 post
2550 2966 2654 3029 ipsa
2678 2966 2803 3017 tacta
2815 3003 2830 3030 ‚
2862 2979 2961 3029 quo
2984 2968 3202 3029 tempore
3236 2971 3287 3019 et

1724 3060 1814 3098 vos
1851 3044 2027 3095 borum
2065 3044 2277 3095 maxime
2310 3042 2685 3094 recordabamini
2697 3080 2713 3107 ,
2752 3044 2899 3106 atque
2924 3043 3023 3107 ipse
3058 3045 3286 3097 facillime

1726 3123 1945 3175 convinci
1962 3124 2175 3186 poterat,
2198 3122 2400 3186 prodiit,
2424 3123 2649 3185 inquam,
2688 3120 2844 3171 fretus
2875 3121 3146 3172 innocentia
3168 3136 3283 3188 sua,

1725 3204 1775 3253 et
1791 3215 1876 3265 spe
1890 3200 2113 3251 vincendi
2126 3237 2142 3263 ,
2156 3200 2384 3263 aequitate
2404 3212 2567 3250 secum
2582 3200 2836 3262 pugnante.
2870 3199 3037 3249 Fuisse
3054 3200 3184 3251 hunc
3202 3214 3285 3265 po·

1725 3281 1826 3345 puli
1850 3279 2117 3331 studiosum
2130 3314 2145 3339 ,
2160 3290 2247 3341 ego
2272 3278 2418 3328 etiam
2440 3274 2635 3328 aliunde
2655 3275 2795 3326 vobis
2812 3275 3168 3327 demonstrabo.
3185 3280 3284 3341 (2³)

1727 3360 1944 3412 Primum
1969 3359 2099 3409 enim
2121 3358 2301 3409 nullam
2328 3370 2497 3407 esrum
2527 3370 2649 3420 quas
2672 3370 2760 3407 vos
2784 3356 3071 3407 militavistis
3096 3358 3285 3409 militia-

1727 3453 1837 3489 rum
1851 3440 2163 3500 detrectavit3
2182 3436 2268 3488 sed
2286 3436 2492 3499 meruit,
2512 3434 2915 3499 quemadmodum
2930 3436 3111 3499 possint
3128 3436 3287 3488 dicere

1725 3530 1892 3568 omnes
1905 3515 2055 3580 ipsius
2080 3516 2287 3567 demotae
2308 3514 2395 3579 qui
2409 3516 2557 3565 testes
2572 3516 2699 3565 sunt.
2762 3515 2825 3565 Et
2844 3527 2996 3577 quum
3013 3513 3105 3577 ipsi
3122 3514 3289 3568 liceret

1727 3596 1945 3646 fortunas
1980 3606 2091 3645 suas
2116 3592 2468 3656 occultantem,
2496 3592 2617 3643 nihil
2641 3591 2859 3643 conferre
2888 3592 2941 3642 in
2963 3594 3123 3643 vestra
3158 3605 3287 3644 com·

1725 3673 1898 3736 moda,
1923 3686 2010 3723 vos
2044 3671 2222 3721 babere
2252 3670 2424 3721 maluit
2452 3682 2618 3721 rerum
2639 3683 2837 3720 suarum
2858 3670 3101 3733 conscios,
3138 3672 3195 3721 ut
3205 3708 3221 3735 ,
3246 3672 3288 3722 si

1728 3750 2091 3815 quammaxime
2120 3749 2267 3800 vellet
2287 3748 2559 3812 improbum
2586 3748 2743 3799 civem
2768 3760 2821 3798 se
2841 3761 3030 3811 gerere,
3047 3748 3095 3797 id
3116 3750 3160 3799 ei
3189 3762 3289 3799 non

1725 3830 1850 3881 soret
1884 3828 2117 3890 liberum,
2152 3827 2238 3879 sed
2275 3827 2325 3878 et
2356 3826 2542 3877 tributa
2560 3826 2826 3889 conferret,
2868 3828 2919 3877 et
2952 3828 3110 3877 cetera
3132 3828 3289 3880 obiret

1725 3906 2002 3957 ministeria.
2022 3910 2121 3957 Nos
2138 3906 2283 3957 etiam
2304 3904 2429 3955 filios
2442 3917 2554 3956 suos
2568 3904 2635 3954 ita
2650 3903 2884 3966 instituit,
2909 3916 3007 3966 quo
3021 3904 3163 3967 pacto
3184 3918 3287 3968 pos·

1725 3998 1885 4037 semus
1901 3983 2179 4048 reipublicae
2198 3980 2439 4033 utilissimi
2455 3980 2673 4032 evadere.
2722 3980 2822 4043 (24)
2841 3982 2920 4029 Me
2940 3980 3124 4031 scilicet
3148 3981 3199 4031 in
3217 3982 3288 4033 si-

1725 4066 1882 4116 ciliam
1901 4064 2031 4115 misit
2048 4062 2111 4113 ad
2135 4062 2321 4126 equites
2338 4062 2535 4111 vestros.
2599 4064 2671 4110 Ac
2696 4058 2815 4109 dum
2840 4058 3001 4109 salvus
3026 4060 3131 4109 erat
3144 4073 3285 4111 exer·

1725 4144 1875 4205 citus,
1918 4156 2017 4194 non
2059 4140 2287 4205 poteratis
2329 4152 2487 4190 meam
2540 4138 2593 4189 in
2634 4136 2822 4188 bellicis
2864 4136 3011 4187 rebus
3054 4138 3286 4190 virtutem

1725 4234 2026 4285 cognoscere.
2090 4220 2349 4282 Postquam
2366 4219 2528 4267 autem
2552 4215 2595 4266 is
2618 4214 2893 4279 profligatus
2911 4214 3029 4278 ruit,
3049 4216 3100 4265 et
3116 4214 3165 4265 in
3187 4220 3287 4269 ca·

1723 4304 1888 4354 tanam
1906 4301 2018 4363 ruga
2034 4312 2111 4349 me
2128 4298 2311 4361 recepi,
2330 4298 2445 4347 hinc
2461 4294 2715 4359 proedalm
2730 4294 2917 4358 hostes,
2938 4308 3117 4358 eosque
3134 4295 3286 4347 detri-

1725 4385 1888 4435 mento
1913 4380 2209 4441 afficiebam3
2230 4377 2351 4429 adeo
2366 4378 2424 4428 ut
2440 4389 2503 4427 ex
2521 4375 2686 4439 praeda
2702 4374 2933 4425 Minervae
2958 4375 3288 4427 eximerentur

1724 4464 1925 4515 deeimae
1940 4462 2049 4525 plus
2069 4472 2217 4523 quam
2244 4456 2389 4509 minoe
2420 4456 2643 4521 triginta,
2674 4457 2726 4506 et
2750 4455 2983 4507 militibus
3004 4454 3067 4506 ad
3094 4456 3286 4508 redem-

1725 4549 1938 4614 ptionem
1962 4546 2005 4597 si
2020 4544 2107 4609 qui
2124 4543 2301 4608 captivi
2318 4544 2471 4594 erant.
2527 4542 2625 4605 (25)
2646 4544 2709 4592 Et
2726 4540 2811 4591 ubi
2827 4540 3040 4593 Catanaei
3053 4554 3135 4592 me
3150 4554 3288 4606 coge-

1725 4629 1843 4679 bant
1861 4626 2077 4690 equitare
2088 4666 2103 4691 ,
2122 4622 2333 4687 equitavi
2348 4660 2364 4686 ,
2392 4635 2451 4673 ac
2475 4622 2664 4672 nullum
2682 4620 2748 4671 ibi
2765 4633 2959 4685 quoque
2976 4620 3135 4685 defugi
3157 4622 3287 4684 peri-

1727 4714 1890 4765 culum
1901 4729 1919 4774 ;
1942 4713 2011 4762 ita
2035 4712 2091 4761 ut
2112 4724 2280 4762 omnes
2295 4708 2391 4761 mei
2412 4708 2763 4759 commilitones
2780 4721 2903 4759 meae
2924 4706 3217 4759 fortitudinis
3236 4708 3289 4758 in

1726 4799 1932 4861 utraque
1962 4795 2162 4857 militia,
2194 4794 2295 4845 tam
2326 4792 2534 4857 pedestri
2563 4804 2709 4855 quam
2732 4790 2969 4856 equestri,
2993 4790 3169 4845 conscii
3186 4802 3289 4841 esse

1729 4882 1928 4948 possint.
1950 4884 2168 4941 Quarum
2184 4892 2349 4931 rerum
2370 4878 2517 4929 testes
2531 4875 2672 4927 vobis
2688 4874 2969 4940 producam.

2393 4996 2629 5040 ustus.

1797 5109 1874 5153 26.
1894 5101 2063 5153 Testes
2078 5098 2357 5161 audivistis,
2373 5096 2577 5161 iudices.
2596 5094 2767 5155 Qualis
2786 5094 2949 5144 autem
2967 5090 3058 5141 sim
3076 5088 3126 5140 in
3142 5102 3290 5153 popu-

1734 5191 1840 5244 lum
1853 5189 2211 5253 Atheniensem,
2230 5200 2318 5252 ego
2331 5184 2471 5237 vobis
2482 5183 2748 5236 declarabo.
2773 5184 2891 5232 Nam
2909 5188 3063 5244 quum
3075 5176 3289 5228 advenis·

141 5269 360 5344 ὼῑθδῑξω.
402 5278 740 5363 Ἀφικομένου
766 5279 869 5364 γὰρ
887 5282 1054 5341 ἐκεῖσε
1077 5275 1436 5363 Συρακουσίου
1461 5272 1633 5359 ὅρκιον
1733 5281 1808 5333 set
1845 5283 2174 5345 Syracusanus
2209 5275 2406 5343 quidam
2454 5286 2569 5326 cum
2608 5267 2895 5324 sacramenti
2928 5265 3149 5318 militaris
3184 5266 3279 5318 rorb
