3825 5842
71 476 265 558 {so-102)

70 630 159 680 τητα
190 604 491 685 παραδώσειν
535 599 663 677 ἡμῖν
708 603 875 657 ταῦτα
918 597 985 657 τὰ
1034 597 1169 678 μέρη
1185 616 1202 633 ·
1240 598 1331 659 καὶ
1370 604 1537 657 ταῦτα

70 700 251 775 {vs-suffito
264 690 406 749 αὐτὸν
425 687 710 768 Λεωχάρης
726 678 871 753 οὗτος
889 686 979 745 καὶ
998 685 1256 765 ὡμολόγει
1285 686 1541 761 ποιήσειν,

70 786 103 841 223
122 783 259 860 μόνος,
274 777 397 838 ἀλλὰ
418 776 508 836 καὶ
529 774 963 853 Μνησιπτόλεμος
986 779 1014 834 ὁ
1036 774 1347 844 Πλωθειεύς.
1432 776 1543 838 Καὶ

70 872 208 931 τούτων
232 872 339 947 ὑμῖν
369 864 483 933 τοὺς
508 864 774 947 μάρτυρας
799 862 1109 945 παρέξομαι.

586 1010 930 1058 ΜΔΡΤΪΡΕΣ.

122 1161 173 1199 19.
208 1138 371 1215 Ἡμεῖς
392 1134 562 1196 τοίνυν
594 1140 760 1194 ταῦτα
790 1132 1039 1202 παθόντες
1065 1134 1165 1195 ὑπὸ
1193 1134 1545 1215 Λεωχάρους,

70 1228 131 1285 imi
148 1227 436 1304 ἐγγενόμενον
464 1224 592 1301 ἡμῖν
622 1222 775 1281 αὔτὸν
800 1220 977 1293 ἐπειδὴ
1003 1220 1207 1300 εἵλομεν
1233 1226 1338 1282 τῶν
1360 1224 1547 1303 ψευδο-

70 1319 299 1395 μαρτυριῶν
322 1316 612 1391 ἀτιμῶσαι,
648 1314 741 1371 οὒκ
764 1310 1139 1389 ἐδουλήθημεν,
1164 1310 1281 1369 ἀλλ’
1306 1308 1548 1387 ἐξήρκεσε

70 1402 116 1459 τὰ
133 1404 322 1483 ἡμέτερα
346 1406 470 1480 ἡμῖν
507 1398 878 1477 κομισαμένοις
914 1398 1275 1479 ἀπηλλάχθαι.
1363 1400 1548 1459 Τοιοῦ-

70 1512 125 1549 τοι
150 1488 191 1549 δὲ
214 1488 451 1569 γενόμενοι
478 1486 601 1567 περὶ
628 1484 921 1566 Λεωχάρην
948 1485 1039 1545 καὶ
1065 1482 1404 1565 Δικαιογένην
1434 1483 1548 1558 ἐξη·

70 1576 307 1653 πατήθημεν
325 1575 404 1634 ὑπ’
430 1576 625 1652 αὐτῶν,
650 1562 695 1632 ὦ
718 1571 895 1654 ἄνδρες
910 1596 923 1610 ·
948 1570 1064 1631 οὔτε
1085 1570 1188 1653 γὰρ
1210 1570 1551 1650 Δικαιογένης

70 1664 115 1721 τὰ
136 1664 207 1723 δύο
224 1664 341 1745 μέρη
376 1665 501 1742 ἡμῖν
527 1667 621 1722 τοῦ
657 1660 851 1744 κλήρου
880 1660 1198 1743 παρέδωκεν,
1224 1660 1550 1737 ὁμολογήσας

70 1754 131 1811 ἐπὶ
150 1758 223 1811 τοῦ
248 1749 566 1831 δικαστηρίου
583 1794 603 1827 ‚
631 1747 747 1809 οὔτε
783 1749 1074 1829 Λεωχάρης
1093 1750 1334 1825 ὁμολογεῖ
1363 1746 1553 1827 ἐγγυή-

70 1840 361 1898 σασθαιαῦτὸν
391 1840 525 1898 τότε.
566 1836 662 1917 (20)
692 1837 884 1897 Καίτοι
904 1836 1045 1914 εἰμὴ
1068 1835 1295 1895 ἐναντίον
1326 1835 1421 1913 μὲν
1447 1839 1549 1894 τῶν

70 1930 286 2006 δικαστῶν,
310 1926 661 1987 πεντακοσίων
691 1925 875 1999 ὄντων,
911 1924 1141 1983 ἐναντίον
1167 1922 1222 1983 δὲ
1246 1928 1350 1983 τῶν
1379 1946 1552 2004 περιε-

70 2016 273 2085 στηκότων
307 2018 538 2095 ἐνεγυᾶτο
554 2060 573 2093 ,
615 2017 710 2073 οὒκ
735 2004 829 2072 οἶδ’
863 2011 896 2071 ὅ
925 2036 977 2071 τι
1016 2012 1077 2071 ἂν
1109 2010 1372 2083 ἐποίησεν.
1458 2010 1553 2078 Ὡς

70 2104 136 2177 μὲν
150 2104 287 2161 τοίνυν
302 2106 587 2185 περιφανῶς
607 2100 883 2184 ψεύδονται
901 2144 920 2179 ,
955 2098 1221 2181 μάρτυρας
1240 2100 1362 2176 ὑμῖν
1388 2120 1551 2178 παρε·

72 2190 227 2267 χόμεθα
242 2193 343 2259 τοὺς
372 2192 665 2273 παρόντας,
700 2190 785 2249 ὅτε
819 2186 1153 2266 Δικαιογένης
1181 2185 1275 2264 μὲν
1305 2188 1555 2266 ἀφίστατο

71 2287 146 2337 τοῖν
162 2281 274 2339 δυοῖν
292 2281 453 2361 μεροῖν
475 2286 569 2339 τοῦ
593 2276 793 2357 κλήρου
819 2276 912 2335 καὶ
938 2274 1195 2352 ὡμολόγει
1226 2271 1557 2352 ἀναμφισὸή-

70 2388 165 2435 τητα
188 2366 483 2447 παραδώσειν
502 2370 624 2433 ταῖς
650 2362 1010 2441 Δικαιογένους
1029 2362 1275 2441 ἀδελφαῖς
1289 2404 1305 2433 ,
1332 2361 1554 2439 Λεωχά·

70 2475 135 2531 ρης
155 2453 197 2512 δὲ
216 2457 429 2534 ἔνεγυᾶτο
451 2454 611 2513 αὐτὸν
638 2452 671 2510 ἃ
694 2450 1000 2529 ὡμολόγησε
1018 2448 1108 2509 καὶ
1124 2447 1383 2520 ποιήσειν.
1428 2445 1555 2507 Δεό-

71 2546 168 2613 μεθτ
192 2540 235 2598 δὲ
260 2541 339 2599 καὶ
362 2545 527 2618 ὓμῶν,
558 2530 605 2599 ὦ
645 2538 855 2620 ἄνδρες,
894 2537 941 2597 εἴ
972 2562 1046 2604 τις
1081 2534 1331 2615 ἐτύγχανε
1370 2533 1553 2614 παρὼν

70 2626 179 2701 τότε,
203 2630 571 2705 ἀναμνησθῆναι
612 2628 657 2684 εἰ
688 2625 907 2703 λέγομεν
958 2625 1126 2695 ἀληθῆ
1164 2624 1255 2680 καὶ
1303 2626 1557 2700 βοηθῆσαι

70 2718 174 2788 ἡμῖν·
200 2716 275 2793 (u)
295 2715 398 2775 ἐπεί
412 2763 431 2794 ,
458 2706 502 2775 ὦ
522 2715 709 2795 ἄνδρες
728 2758 745 2786 ,
768 2710 1172 2790 εῖΔικαιογένης
1194 2711 1361 2783 ἀληθῆ
1386 2710 1555 2788 λέγει,

70 2800 103 2857 τί
123 2805 242 2879 ἡμεῖς
263 2804 591 2885 ὠφελούμεθα
626 2800 927 2873 νικήσαντες
948 2797 1017 2877 ,ἢ
1046 2797 1098 2857 τί
1124 2788 1269 2865 οὗτος
1294 2795 1554 2873 ἐζημιώθη

70 2891 274 2963 ἡττηθείη
303 2895 343 2949 εἰ
380 2892 479 2973 γὰρ
517 2888 729 2962 ἀπέστη
760 2887 913 2967 μόνον
946 2884 1049 2965 (ὥς
1078 2886 1239 2967 φησι)
1278 2893 1385 2943 τοῖν
1416 2885 1554 2943 δυοῖν

71 2984 199 3057 μεροῖν
220 2986 297 3038 τοῦ
330 2981 521 3061 κλήρου
540 3024 556 3051 ,
596 2974 1043 3058 ἀναμφισὸήτ-ητα
1084 2974 1139 3033 δὲ
1177 2973 1250 3051 μὴ
1294 2972 1557 3051 ὡμολόγει

70 3067 351 3144 παραδώσειν,
371 3068 421 3128 τί
440 3070 723 3147 ἐζημιοῦτο
746 3064 1094 3147 ἀφιστάμενος
1117 3053 1189 3121 ὡν
1212 3060 1368 3139 τιμὴν
1390 3051 1555 3140 εἶχενς

71 3152 151 3209 εἰδὲ
169 3154 249 3234 γὰρ
273 3156 388 3238 πρὶν
418 3161 715 3229 ἡττηθῆναι
740 3152 833 3225 τὴν
857 3154 1003 3225 δίκην
1040 3143 1179 3233 εἶχεν
1210 3142 1282 3210 ὧν
1309 3154 1459 3227 ἡμεῖς
1481 3150 1557 3209 δι-

70 3242 269 3319 καζόμεθα
282 3289 297 3317 ,
316 3248 425 3304 ἀλλ’
446 3248 495 3304 οἱ
518 3242 673 3325 παρὰ
692 3241 877 3301 τούτου
901 3239 1178 3322 πριάμενοι
1202 3237 1292 3298 καὶ
1322 3237 1523 3315 θέμενοι
1540 3281 1555 3310 ,

72 3314 123 3389 ἇς
140 3328 221 3385 ἔδει
238 3331 376 3388 αὐτὸν
403 3330 671 3390 ἀποδόντα
702 3326 797 3401 τὴν
824 3326 981 3404 τιμὴν
1006 3331 1134 3405 ἡμῖν
1166 3326 1233 3385 τὰ
1261 3324 1394 3403 μέρη
1423 3329 1557 3384 ἀπο-

74 3412 215 3477 δοῦναι.
288 3417 373 3498 (22)
397 3417 501 3479 Διὰ
526 3423 705 3478 ταῦτα
730 3416 831 3495 γὰρ
862 3415 954 3474 καὶ
982 3415 1099 3482 τοὺς
1133 3412 1387 3493 ἐγγυητὰς
1426 3414 1555 3493 παρ’

76 3503 185 3561 αἰτοῦ
212 3506 468 3585 elisatam,
514 3510 577 3567 οὗ
619 3504 948 3571 πιστεύοντες
985 3506 1126 3583 αὐτῷ
1168 3502 1203 3560 ἀ
1245 3501 1555 3580 ὡμολόγησε

74 3591 263 3660 ποιήσειν.
308 3593 451 3668 Πλὴν
497 3596 604 3676 γὰρ
642 3596 781 3653 δυοῖν
808 3592 1037 3654 οῖκιδίοιν
1058 3591 1153 3661 ἔξω
1175 3589 1378 3671 τείχους
1398 3590 1490 3649 καὶ
1504 3591 1557 3647 ἐν

80 3677 205 3757 Πεδίῳ
226 3682 454 3752 ἑξήκοντα
491 3682 733 3762 πλέθρων
762 3680 905 3739 οὐδὲν
930 3678 1287 3758 κεκομίσμεθα
1310 3723 1327 3756 ,
1360 3680 1477 3737 ἀλλ’
1510 3679 1557 3736 οἱ

74 3766 177 3843 παρὰ
198 3769 354 3829 τούτου
376 3770 581 3849 θέμενοι
604 3768 699 3828 καὶ
723 3768 1020 3849 πριάμενοι.
1052 3767 1236 3846 Ἡμεῖς
1264 3768 1307 3824 δ’
1338 3768 1432 3825 οὐκ
1448 3764 1561 3833 ἐξά·

76 3873 205 3926 τῡμεν·
224 3857 441 3936 δεδίαμεν
466 3856 573 3939 γὰρ
598 3856 674 3935 μὴ
696 3855 936 3951 ὄιρλωμεν
967 3856 1129 3923 δίκας.
1212 3854 1323 3915 Καὶ
1338 3851 1440 3934 γὰρ
1460 3855 1560 3913 Mt·

74 3938 215 4021 ιίωνα,
240 3946 518 4014 κελεύοντος
541 3944 910 4022 Δικαιογένους
938 3944 1028 4003 καὶ
1051 3942 1336 4021 φάσκοντος
1366 3941 1439 4020 μὴ
1470 3946 1557 4021 βε-

74 4024 273 4104 Exanimem,
286 4034 541 4113 ἐξάγοντες
562 4036 625 4092 ἐκ
642 4038 733 4091 τοῦ
756 4033 1031 4114 βαλανείου
1053 4032 1293 4113 ὤφλομεν
1312 4030 1562 4112 τέτταρά·

72 4134 185 4173 κοντα
202 4130 312 4195 μνᾶς
334 4122 414 4180 διὰ
432 4120 801 4202 Δικαιογένην,
828 4111 871 4181 ὦ
888 4121 1087 4202 ἄνδρες.
1137 4118 1227 4201 (2³)
1246 4117 1561 4199 Ἥγούμενοι

72 4200 143 4279 γᾶρ
160 4208 235 4265 οὐκ
254 4208 309 4267 ἀν
336 4210 483 4270 αὐτὸν
516 4210 829 4291 βεὸαιώσειν
854 4208 997 4269 οῦδὲν
1024 4201 1095 4268 ὡν
1124 4213 1250 4286 ἡμῖν
1274 4204 1475 4279 ἀπέστη
1508 4210 1561 4267 ἐν

76 4291 125 4343 ’¹7³
146 4294 423 4379 δικαστηρίῳ
438 4344 454 4370 ,
472 4298 897 4379 διισχυριζόμεθα
924 4296 1051 4377 πρὸς
1072 4296 1314 4357 Μικίωνα
1335 4290 1562 4355 ἐναντίον

78 4380 147 4435 τῶν
166 4382 410 4460 δικαστῶν,
433 4386 692 4454 ἐθέλοντες
710 4390 877 4445 ὁτιοῦν
896 4385 1144 4466 πάσχειν,
1162 4388 1207 4445 εἶ
1230 4382 1563 4464 βεὸαιώσειεν

78 4466 181 4546 αὖτῷ
216 4473 535 4551 Δικαιογένης
565 4474 631 4533 τὸ
663 4477 958 4555 βαλανεῖον,
988 4475 1082 4533 οὔκ
1100 4473 1161 4533 ἄν
1190 4496 1317 4532 ποτε
1342 4471 1565 4549 οἰόμενοι

78 4554 187 4613 ῑῦτὸν
201 4561 384 4621 ἐναντία
402 4555 481 4630 οἷς
500 4562 814 4641 ὡμολόγησε
832 4561 1054 4643 πρᾶξαι,
1076 4564 1133 4621 οὐ
1154 4562 1219 4620 δι’
1238 4560 1352 4619 ἄλλ’
1371 4558 1563 4630 οὖδὲνῆ

80 4638 139 4696 δ’-ἆ
152 4644 240 4713 ²0³³<
261 4650 499 4727 ἐγγυητάς
517 4696 535 4729 ,
562 4650 647 4710 ὅτι
662 4651 1071 4723 καθειστήκεσαν
1097 4654 1241 4727 ἡμῖν.
1290 4649 1377 4731 (24)
1407 4647 1562 4707 Ἀπο-

84 4728 169 4797 3231‘.
183 4732 225 4791 δὲ
237 4738 558 4819 Δικαιογένης
578 4744 745 4799 ταῦτα
762 4738 828 4798 τὰ
850 4738 1005 4819 μέρη,
1022 4728 1093 4797 ὡν
1108 4736 1197 4796 καὶ
1217 4742 1304 4795 νῦν
1324 4738 1567 4814 ὁμολογεῖ

86 4814 301 4893 &sacret-eat
319 4831 459 4903 ἡμῖν,
484 4812 775 4886 ὲὸεὸαίωᾶε
793 4827 1023 4887 Μικίωνι
1051 4825 1111 4884 τὸ
1141 4825 1430 4905 βαλανεῖον.
1456 4822 1565 4883 Καὶ

89 4898 159 4977 {Tib
177 4906 249 4983 μὲν
272 4916 297 4971 ὃ
318 4914 483 4983 ἀθλιος
505 4915 611 4994 οὐχ
642 4915 777 4982 ὅπως
798 4938 851 4973 τι
872 4916 931 4973 ἐκ
956 4919 1047 4974 τοῦ
1082 4904 1277 4994 κλήρου
1314 4908 1564 4992 εἰληφώς,

91 4992 187 5049 m&
224 5000 693 5079 προσαπολωλεκὼς
732 5000 1117 5083 τετταράκοντα
1168 5008 1328 5081 μνᾶς,
1376 4996 1564 5078 ἀπῄειν

92 5076 325 5161 ἱἐ.5’·ὐ’μέ”ινι>ς·
352 5090 447 5150 ὑπὸ
481 5096 575 5151 τοῦ
615 5088 1002 5171 Δικαιογένους.
1082 5085 1190 5150 Καὶ
1220 5084 1413 5146 τούτων
1442 5088 1565 5164 ὑμῖν

94 5168 293 5253 μάρτυρας
312 5178 622 5259 παρέξομαι.

883 467 1056 529 ISAEI
1098 468 1217 529 ΟΒ.
1266 468 1364 529 DE
1406 459 1891 529 DIGAEOGENIS
1933 470 2439 532 HEREDITATE.

3066 482 3174 532 269

1632 608 1693 659 de
1711 622 1763 659 re
1785 609 2049 661 Leochares
2068 612 2124 660 ut
2140 624 2338 674 sponsor
2357 610 2499 662 tidem
2519 622 2659 661 suam
2673 584 3033 674 interponebat,
3057 610 3186 659 aiens

1632 696 1966 761 Dicaeogenem
1992 699 2100 749 baec
2121 700 2362 749 facturum
2381 712 2513 761 essm
2533 712 2632 749 non
2649 700 2778 749 solus
2794 699 2874 749 ille
2887 735 2902 760 ,
2929 710 3099 749 verum
3117 698 3181 747 si-

1631 787 1735 836 mul
1776 786 1924 837 etiam
1967 788 2358 851 Mnesiptolemus
2398 788 2698 840 Plothieusis.
2765 790 2982 847 Quarum
3023 799 3187 836 renim

1630 875 1767 927 vobis
1784 876 1873 926 bos
1886 876 2027 927 edam
2047 876 2210 927 testes.

2298 1022 2536 1065 'rt-:sus-

1702 1151 1773 1197 19.
1807 1146 1954 1197 Nobis
1979 1148 2140 1211 itaque
2177 1148 2290 1199 talia
2314 1161 2344 1197 a
2374 1147 2608 1199 Leocliare
2639 1146 2814 1211 passis,
2851 1159 3006 1209 quum
3027 1146 3190 1197 liceret

1635 1235 1746 1272 eum
1763 1223 1958 1273 infamia
1977 1226 2146 1275 notare
2161 1226 2220 1274 ut
2237 1224 2342 1274 salsi
2365 1224 2480 1273 dicti
2499 1223 2760 1275 testimonii
2778 1222 3054 1272 convictum
3065 1258 3079 1285 ,
3099 1235 3187 1271 no-

1636 1299 1814 1349 luimus
1834 1302 1996 1349 tamen
2009 1336 2024 1362 ,
2048 1300 2132 1350 sed
2153 1301 2267 1351 satis
2289 1300 2544 1350 babuimus
2559 1336 2574 1361 ,
2594 1298 2678 1347 ubi
2693 1301 2858 1348 nostra
2875 1296 3012 1347 nobis
3030 1296 3190 1346 debita

1643 1372 2032 1439 abstulissemus‚
2066 1378 2326 1441 quiescere.
2391 1379 2570 1427 Verum
2603 1376 2878 1439 enimvero,
2911 1388 3189 1438 quanquam

1636 1453 1756 1503 tales
1776 1466 1863 1503 nos
1886 1466 1996 1515 erga
2019 1454 2307 1505 Leocliarem
2336 1456 2484 1517 atque
2511 1455 2842 1516 Dicaeogenem
2865 1464 3188 1515 gesseramus,

1636 1531 1799 1581 tamen
1816 1530 1879 1580 ab
1908 1530 2020 1593 ipsis
2041 1532 2130 1582 lusi
2156 1534 2358 1596 ruimus,
2377 1547 2408 1582 o
2432 1533 2651 1596 iudices:
2679 1544 2792 1581 nam
2818 1544 2972 1593 neque
3002 1531 3178 1581 Dicaeo-

1637 1622 1803 1672 genes,
1827 1622 1974 1671 quam
1993 1609 2266 1661 hereditatis
2295 1612 2480 1663 bessem
2509 1610 2647 1660 nobis
2676 1623 2707 1659 a
2725 1622 2778 1659 se
2793 1607 3072 1660 tradendam
3103 1622 3191 1659 co·

1638 1698 1743 1735 ram
1756 1684 1998 1747 jndicibus
2016 1688 2292 1750 recepisset,
2317 1700 2424 1737 eam
2456 1687 2596 1737 nobis
2611 1685 2837 1747 tradidit,
2857 1688 2906 1735 et
2929 1685 3192 1737 Leochares

1638 1776 1689 1813 se
1710 1758 1849 1827 negat
1873 1766 1982 1815 tum
2003 1766 2232 1829 temporis
2261 1778 2349 1828 pro
2379 1766 2660 1826 Dicaeogene
2679 1775 2954 1827 sponsorem
2989 1774 3091 1812 esse
3116 1762 3190 1811 t'a·

1639 1845 1791 1893 ctum.
1814 1843 1911 1907 (20)
1936 1844 2079 1908 Atqui
2093 1845 2183 1895 nisi
2202 1858 2363 1895 coram
2379 1843 2649 1909 judicibus,
2671 1842 2942 1906 quingentis
2959 1855 3189 1904 numero,

1640 1922 1689 1969 et
1723 1932 1887 1969 coram
1912 1920 2327 1971 circumstantium
2345 1933 2524 1971 corona
2547 1921 2850 1983 sponsionem
2881 1920 3191 1983 suscepisset,

1642 1998 1799 2048 nescio
1817 1998 1936 2061 quid
1957 2012 2013 2048 eo
2031 1999 2214 2049 factum
2237 1998 2419 2049 misset.
2483 1998 2734 2048 Manifesto
2749 1998 2912 2060 itaque
2929 1996 3038 2047 illos
3055 2009 3194 2047 men-

1639 2067 1720 2119 tiri
1744 2069 1930 2118 constat
1949 2068 2087 2119 vobis
2121 2082 2149 2119 e
2171 2068 2373 2119 testibus
2388 2068 2472 2131 qui
2496 2080 2660 2118 coram
2687 2067 2912 2129 aderant,
2949 2080 3047 2129 quo
3065 2068 3191 2116 tem-

1642 2152 1759 2202 pore
1775 2140 2077 2203 Dicaeogenes
2089 2140 2284 2203 quidem
2296 2140 2430 2190 besse
2443 2138 2718 2190 hereditatis
2733 2152 2786 2189 se
2797 2136 3050 2188 abdicabat
3067 2151 3196 2187 eani-

1640 2224 1735 2273 que
1756 2212 1998 2261 sororibus
2027 2210 2320 2274 Dieaeogenis
2339 2210 2552 2261 defuncti
2581 2211 2684 2261 sine
2703 2210 2804 2259 ulla
2821 2209 3144 2259 controversia
3165 2222 3196 2259 a

1642 2299 1692 2335 se
1710 2284 1992 2335 tradendam
2011 2286 2296 2349 recipiebat,
2322 2286 2586 2336 Leochares
2617 2287 2778 2335 autem
2804 2298 3004 2349 sponsor
3022 2285 3194 2349 fiebat,

1642 2375 1751 2424 quae
1771 2361 2076 2423 Dicoeogenes
2097 2361 2258 2410 verbis
2275 2361 2555 2424 recepisset,
2577 2374 2635 2411 ea
2649 2372 2813 2423 reapse
2835 2373 2936 2409 esse
2957 2360 3197 2422 praestitu-

1643 2449 1769 2486 rum.
1800 2434 1894 2486 Sed
1912 2438 1961 2486 et
1978 2449 2088 2495 νοε,
2112 2450 2142 2486 o
2161 2436 2278 2500 viri,
2297 2448 2521 2498 rogamus
2533 2472 2548 2498 ‚
2573 2434 2812 2498 quotquot
2835 2434 2904 2485 rei
2925 2436 3030 2484 tum
3050 2438 3196 2497 gestae

1644 2510 1921 2561 interfuistis
1933 2548 1948 2573 ‚
1973 2512 2030 2560 ut
2054 2524 2172 2560 num
2188 2523 2304 2561 vera
2325 2509 2541 2559 dicamus
2557 2520 2586 2556 a
2607 2508 2838 2557 memoria
2854 2508 3013 2558 vestra
3032 2507 3196 2570 requi·

1642 2598 1747 2634 rere
1776 2585 2010 2649 nobisque
2026 2598 2306 2636 succurrere
2322 2584 2506 2645 velitis5
2533 2582 2632 2647 (21)
2650 2596 2765 2633 nam
2781 2584 2821 2633 si
2837 2594 2950 2633 vera
2976 2582 3092 2633 dicit
3117 2582 3196 2633 Di·

1644 2669 1912 2719 caeogenes,
1937 2655 2053 2719 quid
2075 2657 2214 2707 nobis
2245 2655 2438 2720 prodest
2455 2668 2598 2705 causa
2627 2655 2827 2705 vicisse?
2861 2656 2949 2704 aut
2979 2654 3096 2718 quid
3116 2654 3199 2705 ille

1644 2726 1802 2775 minus
1826 2727 1976 2776 habet
2003 2730 2259 2789 postquam
2292 2739 2436 2777 causa
2458 2725 2661 2775 cecidit?
2682 2728 2802 2775 Nam
2835 2725 2876 2776 si
2906 2726 3200 2775 verbotenus

1643 2800 1832 2847 tantum
1846 2833 1860 2858 ‚
1884 2797 1932 2846 id
1957 2796 2086 2860 quod
2109 2798 2176 2847 ait
2189 2835 2203 2861 ,
2222 2798 2359 2849 besse
2375 2798 2580 2855 destitit,
2603 2798 2886 2860 neutiquam
2903 2798 3066 2847 autem
3085 2810 3197 2859 pro·

1644 2868 1889 2918 misiteam
1908 2868 2198 2918 traditurum
2217 2869 2336 2918 nulli
2355 2867 2691 2917 coutroversiae
2712 2867 2971 2917 obnoxiam
2983 2902 2997 2925 ,
3012 2867 3196 2929 ecquod

1642 2944 1836 2995 tandem
1850 2943 2192 2994 detrimentum
2206 2944 2389 3007 accepit
2404 2943 2467 2992 ab
2485 2943 2694 2992 cessione
2708 2942 2940 2991 bonorum
2956 2978 2970 3004 ,
2990 2956 3198 3005 quorum

1644 3019 1775 3068 tenet
1798 3019 2028 3069 valorem.
2093 3022 2199 3082 ipsa
2223 3018 2350 3067 enim
2386 3016 2514 3066 bona
2536 3029 2598 3065 ne
2635 3014 2804 3064 babuit
2835 3014 3030 3077 quidem
3061 3018 3199 3064 ante-

1644 3105 1789 3155 quam
1815 3106 1960 3143 causa
1984 3094 2193 3157 caderet,
2217 3092 2302 3143 sed
2333 3091 2512 3141 habent
2541 3090 2625 3140 illa
2647 3090 2726 3151 hi,
2755 3089 2840 3152 qui
2859 3090 2920 3140 ab
2945 3090 3027 3140 iilo
3047 3104 3197 3155 quum

1644 3170 1869 3223 emissent
1881 3172 1967 3222 aut
1983 3170 2191 3235 pignoris
2207 3169 2314 3221 leco
2329 3167 2649 3232 accepissent,
2663 3164 2868 3230 pecunia
2887 3168 3053 3229 parata
3069 3179 3200 3216 com·

1644 3254 1928 3314 pensat-uun
1953 3264 2100 3315 quam
2131 3250 2384 3313 pecuniam
2406 3245 2612 3297 debebat
2644 3246 2948 3308 Dicaeogenae
2972 3244 3098 3313 ipsis,
3120 3259 3190 3296 re·

1644 3329 1802 3392 luere,
1823 3329 1873 3379 et
1893 3329 1962 3378 sic
1989 3330 2207 3378 nostrum
2227 3326 2404 3388 cuique
2420 3326 2576 3373 ratam
2607 3335 2747 3372 suam
2768 3322 3036 3384 portionem
3061 3322 3200 3372 resti-

1644 3404 1833 3455 tituere.
1901 3404 2000 3467 (22)
2023 3405 2136 3456 Ideo
2166 3404 2292 3455 enim
2312 3414 2562 3465 sponsores
2587 3402 2649 3451 ab
2671 3414 2728 3451 eo
2749 3400 3066 3463 sumpsimus,
3103 3414 3199 3450 non

1644 3480 1840 3533 fidentes
1868 3482 2008 3532 illum
2039 3483 2167 3532 ultro
2191 3480 2421 3545 promissa
2451 3480 2810 3529 exsecuturum.
2873 3480 2996 3527 Nam
3022 3478 3201 3540 praeter

1645 3560 1766 3610 duas
1788 3558 2104 3609 domunculas
2124 3561 2262 3609 extra
2279 3556 2455 3606 moenia
2473 3558 2522 3605 et
2539 3555 2782 3617 sexaginta
2798 3554 2964 3615 iugera
2981 3552 3033 3603 in
3055 3554 3201 3603 Pedio

1644 3634 1712 3683 nil
1732 3634 2008 3695 retulimuS,
2034 3632 2118 3684 sed
2144 3633 2213 3682 illi
2237 3631 2420 3693 reliqua
2449 3629 2654 3690 habent,
2676 3628 2762 3692 qui
2793 3630 2879 3677 aut
2901 3628 3124 3677 emerunt
3139 3626 3202 3674 ab

1645 3730 1705 3768 eo
1720 3718 1807 3766 aut
1827 3715 2135 3779 oppignerata
2150 3712 2240 3765 sibi
2274 3711 2454 3762 liabent
2475 3730 2486 3761 ι
2509 3724 2630 3773 quos
2647 3709 2757 3760 inde
2778 3722 2874 3759 non
2890 3708 3199 3772 deducimus,

1645 3812 1707 3851 ne
1724 3797 1967 3862 injudicio
2000 3794 2303 3845 condemnati
2339 3793 2544 3843 mulctas
2569 3791 2843 3840 debeamus.
2877 3793 2997 3839 Nam
3029 3790 3198 3840 Micio-

1646 3887 1756 3924 nem
1784 3884 1976 3935 quoque
1993 3870 2122 3932 quod
2140 3870 2312 3920 balneo
2333 3867 2696 3917 deduxissemus
2707 3900 2722 3926 ,
2745 3863 2795 3913 id
2813 3863 2944 3928 quod
2957 3865 3092 3925 jussu
3111 3865 3198 3913 Di-

1648 3954 1880 4019 caeogenis
1905 3954 2196 4013 feceramus,
2220 3949 2434 4013 negantis
2459 3962 2510 3999 se
2540 3946 2794 4010 emptionis
2823 3944 3054 3995 vindicias
3077 3958 3202 4008 prm-

1647 4033 1901 4092 stiturum,
1939 4027 2252 4091 quadraginta
2287 4025 2430 4075 minis
2465 4021 2770 4072 condemnati
2796 4032 2993 4080 sumus,
3031 4018 3201 4068 fraude

1650 4103 1938 4167 Dicaeogenis
1953 4100 2154 4163 decepti.
2221 4100 2318 4163 (23)
2351 4098 2686 4148 Existimantes
2711 4094 2838 4144 enim
2869 4092 3200 4155 Dicaeogenem

1648 4195 1759 4245 quae
1790 4177 1928 4229 nobis
1957 4176 2207 4238 injudicio
2234 4174 2570 4234 concessisset,
2594 4183 2761 4221 eorum
2781 4169 3072 4231 emptionem
3103 4178 3200 4215 non

1647 4261 1705 4308 ut
1728 4256 1936 4319 legitime
1959 4254 2134 4303 factam
2164 4252 2490 4313 proestiturum
2525 4260 2655 4307 esse,
2682 4245 2914 4295 adversus
2949 4244 3204 4295 Micionem

1650 4346 1811 4384 coram
1836 4329 2075 4393 judicibus
2103 4326 2484 4387 affirmabimus,
2509 4323 2702 4388 paratos
2726 4334 2816 4371 nos
2841 4332 2944 4370 esse
2962 4320 3079 4369 nihil
3107 4334 3204 4371 non

1649 4410 1749 4474 pati
1762 4446 1776 4471 ‚
1794 4410 1835 4459 si
1850 4408 2156 4469 Dicaeogenes
2171 4404 2259 4467 ipsi
2275 4402 2432 4453 balnei
2450 4401 2739 4464 emptionem
2761 4398 2834 4448 uti
2858 4397 3066 4447 validam
3085 4409 3206 4459 prae·

1650 4491 1823 4550 staret;
1845 4486 2162 4551 opinabamur
2183 4482 2312 4532 enim
2343 4481 2481 4531 illum
2508 4481 2648 4543 pacta
2671 4491 2920 4541 nunquam
2939 4478 3078 4529 factis
3103 4492 3206 4530 esse

1652 4567 2002 4625 refutaturum,
2043 4560 2188 4623 idque
2221 4558 2408 4608 nullam
2457 4558 2604 4607 aliam
2638 4556 2703 4607 ob
2734 4568 2928 4605 causam
2965 4569 3111 4618 quam
3142 4556 3207 4607 ob

1654 4655 1933 4707 sponsores,
1991 4638 2074 4703 qui
2121 4636 2267 4685 tidem
2314 4647 2451 4685 suam
2491 4634 2582 4682 bac
2616 4632 2678 4683 de
2721 4644 2774 4681 re
2803 4630 3203 4693 interposuerant.

1654 4718 1751 4781 (24)
1784 4721 1963 4769 verum
1981 4714 2223 4764 enimvero
2238 4748 2253 4774 ,
2273 4709 2494 4774 quamvis
2532 4708 2838 4769 Dicaeogenae
2867 4708 2959 4759 illis
2977 4708 3206 4771 portioni-

1654 4795 1742 4845 bus
1762 4790 2066 4850 decessisset,
2089 4788 2267 4851 quibus
2288 4800 2341 4835 se
2362 4786 2508 4835 etiam
2534 4795 2666 4833 nunc
2687 4784 2864 4832 fatetur
2889 4783 3040 4831 nostri
3059 4794 3206 4831 causa

1652 4868 1933 4928 decessisse,
1973 4864 2165 4915 Micioni
2199 4865 2362 4913 tamen
2398 4860 2624 4910 balneum
2661 4857 2980 4907 confirmavit.
3007 4856 3086 4906 Sic
3118 4868 3205 4917 ego

1652 4948 1795 4999 miser
1811 4958 1909 4995 non
1925 4941 2069 4992 modo
2087 4940 2274 4990 nullum
2293 4938 2440 5001 hujus
2459 4935 2736 4987 hereditatis
2757 4936 2969 4985 fructum
2990 4932 3204 4995 percepi,

1652 5023 1737 5075 sed
1756 5023 1990 5087 proeterea
2028 5018 2170 5067 etiam
2210 5013 2523 5078 quadraginta
2547 5010 2691 5061 minis
2731 5008 2990 5058 mulctatus
3023 5004 3093 5053 fui
3104 5039 3132 5066 ,.
3157 5007 3207 5053 et

1652 5101 1845 5155 discessi
1865 5096 2158 5150 contumelia
2181 5108 2210 5145 a
2231 5095 2514 5157 Dicaeogene
2526 5092 2746 5142 affectus.
2767 5088 2926 5139 Etiam
2963 5082 3108 5146 buius
3137 5081 3204 5131 rei

1651 5177 1798 5230 testes
1814 5173 1954 5225 vobis
1981 5169 2232 5236 praestabo.
