3825 5842
1224 492 1399 557 lsAEl
1440 496 1563 558 OB.
1608 494 1763 557 PRO
1802 496 2266 580 EUPHILETQ.

3153 510 3266 561 319

116 616 167 673 ἄν
197 637 313 674 ποτε
354 613 671 696 ἐμαρτύρουν
700 614 820 695 περὶ
850 614 1033 676 τούτου
1059 614 1127 675 τὰ
1162 618 1327 698 ψευδῆ
1342 640 1359 655 ·
1396 616 1626 699 μητρυιὰ
1714 627 1889 679 adduci
1932 633 2152 694 possent,
2185 632 2243 681 ut
2278 631 2394 681 falsa
2437 628 2500 681 de
2545 630 2638 681 isto
2678 630 2984 681 testarentur.
3057 632 3273 683 Noverca

112 704 195 785 γὰρ
218 708 249 776 ἡ
276 701 450 763 τούτου
494 704 669 783 μήτηρ
701 702 971 783 ἐγεγένητο
1006 710 1120 772 ταῖς
1159 705 1441 786 ἡμετέραις
1468 708 1623 765 ἀδελ-

112 798 234 873 φαῖς,
258 792 461 851 εἰώθασι
488 792 544 851 δέ
566 814 677 859 πως
699 795 769 859 ὥς
796 791 882 853 ἐπὶ
918 793 977 852 τὸ
1002 792 1136 853 πολὺ
1178 794 1509 875 διαφέρεσθαι
1538 797 1626 852 ἆλ-

112 880 269 951 λήλαις
297 877 425 939 αἵτε
455 880 705 961 μητρυιαὶ
732 880 822 939 καὶ
849 884 905 939 αἱ
940 880 1206 962 πρόγονοι·
1246 880 1381 941 ὥστε
1410 884 1455 941 εῖ
1483 873 1627 949 οὗτος

78 994 87 1029 ι
116 970 158 1037 ἐξ
188 970 331 1028 ἄλλου
355 968 489 1037 τινὸς
516 968 697 1051 ἀνδρὸς
726 960 787 1041 ἦν
827 972 893 1049 τῇ
934 979 1163 1053 μητρυιᾷ
1192 968 1283 1029 καὶ
1322 972 1415 1029 οὐκ
1449 972 1511 1029 ἐκ
1535 976 1626 1030 τοῦ

114 1057 334 1138 ἡμετέρου
356 1057 579 1139 πατρός,
600 1059 691 1117 οὐκ
714 1056 775 1115 ἄν
802 1080 953 1135 ποτε,
968 1048 1013 1117 ὦ
1028 1058 1204 1140 ἄνδρες
1224 1057 1494 1133 δικασταί,
1512 1056 1628 1126 τοὺς

116 1149 280 1204 ἑαυτῶν
302 1146 487 1227 ἄνδρας
512 1146 569 1204 αἱ
609 1144 825 1225 ἀδελφαὶ
854 1153 1135 1226 μαρτυρεῖν
1170 1146 1349 1206 εἴασαν
1380 1145 1470 1206 καὶ
1515 1145 1631 1205 ἐπέ-

115 1236 291 1315 τρεψαν.
370 1234 433 1311 (ο)
466 1232 576 1293 Καὶ
604 1232 707 1310 μὴν
722 1232 827 1291 οὐδ’
856 1232 917 1291 ἂν
938 1236 966 1291 ὁ
990 1238 1119 1301 θεῖος
1136 1234 1263 1315 πρὸς
1279 1232 1469 1316 μητρὸς
1498 1238 1627 1312 ἡμῖν

115 1320 185 1395 ὧν,
203 1320 352 1403 τούτῳ
378 1322 430 1380 δὲ
454 1320 601 1381 οὐδὲν
630 1319 908 1401 προσήκων
937 1319 1103 1393 δήπου
1130 1326 1197 1402 τῇ
1238 1321 1423 1383 τούτου
1466 1321 1628 1403 μητρὶ

78 1432 91 1472 ι
116 1412 327 1482 ἠθέλησεν
351 1410 431 1483 ἄν,
470 1400 515 1468 ὦ
559 1408 740 1490 ἄνδρες
786 1409 1057 1483 δικασταί,
1102 1415 1438 1492 μαρτυρῆσαι
1462 1412 1627 1492 ψευδῆ

118 1498 381 1579 μαρτυρίαν,
406 1496 469 1556 δι’
487 1498 563 1570 ἢν
578 1500 705 1577 ἡμῖν
726 1496 921 1577 γίνεται
944 1497 1119 1579 βλάόη
1136 1497 1441 1580 περιφανής,
1466 1498 1629 1580 εἴπερ

118 1586 229 1653 ξένον
253 1584 368 1645 ὄντα
411 1591 595 1645 τοῦτον
638 1588 966 1665 εἰσποιοῦμεν
1006 1585 1229 1667 ἀδελφὸν
1268 1590 1394 1665 ἡμῖν
1432 1588 1627 1654 αὐτοῖς.

118 1672 215 1735 ΙΈτι
240 1674 413 1749 τοίνυν,
442 1662 487 1732 «23
528 1672 711 1756 ἄνδρες
738 1672 1008 1749 δικασταί,
1045 1674 1173 1757 πρὸς
1198 1672 1394 1743 τούτοις
1432 1677 1543 1743 πῶς
1568 1674 1630 1733 ἄν

119 1785 177 1828 τις
212 1766 343 1838 ὑμῶν
368 1760 657 1841 καταγνοίη
687 1762 1137 1844 ψευδομαρτυρίαν
1166 1762 1485 1845 Δημαράτου
1512 1785 1627 1821 του-

78 1870 103 1911 ω
120 1850 205 1909 tovi
226 1851 304 1910 καὶ
324 1848 622 1929 Ἡγήμονος
661 1849 752 1909 καὶ
795 1849 1189 1931 Νικοστράτους
1232 1849 1283 1910 οἳ
1306 1854 1511 1932 πρῶτον
1537 1850 1629 1929 μὲν

121 1938 235 1996 οὐδὲν
277 1938 483 2019 αἰσχρὸν
524 1937 779 1997 οὐδέποτε
818 1938 1137 2019 φανήσονται
1172 1938 1627 2017 ἐπιτηδεύσαντες,

122 2016 209 2086 εἶτα
230 2026 269 2085 δ’
294 2028 462 2087 οἰκεῖοι
478 2025 627 2094 ὄντες
653 2030 779 2103 ἡμῖν
797 2026 889 2087 καὶ
912 2026 1103 2095 εἰδότες
1130 2032 1268 2107 ἡμᾶς
1285 2028 1519 2096 ἅπαντας
1538 2052 1630 2107 με·

124 2116 469 2196 μαρτυρήκασιν
496 2114 787 2197 Εὐφιλήτῳ
812 2115 978 2199 τούτῳ
1022 2115 1117 2188 τὴν
1150 2121 1305 2177 αὑτοῦ
1334 2115 1631 2195 συγγένειαν

124 2199 310 2270 ἕκαστος.
388 2205 449 2285 (7)
504 2200 687 2263 Ὥστε
736 2202 899 2275 ἡδέως
946 2202 1042 2264 κᾶν
1092 2208 1197 2263 τῶν
1237 2203 1631 2265 ἀντιδικούντων

78 2312 107 2351 ιο
120 2294 220 2366 ἡμῖν
238 2296 313 2351 τοῦ
336 2292 655 2371 σεμνοτάτου
694 2292 978 2371 πυθοίμην,
1011 2294 1057 2352 εἰ
1085 2292 1299 2355 ἄλλοθέν
1339 2300 1492 2353 ποθεν
1520 2292 1632 2373 ἔχοι

124 2378 173 2436 ἂν
200 2380 421 2449 ἐπιδεῖξαι
444 2380 607 2439 αὖτὸν
628 2378 889 2453 Ἀθηναῖον
916 2378 1032 2451 ἢέκ
1052 2380 1246 2440 τούτων
1271 2370 1343 2439 ὧν
1374 2380 1464 2439 καὶ
1482 2384 1634 2457 ἡμεῖς

126 2466 369 2547 Εὐφίλητον
409 2467 795 2546 ἐπιδείκνυμεν.
875 2465 1021 2547 Ἐγὼ
1059 2467 1155 2544 μὲν
1198 2468 1299 2549 γὰρ
1345 2470 1438 2528 οὒκ
1486 2460 1632 2546 οἶμαι

128 2553 227 2613 ἄλλο
246 2580 291 2615 τι
316 2556 373 2615 ἂν
390 2556 544 2616 αὐτὸν
572 2554 611 2627 ἢ
628 2556 707 2615 δτι
736 2560 771 2627 ἡ
802 2554 979 2635 μήτηρ
1008 2555 1141 2629 α’στή
1171 2555 1229 2616 τέ
1253 2560 1361 2616 ἐστι
1380 2556 1469 2615 καὶ
1488 2560 1516 2615 ὁ
1532 2580 1632 2615 πα·

124 2642 219 2721 τήρ,
244 2644 321 2701 καὶ
354 2647 421 2712 ὣς
453 2647 608 2704 ταῦτ’
649 2645 816 2715 ἀληθῆ
863 2642 1039 2722 λέγει,
1077 2644 1349 2755 παρέζοιτθ
1391 2644 1455 2704 ἂν
1491 2648 1631 2725 αὑτῷ

78 2752 107 2793 u
126 2730 215 2797 τοὺς
247 2740 487 2811 συγγενεῖς
522 2730 815 2812 μάρτυρας.
904 2732 967 2811 (8)
1004 2722 1165 2806 Εἶτα,
1192 2756 1237 2791 ω
1268 2731 1447 2813 ἄνδρες
1479 2734 1629 2791 δικα-

129 2817 250 2896 σταί,
276 2821 316 2877 εἰ
338 2819 428 2899 μὲν
456 2810 605 2880 οὗτοι
633 2818 974 2898 ἐκινδύνευον,
1012 2818 1185 2892 ἠξίουν
1213 2822 1319 2887 τοῖς
1359 2822 1527 2879 αὓτῶν
1553 2821 1635 2879 οῖ-

126 2906 244 2973 κείοις
262 2911 381 2985 ὑμᾶς
406 2905 674 2967 πιστεύειν
698 2914 1017 2990 μαρτυροῦσι
1047 2908 1247 2985 μᾶλλον
1272 2906 1307 2979 ἢ
1328 2916 1434 2975 τοῖς
1468 2932 1633 2981 κατη-

126 2994 279 3075 γόροις·
301 2996 403 3055 νυνὶ
429 2995 485 3055 δὲ
512 2999 672 3075 ἡμῶν
700 2996 875 3054 πάντα
896 3000 1064 3054 ταῦτα
1091 2994 1463 3077 παρεχομένων
1486 2994 1635 3063 ἀξιώ-

130 3104 264 3142 σουσιν
287 3089 411 3161 ὑμᾶς
434 3089 541 3152 τοῖς
572 3086 745 3143 αὑτῶν
782 3082 1050 3143 πείθεσθαι
1075 3080 1244 3163 λόγοις
1275 3084 1472 3161 μᾶλλον
1498 3082 1632 3163 ἢτῷ

78 3188 111 3229 ιο
129 3170 257 3251 πατρὶ
278 3176 349 3254 τῷ
372 3172 677 3254 Εὐφιλήτου
704 3170 798 3230 καὶ
822 3170 939 3249 ἐμοὶ
966 3171 1057 3230 καὶ
1079 3174 1155 3251 τῷ
1182 3172 1389 3253 ἀδελφῷ
1412 3170 1501 3230 καὶ
1529 3174 1633 3237 τοῖς

128 3258 332 3341 φράτορσι
367 3260 456 3320 καὶ
484 3260 639 3339 πάσῃ
667 3264 733 3340 τῇ
761 3258 994 3340 ἡμετέρᾳ
1035 3258 1337 3340 συγγενείας
1382 3257 1491 3320 Καὶ
1529 3258 1631 3335 μὴν

127 3336 231 3405 οὗτοι
250 3346 333 3425 μὲν
348 3348 491 3407 οὐδὲν
514 3346 687 3407 οὐδενὶ
701 3347 1075 3415 κινδυνεύοντες
1100 3347 1232 3413 ἰδίας
1267 3346 1453 3427 ἔχθρας
1481 3344 1631 3406 ἕνεκα

128 3442 327 3510 ποιοῦσιν,
343 3437 491 3514 ἡμεῖς
518 3436 575 3496 δὲ
596 3434 796 3503 πάντας
828 3434 1104 3503 ὖποδίκους
1127 3438 1269 3513 ἡμᾶς
1310 3432 1494 3502 αὐτοὺς
1522 3458 1633 3494 κα-

130 3523 340 3591 θιστάντες
383 3528 772 3606 μαρτυροῦμεν.
860 3523 921 3602 (s)
954 3523 1065 3584 Καὶ
1102 3520 1231 3603 πρὸς
1270 3528 1385 3589 ταῖς
1422 3544 1633 3601 μαρτυ-

78 3631 113 3671 ts
132 3610 255 3689 ρίαις,
277 3602 317 3673 ὦ
342 3613 516 3695 ἄνδρες
562 3609 836 3683 δικασταί,
862 3614 1065 3692 πρῶτον
1092 3610 1187 3687 μὲν
1211 3614 1246 3681 ἡ
1275 3614 1367 3669 τοῦ
1390 3606 1633 3689 Εὗφιλή·

132 3721 199 3757 του
224 3700 397 3783 μήτηρ,
433 3702 499 3774 ἣν
527 3692 671 3761 οὗτοι
698 3700 1036 3777 ὁμολογοῦσιν
1083 3696 1246 3769 ἀστὴν
1292 3687 1451 3771 εἶναι,
1481 3695 1632 3776 ὅρκον

132 3784 281 3861 ὀμόσαι
305 3790 382 3848 ἐπὶ
400 3792 491 3847 τοῦ
519 3790 788 3857 διαιτητοῦ
810 3785 1052 3846 ἐὸούλετο
1079 3784 1166 3845 ἐπὶ
1187 3784 1443 3866 Δελφινίῳ
1469 3774 1505 3856 ἦ
1527 3783 1631 3860 μὴν

138 3876 297 3933 τουτονὶ
332 3874 629 3956 Εὐφίλητον
660 3864 791 3933 εἶναι
832 3872 885 3943 ἐξ
922 3876 1079 3944 αὖτῆς
1120 3872 1211 3931 καὶ
1241 3877 1333 3931 τοῦ
1377 3872 1633 3951 ἡμετέρου

132 3964 300 4043 πατρός.
374 3962 567 4025 Καίτοι
610 3961 729 4022 τίνα
754 3964 988 4041 προσῆκε
1018 3962 1215 4039 μᾶλλον
1258 3961 1416 4031 αὐτῆς
1438 3958 1634 4033 ἐκείνης

82 4069 119 4108 ιο
132 4055 247 4110 τοῦτο
278 4054 485 4127 εἷδέναι;
510 4049 743 4113 Ἔπειτα
761 4095 779 4124 ,
810 4040 855 4110 ὦ
896 4050 1073 4131 ἄνδρες
1101 4047 1369 4122 δικασταί,
1398 4052 1425 4107 ὁ
1458 4048 1632 4129 πατὴρ

134 4139 393 4222 ὗῆμέτερος,
406 4140 461 4200 ὃν
478 4139 613 4207 εἰκός
633 4142 743 4200 ἔστι
758 4136 893 4217 μετὰ
908 4138 1004 4211 τὴν
1023 4136 1206 4198 τούτου
1223 4134 1424 4218 μητέρα
1445 4135 1632 4217 ἄριστα

134 4224 199 4282 τὸν
218 4233 351 4287 abre&
383 4232 489 4289 υἱὸν
518 4228 809 4306 γινώσκειν,
828 4216 971 4294 οὗτος
998 4224 1088 4283 καὶ
1121 4224 1238 4283 τότε
1260 4224 1350 4283 καὶ
1375 4224 1485 4283 νυνὶ
1511 4222 1631 4303 βού-

134 4310 249 4371 λεται
270 4316 449 4393 ὀμόσαι
468 4308 504 4389 ἦ
529 4315 635 4395 μὴν
659 4314 951 4395 Εὐφίλητον
974 4317 1153 4373 τοῦτον
1182 4312 1291 4373 υἱὸν
1320 4301 1451 4371 εἶναι
1474 4314 1631 4369 αὑτοῦ

136 4399 175 4468 ἐξ
194 4405 327 4475 ἀστῆς
344 4405 431 4463 καὶ
453 4408 689 4486 γαμετῆς
710 4400 965 4482 γυναικός.
1014 4400 1103 4480 (ιο)
1132 4399 1272 4480 Πρὸς
1292 4396 1490 4467 τούτοις
1518 4398 1632 4458 τοί-

80 4499 115 4541 45
135 4510 219 4562 νυν,
242 4480 279 4550 ὦ
303 4492 471 4573 ἄνδρες
519 4490 794 4565 δικασταί,
828 4488 932 4567 ἐγὼ
960 4487 1045 4547 eni
1086 4507 1089 4509 ’
1120 4511 1241 4548 ανον
1274 4485 1367 4565 μὲν
1398 4508 1633 4567 τρισκαι-

138 4575 335 4651 δεκαέτης
350 4577 441 4657 ὧν,
456 4579 635 4659 ὥσπερ
658 4578 748 4637 καὶ
773 4577 930 4659 πρότε
964 4600 1019 4635 ον
1046 4599 1071 4635 ε
1092 4600 1210 4650 πον,
1238 4572 1322 4635 ὅτε
1345 4566 1489 4642 οὗτος
1520 4574 1631 4654 376-

140 4684 249 4735 νετο,
273 4664 459 4741 ἕτοιμος
484 4668 529 4725 δ’
551 4664 659 4744 εἰμὶ
691 4664 881 4743 ὀμόσαι
972 4662 1076 4740 μὴν
1111 4662 1407 4744 Εὐφίλητον
1432 4661 1633 4721 τουτονὶ

144 4748 315 4832 ἀδελφὸν
340 4742 465 4813 εἶναι
482 4757 711 4832 ἐμαυτοῦ
738 4752 1070 4832 ὁμοπάτριον.
1150 4746 1352 4824 Ὥστε,
1379 4738 1423 4807 ὦ
1456 4748 1634 4829 ἄνδρες

146 4832 366 4914 δικασταί,
394 4840 602 4907 δικαίως
624 4838 687 4899 ἂν
714 4838 937 4907 καὶτοὺς
957 4838 1237 4920 ἡμετέρους
1256 4835 1439 4917 ὅρκους
1460 4859 1631 4896 πιστο·

92 4936 129 4981 u
146 4920 279 5001 τίρους
296 4927 539 5001 νομίζοιτε
566 4926 733 4999 ἢτοὺς
760 4926 956 4987 τούτων
985 4925 1169 5005 λόγους
1182 4948 1198 4963 ·
1224 4924 1377 5001 ἡμεῖς
1408 4922 1503 4999 μὲν
1529 4922 1631 5005 γὰρ

152 5008 327 5087 ἄκριὸῶς
345 5014 523 5083 εἰδότες
564 5014 752 5092 ὀμόσαι
788 5014 907 5095 περὶ
947 5015 1103 5073 αὐτοῦ
1130 5012 1383 5090 ’θέλομεν,
1410 5002 1550 5071 οὗτοι
1576 5010 1632 5070 δὲ

152 5100 275 5157 ταῦτα
306 5102 569 5175 ἀκηκοότες
594 5101 738 5186 παρὰ
762 5107 868 5163 τῶν
898 5100 1079 5162 τούτου
1123 5099 1389 5181 διαφόρων,
1423 5097 1457 5171 ἢ
1486 5096 1633 5159 αὐτοὶ

154 5184 405 5259 πλάττοντες
426 5189 651 5271 λέγουσι.
736 5192 824 5273 (ιι)
856 5189 997 5271 Πρὸς
1037 5189 1093 5249 δὲ
1131 5187 1354 5262 τούτοις,
1379 5177 1423 5247 ὦ
1454 5186 1633 5268 ἄνδρες

158 5266 371 5354 δικασταί,
406 5280 553 5359 ἡμεῖς
581 5278 675 5359 μὲν
698 5278 814 5347 τοὺς
850 5280 1106 5359 συγγενεῖς
1129 5275 1395 5359 μάρτυρας
1433 5274 1524 5336 καὶ
1544 5273 1631 5335 ἰπὶ

1722 734 1848 785 enim
1868 734 2013 797 hujus
2035 737 2188 785 mater
2210 735 2315 786 erat
2329 734 2572 786 sororibus
2591 736 2780 787 nostris.
2842 736 3008 787 soient
3020 737 3182 786 nutem
3203 741 3276 786 ut·

1717 839 1984 903 plurimum
2015 840 2142 891 inter
2170 854 2222 893 se
2243 840 2468 892 dissidere
2497 854 2706 893 noverca
2736 843 2786 892 et
2815 840 3036 906 privigni.
3101 842 3277 905 ltaque

1718 946 1757 998 si
1778 948 1912 998 hunc
1936 962 1994 998 ex
2023 948 2119 999 aiio
2149 948 2254 1000 viro
2283 962 2490 999 noverca
2509 950 2819 1014 suscepisset,
2851 952 2902 1000 et
2931 963 3030 1000 non
3051 962 3080 999 e
3109 950 3274 999 nostro

1716 1038 1852 1101 patre
1865 1074 1879 1101 ,
1908 1051 2158 1102 nunquam
2179 1050 2320 1102 sane,
2342 1037 2557 1102 judices,
2580 1052 2768 1090 sorores
2792 1041 3068 1103 paterentur
3088 1040 3138 1089 et
3163 1052 3274 1103 per-

1722 1142 1999 1207 mitterent,
2027 1144 2084 1193 ut
2109 1156 2222 1195 eum
2247 1144 2459 1208 ipsarum
2477 1144 2702 1209 coniuges
2721 1144 2995 1195 testimonio
3016 1156 3105 1195 suo
3128 1144 3272 1208 juva-

1720 1249 1844 1298 rent.
1910 1249 1980 1311 (6)
2021 1252 2186 1313 Neque
2222 1249 2370 1300 etism
2403 1250 2673 1300 avunculus
2696 1251 2878 1313 noster,
2915 1249 3000 1313 qui
3035 1262 3150 1299 cum
3182 1248 3278 1299 hoc

1718 1355 1865 1405 fratre
1894 1357 2064 1406 nostro
2098 1356 2184 1419 (ex
2211 1356 2303 1405 alia
2338 1358 2494 1405 matre
2529 1357 2806 1419 procreato)
2841 1368 3147 1420 nequaquam
3191 1368 3275 1405 co-

1718 1464 1889 1524 gnatus
1910 1464 2007 1525 est,
2043 1462 2186 1512 mtri
2218 1461 2322 1524 eius
2351 1462 2526 1513 falsum
2567 1462 2782 1527 praebere
2829 1464 3156 1514 testimonium
3186 1475 3276 1513 vo-

1720 1567 1883 1618 luisset
1897 1606 1914 1633 ,
1943 1581 2040 1632 quo
2075 1568 2307 1619 damnum
2349 1582 2438 1620 nos
2464 1569 2646 1633 insigne
2679 1582 2982 1633 caperemus,
3023 1572 3276 1621 externum

1720 1674 1851 1724 hunc
1885 1674 2084 1726 fratrem
2118 1675 2258 1725 nobis
2289 1674 2586 1725 asciscentes.
2683 1676 2746 1725 Et
2782 1676 3014 1738 praeterea
3049 1674 3156 1738 quis
3187 1687 3273 1724 ve-

1719 1781 1876 1831 strum
1919 1781 2138 1833 salsitatis
2174 1783 2344 1845 arguat
2389 1782 2518 1831 hunc
2551 1782 2865 1833 Demaratum
2884 1816 2902 1844 ‚
2951 1784 3275 1845 Hegemonem

1718 1887 1867 1950 atque
1907 1887 2262 1937 Nicostratum?
2301 1886 2388 1950 qui
2425 1886 2636 1949 primum
2670 1884 2866 1951 quidem
2900 1885 3018 1937 nihil
3060 1898 3276 1950 unquam

1719 1999 1863 2063 turpe
1898 1999 2141 2063 fecerunt,
2165 1998 2337 2050 deinde
2357 2012 2475 2050 vero
2489 2035 2506 2062 ,
2541 1997 2798 2063 propinqui
2832 2010 2986 2061 quum
3013 1996 3153 2047 nobis
3183 1994 3278 2046 sint

1720 2117 1781 2154 ac
1810 2104 1960 2168 probe
2001 2117 2091 2155 nos
2129 2104 2294 2154 norint
2311 2142 2327 2167 ‚
2353 2116 2522 2155 omnes
2555 2103 2670 2153 huic
2699 2100 2954 2166 Euphileto
2985 2099 3278 2165 cognationis

1720 2222 1821 2261 siiae
1838 2208 2166 2261 testimonium
2177 2208 2430 2261 dederunt.
2465 2206 2534 2271 (7)
2553 2210 2722 2271 itaque
2737 2206 2940 2259 libenter
2959 2206 3277 2271 egravissimo

1721 2316 2104 2369 adversariorum
2123 2328 2420 2379 quoererem,
2443 2328 2507 2367 an
2523 2314 2716 2366 aliunde
2731 2328 2881 2379 quam
2899 2328 2962 2365 ex
2983 2314 3083 2378 his,
3101 2312 3279 2379 quibus

1722 2435 1811 2473 nos
1842 2420 2154 2485 Euphiletum
2169 2458 2185 2486 ,
2221 2434 2274 2472 se
2295 2420 2630 2471 Atheniensem
2661 2418 2914 2471 ostendere
2936 2420 3114 2484 posset.
3179 2420 3278 2481 Ego

1722 2536 1851 2585 certe
1878 2534 2100 2584 existimo
2114 2570 2130 2597 ,
2169 2532 2286 2583 nihil
2315 2532 2455 2583 iilum
2489 2530 2620 2582 aliud
2650 2530 2922 2601 dicturum,
2968 2542 3116 2594 quam
3147 2526 3278 2592 quod

1722 2642 1875 2691 mater
1893 2639 2014 2697 civis
2025 2640 2088 2692 sit
2103 2641 2153 2691 et
2166 2641 2302 2703 pater
2312 2656 2328 2702 ;
2347 2638 2575 2703 quodque
2592 2652 2708 2689 vera
2725 2638 2814 2688 ista
2833 2637 3032 2699 diceret,
3051 2636 3280 2697 cognatos

1723 2743 1953 2794 daturum
1972 2758 2075 2795 esse
2091 2746 2252 2795 testes.
2301 2744 2369 2808 (8)
2389 2745 2451 2795 Et
2469 2758 2622 2809 quum
2636 2746 2724 2809 ipsi
2740 2745 2790 2795 in
2809 2745 2894 2795 tali
2911 2744 3124 2809 periculo
3145 2756 3174 2793 a
3191 2756 3278 2793 vo·

1721 2849 1795 2900 bis
1806 2886 1822 2913 ,
1839 2849 2026 2913 judices
2040 2886 2056 2911 ,
2077 2850 2272 2914 petituri
2289 2852 2449 2901 essent
2465 2851 2520 2900 ut
2537 2850 2813 2914 propinquis
2825 2850 2986 2913 potius
3008 2850 3107 2899 suis
3128 2860 3278 2912 quum

1722 2956 2004 3007 adversariis
2023 2956 2168 3007 fidem
2201 2956 2439 3007 haberetis
2467 2976 2480 3007 ε
2513 2956 2652 3006 nobis
2687 2956 2780 3007 ista
2807 2969 2940 3006 nunc
2973 2954 3136 3006 omnia
3156 2967 3276 3018 proe-

1721 3060 1958 3111 stantibus
1972 3098 1988 3125 ,
2011 3063 2175 3125 petent
2201 3063 2257 3113 ut
2274 3062 2488 3125 ipsorum
2509 3060 2806 3112 sermonibus
2823 3059 3010 3123 potius,
3029 3071 3176 3121 quam
3197 3070 3275 3120 pa·

1722 3165 1785 3215 tri
1809 3164 2065 3229 Euphileti,
2089 3164 2207 3215 mihi
2229 3168 2279 3216 et
2312 3166 2446 3215 fratri
2485 3167 2536 3216 et
2573 3164 2833 3216 curialibus
2874 3177 2933 3214 nc
2975 3163 3064 3213 toti
3099 3166 3276 3213 nostrae

1722 3273 1988 3337 cognationi
2007 3273 2244 3325 credatur.
2261 3272 2354 3325 Sed
2367 3272 2417 3323 hi
2442 3273 2574 3323 nulla
2600 3274 2649 3323 in
2665 3287 2716 3324 re
2729 3273 3046 3337 periclitantes
3059 3272 3275 3336 propria·

1720 3390 1832 3427 rum
1848 3376 2206 3428 inimicitiarum
2236 3390 2382 3428 causa
2419 3381 2600 3441 agunt3
2627 3390 2716 3428 nos
2733 3392 2850 3429 vero
2877 3392 2984 3429 reos
3005 3392 3093 3429 nos
3109 3391 3277 3428 omnes

1720 3482 2062 3533 constituentes
2075 3484 2410 3533 contestamur.
2429 3482 2496 3547 (9)
2510 3488 2576 3533 Ae
2583 3484 2759 3546 praeter
2772 3482 3062 3545 testimonis,
3073 3481 3274 3545 iudices,

1720 3586 1932 3649 primum
1945 3586 2140 3650 quidem
2157 3587 2399 3651 Euphileti
2417 3590 2589 3650 mater,
2604 3600 2750 3650 quam
2761 3587 2812 3638 hi
2823 3588 3112 3637 confitentur
3123 3590 3277 3649 ipsam

1721 3705 1848 3757 esse,
1859 3694 2188 3756 juramentum
2210 3692 2374 3756 iurare
2391 3692 2611 3755 volebat,
2627 3704 2788 3742 coram
2811 3691 2991 3741 arbitro
3005 3691 3054 3741 in
3081 3690 3274 3741 dicaste·

1720 3798 1792 3849 rio
1810 3799 1869 3849 ad
1906 3799 2210 3865 Delphinium
2235 3799 2354 3861 sito,
2374 3798 2504 3848 hunc
2521 3798 2734 3862 profecto
2759 3796 3067 3860 Euphiletum
3097 3809 3158 3845 ex
3176 3794 3277 3859 ipsa

1722 3904 1771 3953 et
1805 3906 1944 3967 patre
1978 3904 2142 3955 nostro
2177 3902 2396 3967 genitum
2434 3914 2551 3952 esse.
2615 3902 2762 3964 Atqui
2796 3912 3054 3964 quemnam
3087 3899 3277 3963 oportet

1720 4009 1891 4059 melius
1916 4021 2064 4073 quam
2091 4008 2244 4071 ipsam
2270 4008 2377 4059 hoec
2415 4006 2576 4061 omnia
2597 4005 2754 4055 scire?
2813 4004 2998 4055 Deinde
3024 4003 3159 4065 pater
3180 4014 3274 4051 no-

1719 4115 1835 4177 ster,
1848 4114 1933 4177 qui
1946 4115 2054 4177 post
2067 4114 2270 4165 matrem
2285 4111 2429 4175 huius
2441 4111 2622 4176 optime
2639 4110 2794 4160 filium
2807 4121 2949 4159 suum
2957 4120 3098 4157 nosse
3110 4105 3271 4169 debet,

1720 4218 1799 4268 hic
1824 4219 1875 4268 et
1894 4220 2012 4269 tunc
2035 4217 2191 4267 voluit
2216 4218 2264 4268 et
2287 4230 2418 4267 nunc
2448 4216 2589 4266 vobis
2616 4215 2781 4278 iurare
2796 4214 2931 4277 vult,
2959 4212 3273 4276 Euphiletum
3370 4232 3373 4235 ·

1721 4325 1851 4375 hunc
1876 4324 2032 4375 filium
2054 4336 2156 4374 esse
2177 4336 2318 4373 suum
2339 4336 2401 4373 ex
2418 4336 2470 4373 se
2488 4323 2537 4372 et
2557 4320 2770 4384 legitima
2795 4333 2950 4370 uxore
2966 4320 3271 4384 prognatum.

1722 4434 1819 4499 (ιο)
1844 4432 1919 4484 Ad
1936 4433 2040 4483 haec
2052 4468 2067 4495 ‚
2087 4430 2289 4494 judices,
2307 4444 2391 4494 ego
2410 4443 2593 4481 annum
2609 4428 2850 4479 decimum
2881 4426 3080 4477 tertium
3098 4426 3270 4490 attige-

1721 4552 1823 4589 ram
1835 4575 1851 4602 ,
1880 4536 2007 4589 sicut
2026 4536 2127 4599 iam
2159 4538 2299 4587 antea
2316 4534 2444 4598 dixi,
2469 4534 2661 4599 quando
2691 4535 2771 4584 hic
2793 4534 2936 4585 natus
2953 4533 3059 4584 est:
3083 4534 3276 4597 paratus

1721 4658 1835 4695 vero
1852 4658 1959 4695 sum
1977 4643 2114 4694 vobis
2127 4642 2314 4705 jurare,
2343 4640 2654 4706 Euphiletum
2676 4640 2873 4691 fratrem
2891 4654 2992 4691 osse
3019 4652 3184 4690 meum
3211 4651 3274 4688 ex

1720 4750 1887 4801 eodem
1919 4751 2070 4813 patre.
2136 4746 2490 4809 Quamobrem,
2519 4745 2733 4809 iudices,
2772 4744 2960 4809 aequius
2999 4744 3072 4795 est
3099 4742 3274 4795 nostris

1721 4868 1809 4906 vos
1838 4854 2126 4917 iuramentis
2159 4866 2306 4915 quam
2338 4852 2540 4903 istorum
2571 4849 2869 4901 sermonibus
2905 4850 3114 4901 credere.
3177 4848 3273 4897 Nos

1718 4960 1847 5010 enim
1874 4958 2022 5023 probe
2048 4958 2250 5009 scientes
2262 4956 2425 5019 jurare
2447 4968 2590 5019 super
2619 4956 2714 5005 hoc
2743 4955 2966 5005 volumus
2993 4972 3006 5002 z
3029 4952 3081 5002 hi
3110 4952 3271 5000 sutem

1720 5065 2009 5116 audiverunt
2025 5064 2086 5115 ab
2109 5064 2213 5126 eius
2229 5061 2512 5113 adversariis
2526 5098 2542 5123 ,
2567 5060 2646 5110 vel
2673 5059 2760 5122 ipsi
2785 5058 3054 5117 finxerunt,
3086 5067 3198 5118 quae
3218 5055 3270 5105 in

1718 5170 1930 5222 medium
1952 5170 2215 5233 proferunt.
2279 5169 2378 5232 (11)
2401 5170 2616 5229 Insuper,
2632 5162 2842 5226 judices,
2863 5174 2953 5212 nos
2970 5158 3162 5223 quidem
3183 5170 3268 5208 eo-

1718 5281 1886 5347 gnatos
1905 5278 2052 5332 testes
2072 5278 2123 5329 et
2147 5288 2312 5327 eoram
2341 5272 2532 5325 arbitris
2559 5267 2852 5335 proehuimus
2883 5268 2934 5319 et
2951 5278 3112 5317 coram
3132 5264 3270 5317 vobis
