3825 5842
542 423 651 476 102

536 573 649 608 πων
678 545 834 608 ἐστίν.
907 547 969 626 (7)
986 544 1144 607 Οὕτω
1166 543 1267 627 γὰρ
1288 543 1612 626 ἐξηρτήμεθα
1630 547 1733 603 τῶν
1759 543 1983 604 ἐλπίδων
2006 542 2098 604 καὶ

537 636 665 718 πρὸς
684 635 779 703 τὰς
807 632 1057 702 δοκούσας
1079 623 1212 693 εἶναι
1244 631 1541 702 πλεονεξίας
1575 631 1858 706 ἀπλήστως
1886 630 2095 713 ἔχομεν,

539 723 666 784 ὥστ’
691 724 797 784 οὐδ’
820 726 869 784 οἱ
887 721 1195 800 κεκτημένοι
1212 721 1331 789 τοὺς
1349 721 1623 802 μεγίστους
1653 721 1903 789 πλούτους
1927 719 2096 801 μένειν

540 813 627 874 ἐπὶ
650 812 847 880 τούτοις
874 811 1157 889 ἐθέλουσιν,
1182 813 1302 870 ἀλλ’
1334 809 1417 870 ἀεὶ
1444 815 1536 871 τοῦ
1568 809 1777 879 πλέονος
1802 809 2098 891 ὀρεγόμενοι

470 923 493 960 5
539 902 661 984 περὶ
710 905 814 961 τῶν
865 899 1202 983 ὑπαρχόντων
1238 897 1637 962 κινδυνεύουσιν.
1737 896 1915 981 Ὅπερ
1957 897 2096 969 ἄξιόν

538 994 653 1051 ἐστι
680 987 931 1062 δεδιέναι,
964 987 1041 1068 μὴ
1068 987 1158 1048 καὶ
1181 993 1269 1048 νῦν
1296 993 1448 1068 ἡμεῖς
1470 988 1642 1070 ἔνοχοι
1667 985 1936 1068 γενώμεθα
1964 985 2097 1047 ταύ-

536 1101 651 1146 ταις
668 1087 782 1146 ταῖς
800 1076 1013 1146 ἀνοίαις·
1042 1077 1110 1157 (ε)
1131 1075 1249 1137 λίαν
1270 1076 1374 1158 γάρ
1399 1075 1532 1146 τινές
1556 1099 1645 1154 μοι
1660 1077 1895 1137 δοκοῦσιν
1914 1080 2097 1157 ὥρμῆ-
2117 1072 2160 1136 b

540 1173 659 1228 σθαι
704 1167 833 1248 πρὸς
878 1166 967 1226 τὸν
1026 1165 1279 1245 πόλεμον,
1332 1164 1511 1247 ὥσπερ
1571 1167 1629 1224 οὐ
1681 1169 1787 1225 τῶν
1832 1164 2098 1245 τυχόντων

543 1253 1095 1336 συμὸεὸουλευκότων,
1164 1252 1302 1314 ἀλλὰ
1346 1258 1449 1315 τῶν
1516 1258 1643 1314 θεῶν
1694 1252 1973 1326 ἀκηκοότες
2018 1251 2099 1314 ὅτι

464 1368 515 1407 10
541 1343 939 1427 κατορθώσομεν
976 1343 1186 1404 ἅπαντα
1209 1341 1301 1402 καὶ
1338 1342 1526 1426 ῥαδίως
1551 1341 1968 1424 ἐπικρατήσομεν
1995 1347 2098 1403 τῶν

541 1439 760 1518 ἐχθρῶν.
848 1431 973 1516 Χρὴ
996 1433 1053 1493 δὲ
1078 1431 1195 1500 τοὺς
1215 1437 1333 1492 νοῦν
1358 1432 1569 1513 ἔχοντας
1586 1434 1705 1513 περὶ
1733 1429 1829 1510 μὲν
1852 1423 1925 1491 ὧν
1953 1431 2100 1493 ἴσασι

542 1525 616 1602 μὴ
650 1521 986 1604 βουλεύεσθαι
1032 1521 1335 1602 (περίεργον
1365 1521 1526 1602 γάρ),
1564 1518 1699 1580 ἀλλὰ
1735 1520 1984 1601 πράττειν
2027 1523 2098 1587 ὡς

540 1611 825 1693 ἐγνώκασι,
848 1610 970 1692 περὶ
1000 1602 1075 1670 ὧν
1102 1611 1149 1670 δ’
1171 1608 1237 1670 διν
1266 1607 1639 1691 βουλεύωνται,
1671 1607 1744 1687 μὴ
1771 1607 1996 1688 νομίζειν
2018 1611 2099 1667 εἷ-

542 1701 684 1762 δέναι
706 1699 767 1760 τὸ
795 1697 1218 1778 συμὸησόμενον,
1251 1697 1368 1756 ἄλλ’
1396 1700 1465 1766 ὥς
1492 1695 1613 1778 δόξῃ
1643 1695 1736 1775 μὲν
1764 1696 2094 1778 χρωμένους,

459 1814 507 1854 ιε
540 1793 570 1850 ὅ
600 1815 651 1850 τι
680 1789 745 1850 ἂν
782 1787 920 1869 τύχῃ
962 1785 1019 1846 δὲ
1062 1785 1427 1866 γενησόμενον,
1462 1783 1600 1846 οὕτω
1643 1787 1956 1846 διανοεῖσθαι
1981 1785 2102 1868 περὶ
2124 1805 2161 1847 c

542 1883 729 1940 αὐτῶν.
812 1879 873 1954 (ο)
901 1867 1009 1937 ’Ὧν
1037 1878 1185 1955 ὑμεῖς
1210 1873 1475 1958 οὐδέτερον
1500 1873 1785 1956 τυγχάνετε
1804 1881 2093 1953 ποιοῦντες,

541 1968 656 2029 ἀλλ’
684 1971 752 2035 ὣς
770 1956 933 2026 οἷόντε
951 1961 1397 2046 ταραχωδέστατα
1422 1962 1699 2025 διάκεισθε.
1804 1962 2096 2037 Συνεληλύ·

542 2064 665 2118 θατε
695 2055 790 2135 μὲν
816 2053 918 2136 γὰρ
944 2056 1013 2120 ὥς
1040 2052 1154 2112 δέον
1190 2055 1324 2132 ὑμᾶς
1356 2051 1408 2123 ἐξ
1435 2051 1679 2112 ἁπάντων
1707 2056 1810 2112 τῶν
1840 2051 2094 2133 ῥηθέντων

544 2143 851 2214 ἐκλέξασθαι
875 2142 936 2202 τὸ
954 2141 1240 2223 βέλτιστον,
1258 2139 1435 2223 ὥσπερ
1455 2143 1502 2201 δ’
1525 2142 1627 2216 ἤδη
1652 2145 1829 2224 σαφῶς
1854 2140 2042 2210 εἰδότες
2066 2139 2094 2200 ὃ

460 2253 513 2294 20
541 2231 801 2314 πρακτέον
848 2229 1004 2304 ἐστίν,
1056 2231 1150 2291 οὐκ
1186 2229 1378 2291 eone?
1413 2229 1617 2291 ἀκούειν
1664 2229 1803 2314 πλὴν
1837 2233 1942 2290 τῶν
1967 2229 2098 2312 πρὸς

540 2320 727 2396 ἡδονὴν
765 2316 1217 2401 δημηγορούντων.
1302 2319 1615 2397 (10)·Καίτοι
1640 2322 1900 2401 προσῆκεν
1933 2323 2095 2396 ὖμᾶς,

1516 405 2012 474 ΙΣΟΚΡΑΤΟΥΣ
2054 411 2104 472 0
2149 409 2334 473 ΠΕΡΙ
2376 412 2737 475 ΕΙΡΗΝΗΣ.

2185 553 2298 604 lius.
2363 553 2436 618 (7)
2458 553 2536 606 Sic
2569 553 2699 604 enim
2721 567 2750 606 c
2773 568 2863 620 spe
2885 555 3098 621 plerique
3117 557 3362 622 pendemus
3379 561 3424 612 et
3449 562 3638 614 inntiahili

2187 645 2452 710 cupiditate
2491 659 2681 710 rerum,
2705 661 2816 712 quae
2854 648 3064 713 aliquam
3094 649 3171 700 vel
3205 649 3354 711 injusti
3377 651 3642 719 luerispedem

2191 737 2366 790 babent
2383 775 2399 802 ,
2441 743 2676 804 tenemur,
2713 745 2852 792 utne
2881 742 3238 807 locupletissimi
3275 746 3444 809 quidem
3467 761 3536 798 sua
3555 756 3642 800 sorte

2186 831 2397 883 contenti
2421 832 2544 895 sint,
2569 831 2658 884 sed
2675 834 2726 884 in
2743 835 3036 899 appetitione
3055 837 3284 899 majorum
3303 839 3512 902 copiarum
3527 845 3643 905 parta
3733 867 3735 896 2

2187 938 2306 988 opes
2327 926 2377 975 in
2394 924 2654 977 discrimen
2673 926 2932 979 adducant.
2997 931 3058 981 Et
3071 931 3260 994 quidem
3283 933 3572 996 providendum
3585 936 3645 985 [ια

2186 1021 2277 1081 est,
2294 1032 2354 1070 ne
2377 1020 2426 1069 in
2463 1019 2669 1071 similem
2695 1035 2784 1072 nos
2815 1036 3011 1088 quoque
3040 1025 3292 1075 amentiam
3316 1025 3554 1078 incidamus.
3600 1029 3643 1090 (Β)
3733 1001 3735 1006 ¹

2186 1112 2338 1164 Nimis
2361 1112 2492 1164 enim
2527 1114 2649 1164 mibi
2681 1114 2876 1178 quidam
2895 1114 2956 1165 ad
2979 1115 3156 1168 bellum
3174 1117 3386 1168 videntur
3403 1119 3646 1180 incitati‚ma

2186 1207 2323 1271 quasi
2361 1206 2576 1272 plebeius
2615 1208 2791 1272 aliquis
2831 1211 3176 1274 consuluisset,
3215 1212 3298 1263 sed
3329 1217 3524 1278 tanquam
3564 1215 3646 1266 deus

2191 1300 2430 1363 quispiam
2466 1289 2787 1365 prosperrima
2820 1315 3030 1366 quaeque
3063 1301 3201 1353 nobis
3231 1305 3278 1354 et
3305 1303 3470 1354 facilem
3502 1305 3648 1354 hostium

2188 1393 2438 1444 victoriam
2462 1395 2776 1456 promisisset.
2843 1399 2929 1446 Est
2949 1397 3111 1447 autem
3143 1395 3436 1460 prudentium
3457 1398 3650 1456 bominum,

2187 1486 2248 1538 de
2283 1485 2359 1536 bis
2385 1500 2496 1549 quae
2515 1491 2763 1550 comperta
2784 1487 2992 1546 babent,
3019 1501 3116 1538 non
3149 1488 3400 1540 deliberare
3417 1489 3650 1554 (apertam-

2185 1591 2330 1630 neum
2345 1580 2472 1630 enim
2485 1579 2672 1644 luerit),
2684 1579 2890 1645 sedquoe
2897 1580 3391 1645 decreverintexsequi
3403 1603 3417 1644 3
3431 1582 3651 1645 quibusrem
3735 1587 3737 1590 ⁴

2185 1672 2409 1724 derebus
2429 1675 2728 1737 consultant,
2747 1688 2912 1726 earum
2940 1682 3168 1728 eventum
3199 1690 3294 1728 non
3327 1677 3648 1741 exploratumsihi
3735 1683 3737 1704 ³

2187 1779 2293 1817 esse
2327 1769 2521 1830 putare,
2560 1767 2646 1818 sed
2682 1768 2750 1818 ita
2780 1772 2992 1820 statuere
3031 1769 3237 1834 debent,
3265 1771 3418 1837 utqui
3453 1771 3653 1833 conjectura

2187 1862 2398 1924 utantur,
2435 1862 2485 1913 et
2519 1863 2804 1912 eventurum
2823 1861 2976 1914 sciant
2994 1864 3124 1928 quod
3149 1865 3246 1916 sors
3264 1865 3391 1916 ierat.
3431 1866 3487 1929 (9)
3503 1869 3653 1924 Quorum

2183 1966 2273 2003 vos
2311 1954 2535 2004 neutrum
2568 1937 2861 2017 iacitiassed
2887 1955 2939 2006 in
2979 1959 3162 2020 quanta
3193 1957 3392 2008 maxima
3427 1955 3512 2007 fleri
3545 1959 3652 2018 potest

2188 2045 2442 2096 versamini
2477 2046 2848 2109 perturbatione.
2928 2050 3051 2098 Nam
3083 2049 3153 2099 ita
3196 2049 3384 2113 quidem
3421 2047 3654 2106 convenistis,

2181 2133 2321 2198 quasi
2343 2147 2402 2186 ex
2436 2120 2649 2185 omnium
2690 2136 2940 2187 sententiis
2979 2137 3028 2187 id
3067 2137 3134 2189 sit
3173 2137 3454 2202 eligendum,
3487 2136 3590 2200 quod
3613 2134 3655 2184 ut

2183 2235 2211 2272 e
2235 2223 2478 2287 republica
2503 2225 2737 2286 maxime;
2763 2225 2834 2275 sic
2866 2229 3058 2288 autem,
3083 2229 3314 2292 tanquam
3343 2228 3450 2278 satis
3466 2228 3546 2294 jam
3561 2239 3660 2274 nore-

2185 2311 2289 2362 ritis
2319 2311 2436 2375 quld
2471 2313 2600 2362 sactu
2639 2313 2706 2364 sit
2739 2315 3004 2378 optimum,
3027 2317 3195 2368 audire
3229 2331 3322 2368 non
3353 2319 3484 2368 vultis
3509 2318 3580 2366 uisi
3603 2327 3660 2366 aas

542 2411 686 2492 εἴπερ
709 2408 995 2482 ἧὸούλεσθε
1026 2411 1198 2481 ζητεῖν
1220 2405 1281 2467 τὸ
1308 2412 1375 2488 τῇ
1402 2405 1554 2468 πόλει
1590 2406 1869 2491 συμφέρον,
1895 2409 2095 2487 μᾶλλον
2121 2396 2165 2461 d
2187 2399 2271 2462 <1⁸¹
2292 2399 2354 2450 &d
2385 2401 2585 2463 &mmm
2603 2403 2964 2454 ωὓῦὶῠῦθῐῑῑῧΐ·
3029 2406 3132 2470 (10)
3151 2407 3402 2458 Εὓῑωῖθω
3417 2405 3658 2462 (ἰθῦώᾶῑϊῦ,
3737 2456 3739 2470 .

539 2504 649 2568 τοῖς
672 2496 1081 2577 ἐναντιουμένοις
1118 2497 1230 2563 ταῖς
1261 2494 1535 2578 ὑμετέραις
1560 2494 1793 2576 γνώμαις
1818 2494 2097 2578 προσέχειν

540 2590 629 2649 τὸν
645 2594 765 2648 νοῦν
780 2589 815 2661 ἢ
829 2588 935 2656 τοῖς
947 2585 1464 2668 καταχαριζομένοις,
1486 2583 1687 2654 εἰδότας
1698 2584 1777 2644 ὅτι
1791 2589 1891 2646 τῶν
1916 2585 2096 2646 ἐνθάδε

462 2702 516 2742 25
541 2677 829 2760 παριόντων
854 2678 903 2736 οἱ
931 2673 1025 2754 μὲν
1056 2674 1091 2734 ἃ
1121 2674 1366 2755 βούλεσθε
1402 2673 1636 2753 λέγοντες
1673 2673 1864 2756 ῥᾳδίως
1893 2672 2096 2743 ἐξαπα-

539 2773 635 2826 τᾶν
666 2765 910 2826 δύνανται
952 2763 1039 2843 (τὸ
1065 2761 1167 2845 γὰρ
1198 2761 1327 2845 πρὸς
1362 2762 1517 2844 χάριν
1546 2760 1697 2843 ῥηθὲν
1730 2763 1992 2823 ἐπισκοτεῖ
2019 2766 2095 2845 τῷ

538 2860 765 2934 καθορᾶν
799 2856 933 2931 ὑμᾶς
962 2851 1022 2911 τὸ
1054 2849 1381 2932 βέλτιστον),
1405 2849 1579 2911 ὑπὸδὲ
1602 2855 1703 2911 τῶν
1729 2850 1803 2931 μὴ
1832 2851 1963 2933 πρὸς
1981 2853 2096 2924 ἡδο·

539 2943 631 3016 νὴν
660 2939 1118 3022 συμὸουλευόντων
1140 2939 1283 3000 οὐδὲν
1314 2937 1379 3000 ἂν
1403 2939 1614 3001 πάθοιτε
1642 2945 1885 3001 τοιοῦτον·
1919 2940 2010 3023 (ιι)
2035 2942 2093 3001 οὖ

539 3031 641 3116 γὰρ
662 3031 798 3091 ἔστιν
811 3029 961 3118 ,ἕως
993 3029 1053 3089 ἂν
1083 3037 1399 3109 μεταπεῖσαι
1426 3030 1684 3101 δυνηθεῖεν
1714 3033 1876 3107 ὑμᾶς,
1902 3028 1978 3108 μὴ
2005 3053 2098 3112 (ρα-

460 3149 515 3188 30
541 3119 684 3202 νερὸν
705 3117 763 3179 τὸ
794 3119 1053 3201 συμφέρον
1073 3117 1399 3190 ποιήσαντες.
1482 3117 1660 3199 Χωρὶς
1686 3116 1741 3177 δὲ
1761 3115 1958 3178 τούτων
1985 3120 2096 3186 πῶς

2188 2488 2233 2538 ei
2252 2487 2496 2553 publicam
2533 2489 2792 2542 utilitatem
2825 2471 3134 2558 spectaretis‘,
3177 2496 3401 2546 attentius
3437 2507 3510 2544 eos
3525 2491 3661 2548 audire,
3737 2521 3739 2526 ·

2187 2575 2273 2641 qul
2294 2577 2622 2630 voluntatibus
2643 2580 2818 2630 vestris
2837 2580 3170 2648 adversantur,
3189 2597 3332 2648 quam
3353 2583 3450 2634 illos
3467 2583 3536 2646 qui
3549 2594 3658 2631 assui-

2185 2667 2350 2717 tantur
2388 2666 2567 2717 omnia.
2631 2670 2731 2719 Nec
2751 2669 2881 2720 enim
2924 2670 3156 2732 ignoratis
3194 2672 3256 2723 ab
3291 2673 3362 2722 his
3393 2673 3468 2736 qui
3501 2685 3565 2730 ea,
3589 2681 3662 2732 qm

2187 2753 2357 2815 vultis,
2377 2767 2438 2805 ex
2460 2755 2556 2806 hoc
2587 2755 2696 2806 loco
2715 2757 2912 2821 dicunt,
2937 2759 3074 2810 facile
3117 2771 3210 2810 vos
3247 2773 3382 2825 posse
3411 2759 3540 2822 decipi
3575 2759 3662 2820 (nam

2184 2841 2248 2893 ad
2265 2843 2560 2908 voluptutem
2579 2844 2821 2896 audientis
2843 2847 3064 2898 instituta
3079 2850 3239 2900 oratio
3259 2849 3389 2914 quasi
3413 2847 3593 2899 tenebras
3605 2844 3663 2892 tir·

2183 2933 2452 2985 cumiundit
2465 2969 2480 2995 ‚
2501 2947 2601 2998 quo
2622 2935 2785 2986 minus
2807 2936 2855 2986 id
2879 2936 3010 3000 quod
3033 2939 3272 3002 optimum
3297 2939 3382 3000 sit,
3403 2934 3666 3003 perspiciat&

2184 3021 2247 3072 ab
2265 3021 2341 3072 bis
2358 3027 2519 3073 autem
2536 3025 2618 3088 qul
2637 3025 2932 3076 consulendo
2953 3031 3165 3077 vestram
3181 3029 3372 3092 gratiam
3389 3041 3474 3078 non
3491 3037 3668 3087 aucupan-

2184 3112 2281 3171 tur,
2299 3109 2417 3162 nibil
2441 3125 2546 3163 esse
2567 3113 2664 3163 tale
2690 3114 3021 3165 metuendum.
3059 3117 3162 3180 (tt)
3185 3118 3326 3168 Nullo
3345 3117 3463 3168 enim
3483 3112 3666 3164 modom

542 3209 605 3269 διν
637 3207 900 3289 ἅνθρωποι
926 3209 1098 3275 καλῶς
1122 3207 1381 3278 δυνηθεῖεν
1404 3205 1439 3278 ἢ
1467 3215 1639 3288 κρῖναι
1667 3205 1784 3289 περὶ
1810 3209 1913 3265 τῶν
1941 3228 2094 3285 γεγε-
2125 3225 2160 3268 e
2184 3210 2214 3247 ὓ
2231 3199 2739 3263 Βθῦῑθῦῑῗῧὸωὓθθῦἲ»
2758 3201 2871 3264 ῐῑίὸἱ,
2886 3203 3004 3266 quid
3017 3205 3274 3269 expedint,
3293 3199 3668 3256 ffldfflfimd‘·

538 3294 831 3375 νημένωνῆ
874 3295 1251 3374 βουλεύσασθαι
1284 3294 1405 3377 περὶ
1448 3297 1553 3353 τῶν
1594 3294 1905 3373 μελλόντων,
1933 3298 1980 3355 εἰ
2017 3293 2092 3374 μὴ

537 3385 654 3453 τοὺς
674 3383 767 3464 μὲν
795 3383 974 3462 λόγους
990 3381 1107 3451 τοὺς
1132 3387 1235 3442 τῶν
1252 3381 1655 3460 ἐναντιουμένων
1680 3383 1807 3465 παρ’
1838 3382 2096 3456 ἀλλήλους

2181 3287 2506 3338 monstrarint.
2573 3291 2812 3340 Praeterea
2826 3293 2913 3353 qm
2936 3291 3036 3342 fleri
3065 3295 3230 3356 potest
3263 3297 3318 3344 ut
3349 3291 3413 3342 illi
3437 3292 3502 3342 vel
3525 3289 3668 3350 depw
3739 3307 3741 3320 ·

2183 3373 2340 3425 teritis
2362 3378 2489 3424 recte
2506 3373 2750 3437 iudicent.
2773 3375 2851 3426 vel
2873 3375 2934 3427 de
2962 3377 3142 3428 suturis
3175 3379 3427 3443 prudenter
3445 3378 3667 3430 deliberati,

440 3491 504 3542 16
512 3473 843 3547 ιέξετάζοιεν,
872 3472 1020 3532 αὐτοὶ
1044 3471 1097 3531 δὲ
1128 3471 1311 3540 αὖτοὺς
1337 3470 1534 3540 κοινοὺς
1558 3470 1868 3555 ἀμφοτέροις
1894 3477 2091 3554 ἀκροα-
2119 3493 2156 3535 a
2183 3462 2276 3513 ”¹⁸¹
2295 3464 2556 3513 ⁰⁰¹²¹¹²fl⁸⁸
2569 3463 2694 3513 inter
2715 3477 2768 3513 ὅθ
2783 3465 2990 3516 ”⁶⁰⁰3
3009 3467 3260 3518 0⁰¹¹f0f⁸¹¹⁸
3279 3471 3330 3520 03
3349 3480 3498 3532 ae‘1¹¹⁰‘
3511 3465 3670 3525 ”W

459 3587 511 3626 as
538 3562 631 3630 τὰς
653 3561 1008 3643 παράσχοιεν;

622 3671 692 3715 12.
735 3649 1011 3728 Θαυμάζω
1040 3647 1093 3708 δὲ
1131 3652 1234 3708 τῶν
1268 3672 1324 3708 τε
1360 3648 1750 3731 πρεσὸυτέρων,
1806 3654 1851 3711 εῖ
1901 3649 2091 3730 μηκέτι

540 3738 945 3820 μνημονεύουσι,
985 3737 1077 3798 καὶ
1118 3741 1222 3798 τῶν
1266 3738 1547 3820 νεωτέρων,
1590 3743 1635 3798 εἰ
1680 3739 1898 3818 μηδενὸς
1955 3743 2090 3814 ἀκη-

537 3829 737 3901 κόασιν,
786 3826 866 3887 ὅτι
903 3825 987 3887 διὰ
1024 3824 1119 3907 μὲν
1178 3825 1295 3894 τοὺς
1350 3833 1730 3910 παραινοῦντας
1778 3825 2093 3910 ἀντέχεσθαι

536 3924 627 3992 τῆς
658 3916 861 4001 εἰρήνης
884 3915 1029 3976 οὐδὲν
1058 3914 1269 3975 πώποτε
1295 3914 1454 3977 κακὸν
1484 3915 1763 3994 ἐπάθομεν,
1793 3916 1878 3975 διὰ
1905 3917 1960 3976 δὲ
1975 3916 2091 3986 τοὺς

450 4023 507 4063 ⁴0
537 4007 723 4091 ῥαδίως
750 4005 836 4066 τὸν
861 4004 1089 4083 πόλεμον
1118 4004 1449 4086 αἱρουμένους
1489 4007 1706 4072 πολλαῖς
1734 4005 1835 4078 ἤδη
1873 4005 1965 4065 καὶ
1995 4031 2088 4083 με·

536 4097 722 4176 γάλαις
748 4096 1035 4178 συμφοραῖς
1056 4094 1451 4176 περιεπέσομεν.
1536 4085 1643 4154 ἓὨν
1672 4100 1821 4174 ἡμεῖς
1848 4094 2092 4172 οὐδεμίαν

536 4185 823 4264 ποιούμεθα
871 4182 1075 4261 μνείαν,
1120 4182 1236 4242 ἀλλ’
1276 4181 1493 4262 ἑτοίμως
1545 4181 1756 4263 ἔχομεν,
1812 4180 1976 4260 μηδὲν
2021 4183 2092 4250 εἷς

534 4273 890 4354 τοῦμπροσθεν
936 4276 1063 4349 ἡμῖν
1106 4273 1277 4340 αὐτοῖς
1312 4271 1653 4354 πράττοντες,
1699 4271 1923 4352 τριήρεις
1953 4271 2090 4342 πλη·

2179 3551 2424 3602 auditores
2440 3564 2494 3603 se
2521 3551 2798 3615 praebeant?

2247 3645 2322 3692 12.
2349 3639 2498 3692 Miror
2516 3641 2740 3705 equidem
2763 3655 2918 3706 neque
2939 3655 3078 3695 senes
3099 3644 3262 3697 adbuc
3285 3647 3533 3698 meminisse
3549 3653 3662 3704 neque

2183 3735 2508 3788 adolescentes
2535 3751 2593 3790 ex
2616 3753 2858 3804 quoquam
2887 3741 3147 3805 audivisse,
3173 3757 3262 3807 per
3283 3757 3364 3796 eos
3383 3744 3458 3809 qui
3476 3753 3608 3806 pacem
3625 3751 3674 3786 re·

2182 3840 2425 3892 linendam
2457 3853 2562 3892 esse
2595 3844 2920 3904 monuerunt,
2957 3843 3079 3895 nibil
3113 3859 3331 3909 unquam
3361 3847 3487 3898 nobis
3505 3842 3674 3894 accidiae

2180 3947 2290 3998 mali
2306 3963 2323 4011 ;
2355 3959 2440 3996 eos
2475 3948 2636 3997 autem
2672 3945 2758 4009 qui
2787 3945 2918 3996 bella
2956 3948 3139 3998 temere
3182 3949 3508 4014 susceperunt,
3537 3958 3608 3995 nos
3640 3942 3674 3990 in

2183 4052 2362 4104 multas
2375 4053 2474 4116 jam
2492 4055 2542 4104 et
2563 4064 2760 4114 magnas
2778 4051 2938 4102 clades
2955 4053 3235 4116 conjecisse.
3299 4059 3415 4113 Quae
3431 4065 3509 4103 nos
3527 4048 3676 4100 minime

2179 4154 2231 4205 iu
2245 4154 2526 4206 memoriam
2546 4167 2848 4217 revocamus,
2862 4155 2948 4206 sed
2965 4168 3116 4219 quum
3129 4157 3278 4208 rebus
3295 4157 3460 4208 nostris
3475 4168 3522 4206 ca
3539 4153 3676 4204 nune

2179 4251 2548 4317 haudquaquam
2561 4253 2854 4315 consulatur,
2875 4255 3038 4305 tamen
3053 4257 3207 4318 parati
3223 4269 3392 4307 sumus
3403 4255 3620 4305 etclassem
3635 4251 3673 4299 in

539 4368 655 4444 ροῦν
709 4360 800 4421 καὶ
846 4361 1136 4441 χρημάτων
1186 4359 1425 4442 εἰσφορὰς
1458 4365 1717 4421 ποιεῖσθαι
1747 4360 1837 4419 καὶ
1884 4361 2088 4440 βοηθεῖν
2109 4349 2153 4414 b
2177 4365 2308 4402 mare
2323 4351 2558 4404 deducere
2571 4355 2618 4402 et
2637 4351 2814 4404 tributa
2831 4355 3045 4407 conterre
3061 4361 3112 4408 et
3125 4359 3346 4409 auxiliari
3357 4361 3406 4409 et
3421 4357 3528 4408 bella
3541 4355 3672 4406 inferre

455 4481 509 4520 ῃ.
535 4451 627 4512 καὶ
666 4451 911 4527 πολεμεῖν
950 4441 1023 4517 οἷς
1058 4449 1129 4509 ἂν
1149 4449 1413 4532 τύχωμεν,
1444 4449 1621 4532 ὥσπερ
1649 4453 1705 4509 ἐν
1734 4449 1984 4532 ἀλλοτρία
2024 4453 2090 4529 τῇ

534 4540 685 4599 πόλει
714 4536 1105 4606 κινδυνεύοντες.
1193 4542 1283 4618 (1³)
1321 4539 1537 4600 Τούτων
1561 4541 1607 4598 δ’
1638 4537 1803 4598 αἴτιόν
1830 4540 1987 4612 ἐστιν,
2009 4538 2088 4596 ὅτι

537 4632 799 4709 προσῆκον
848 4630 982 4705 ὑμᾶς
1020 4625 1208 4705 ὁμοίως
1241 4627 1368 4708 ὑπὲρ
1393 4631 1495 4687 τῶν
1533 4631 1716 4687 κοινῶν
1750 4625 1930 4710 ὥσπερ
1959 4625 2091 4709 ὑπὲρ

533 4721 637 4778 τῶν
682 4714 825 4775 ἰδίων
862 4716 1191 4794 σπουδάζειν,
1235 4718 1291 4775 οὗ
1336 4713 1429 4787 τὴν
1474 4714 1636 4787 αὐτὴν
1688 4715 1902 4795 γνώμην
1945 4715 2090 4796 ἔχετε

533 4803 652 4886 περὶ
682 4807 870 4877 αὐτῶν,
892 4803 1007 4862 ἀλλ’
1026 4803 1149 4862 ὅταν
1178 4801 1273 4880 μὲν
1301 4800 1429 4884 ὑπὲρ
1450 4807 1553 4863 τῶν
1578 4803 1717 4863 ἰδίων
1750 4804 2088 4883 βουλεύησθε,

450 4920 502 4957 50
531 4897 731 4968 ζητεῖτε
782 4891 1109 4972 συμὸούλους
1148 4891 1265 4960 τοὺς
1310 4891 1520 4968 ἄμεινον
1577 4898 1887 4974 φρονοῦντας
1943 4897 2089 4971 ὑμῶν

2179 4451 2280 4503 sine
2295 4450 2568 4502 discrimine
2585 4451 2838 4514 quibusvis
2852 4490 2869 4517 ,
2883 4455 3020 4518 quasi
3038 4455 3207 4506 alienae
3231 4457 3360 4507 urbis
3375 4455 3559 4520 periculo
3569 4451 3670 4502 dimi·

2179 4566 2361 4605 cemus.
2381 4553 2478 4618 (13)
2497 4552 2650 4616 Hujus
2665 4554 2730 4604 rei
2744 4568 2890 4606 causa
2906 4557 3013 4608 baec
3031 4563 3125 4622 est,
3145 4559 3294 4623 quod,
3310 4572 3452 4623 quum
3465 4555 3672 4620 respublica

2179 4675 2274 4712 non
2293 4660 2468 4711 minori
2489 4673 2619 4712 curae
2635 4660 2774 4713 nobie
2794 4675 2901 4714 esse
2923 4665 3096 4716 debeat
3117 4679 3263 4730 quam
3300 4680 3374 4718 res
3395 4666 3579 4731 privata,
3607 4674 3674 4712 ros

2178 4773 2288 4824 erga
2305 4761 2392 4812 has
2409 4775 2506 4812 non
2529 4762 2697 4814 eodem
2719 4764 2879 4814 animo
2892 4765 3050 4817 affecti
3067 4767 3200 4830 estis,
3215 4769 3299 4819 sed
3315 4781 3454 4832 quum
3471 4763 3615 4816 rostris
3627 4760 3676 4810 de

2177 4864 2324 4916 relius
2343 4863 2617 4915 deliberatis
2635 4901 2650 4926 ,
2675 4866 2724 4915 in
2741 4867 2994 4917 consilium
3013 4867 3250 4919 adhibetis
3271 4883 3354 4920 eos
3374 4870 3452 4932 qui
3471 4861 3672 4930 prudentia

534 4987 723 5056 αὐτῶν,
751 4981 875 5042 ὅταν
923 4985 967 5041 δ·
1002 4979 1135 5062 ὑπὲρ
1172 4985 1265 5054 τῆς
1305 4979 1503 5048 πόλεως
1530 4981 1906 5055 ἐκκλησιάζητε
1927 5028 1945 5060 ’
1982 4990 2090 5051 rot<
2114 5001 2148 5042 c
2176 4964 2313 5015 vobis
2349 4966 2670 5031 antecellunt;
2695 4981 2846 5031 quum
2869 4971 3030 5019 autem
3062 4969 3124 5020 de
3146 4971 3382 5035 republica
3409 4965 3672 5020 convenistis,

534 5073 629 5152 μὲν
653 5070 897 5140 τοιούτοις
925 5075 1189 5132 ἀπιστεῖτε
1218 5069 1309 5130 καὶ
1330 5075 1584 5152 φθονεῖτε,
1614 5069 1734 5138 τοὺς
1758 5071 1811 5130 δὲ
1848 5095 2087 5154 πονηρο-
2175 5065 2352 5117 umbus
2379 5068 2574 5132 quidem
2612 5069 2829 5120 diffiditis
2856 5071 2908 5120 0¹·
2927 5069 3182 5134 infideli&
3205 5071 3558 5135 fmpmbffssf'ms
3583 5075 3670 5114 'em

530 5161 715 5232 τάτους
750 5166 853 5222 τῶν
885 5159 974 5221 ἐπὶ
1008 5160 1067 5220 τὸ
1115 5165 1261 5241 βῆμα
1294 5158 1585 5243 παριόντων
1624 5161 1864 5234 ἀσκεῖτε,
1889 5159 1983 5220 καὶ
2014 5185 2088 5220 νο-
2169 5178 2334 5217 eorum
2361 5168 2444 5230 qui
2469 5175 2750 5233 suggestum
2784 5169 3134 5233 conscendunt,
3153 5171 3301 5222 colitis
3325 5176 3376 5222 et
3395 5167 3670 5235 popularior&

532 5249 707 5336 μῖζετε
737 5249 1179 5336 δημθτῑκωτὲρθυς
1208 5239 1338 5312 ἐἷναί
1377 5247 1494 5317 τοὺς
1522 5249 1801 5330 μεθύοντας
1836 5250 1941 5308 τῶν
1991 5273 2084 5328 νη·
2163 5283 2271 5325 esse
2293 5269 2470 5325 ducitis
2492 5271 2650 5324 ebrios
2681 5285 2824 5342 quam
2853 5272 3040 5326 sobrios
3057 5309 3072 5336 ,
3111 5278 3161 5325 et
3197 5277 3402 5324 amentes
3419 5283 3547 5336 quam
3569 5267 3663 5318 bene
