3825 5842
107 466 276 548 (ιε-ιι)

638 594 972 644 namma,

159 752 215 791 ει.
255 731 361 794 Πῶς
381 716 462 785 οὖν
487 724 548 782 ἄν
569 746 648 791 τις
670 719 984 803 σαφέστερον
1011 718 1268 799 ἐξελέγχοι
1286 719 1582 800 ψευδομαρ-

102 824 242 897 affor
263 816 442 875 διώκων
471 812 506 884 ἢ
539 810 600 871 ἔκ
638 834 696 870 τε
721 814 824 868 τῶν
848 807 1228 887 πεπραγμένων
1259 810 1430 874 αὐτοῖς
1463 802 1584 865 τού-

101 930 176 969 τοις
196 899 492 961 ἐπιδεικνύων
511 898 602 958 καὶ
631 900 692 957 ἐκ
715 901 818 956 τῶν
848 896 1021 975 νόμων
1048 893 1294 955 ἁπάντων
1321 898 1424 953 τῶν
1453 897 1584 970 ἠμε-

101 996 244 1070 tipum
285 980 301 995 ⁴

161 1080 264 1159 Περὶ
285 1076 369 1155 μὲν
392 1066 476 1136 οὗν
493 1074 678 1135 τούτου
710 1073 895 1155 σχεδὸν
929 1072 1132 1155 εἴρηται
1155 1068 1223 1131 τὰ
1257 1070 1442 1130 πολλά·
1467 1066 1585 1129 σκέ-

101 1174 228 1247 εξοιιιιθε
253 1167 300 1225 δὲ
323 1165 406 1223 καὶ
427 1164 546 1244 περὶ
573 1168 664 1221 τοῦ
689 1162 893 1242 ἔχοντος
921 1160 1015 1231 τὴν
1046 1158 1324 1239 ἀδελφιδῆν
1353 1155 1448 1229 τὴν
1469 1154 1585 1215 τού-

103 1280 168 1313 του
189 1263 402 1333 γυναῖκα,
433 1250 522 1309 ἐὰν
547 1249 651 1331 ἄρα
673 1274 726 1309 τι
751 1250 965 1328 γένηται
986 1248 1078 1307 καὶ
1106 1250 1166 1306 ἐκ
1185 1246 1368 1305 τούτου
1388 1242 1588 1320 τεκμή-

105 1366 182 1421 ριον
211 1348 268 1409 ὡς
309 1342 410 1399 ἔστι
447 1340 624 1451 grew-'h'
659 1338 727 1396 τὰ
784 1334 1227 1417 μεμαρτυρημένα
1275 1332 1582 1412 Νικοδήμῳ.

106 1432 172 1509 (as)
196 1430 271 1497 Ὡς
310 1428 394 1506 μὲν
422 1452 510 1487 ων
539 1426 852 1506 ἕνεγυήσατο
892 1424 982 1483 καὶ
1020 1423 1208 1483 ἔλαὸεν
1246 1427 1316 1489 ὡς
1350 1412 1508 1481 οὖσαν
1537 1418 1589 1489 ἐξ

104 1518 262 1597 ἑταίρας
282 1516 366 1588 τὴν
389 1524 612 1595 γυναῖκα
629 1559 646 1588 ,
670 1514 1010 1572 ἐπιδέδεικται
1037 1511 1128 1571 καὶ
1159 1508 1587 1590 μεμαρτύρηται·

103 1610 153 1671 ὥς
167 1608 202 1664 δ’
227 1604 396 1676 ἀληθὴς
415 1610 448 1677 ἡ
476 1602 738 1685 μαρτυρία
759 1600 897 1661 ἐστὶν
917 1600 1051 1672 αὕτη
1067 1645 1084 1675 ,
1104 1604 1132 1659 ὁ
1155 1599 1420 1670 Ξενοκλῆς
1441 1596 1592 1664 αὐτὸς

101 1690 201 1772 ἔργῳ
221 1696 300 1752 οὐκ
314 1691 473 1771 ὀλίγον
493 1690 681 1771 χρόνον
699 1689 803 1761 ἤδη
826 1690 994 1761 ἀληθῆ
1015 1693 1182 1747 ταῦτα
1201 1683 1587 1766 μεμαρτύρηκε.

101 1783 232 1850 Δῆλον
259 1780 348 1860 γὰρ
368 1778 443 1838 ὅτι
457 1825 473 1858 ‚
513 1777 654 1855 εἰμὴ
683 1774 986 1855 ἐνεγεγύητο
1003 1772 1149 1857 παρὰ
1171 1779 1262 1834 τοῦ
1295 1774 1500 1835 Ἔνδίου
1523 1776 1592 1840 ὡς

99 1868 140 1935 ἐξ
152 1868 322 1947 ἑταίρας
341 1858 494 1926 οὖσαν
524 1864 620 1938 τὴν
639 1872 860 1943 γυναῖκα
878 1908 897 1942 ‚
921 1862 1080 1923 ὄντων
1111 1864 1254 1943 αὐτῷ
1273 1860 1472 1919 παίδων
1489 1860 1589 1933 ἤδη

100 1954 357 2025 τηλικούτων
393 1956 448 2013 ἐκ
473 1958 570 2025 τῆς
598 1950 870 2032 γυναικός,
904 1954 1057 2020 ζῶντι
1079 1948 1142 2008 ἃν
1169 1954 1243 2031 τῷ
1271 1948 1458 2029 Ἐνδίῳ
1485 1952 1592 2025 ἠμ-

101 2040 360 2121 φισὸήτησεν
375 2040 504 2123 ὑπὲρ
531 2045 624 2113 τῆς
654 2039 870 2119 γνησίας
900 2036 1152 2119 θυγατρὸς
1172 2040 1277 2097 τῶν
1311 2033 1589 2117 πατρῴων,

103 2130 170 2205 (ss)
194 2130 336 2197 ἄλλως
367 2154 421 2188 τε
444 2129 540 2188 καὶ
567 2126 1056 2210 παρεσκευασμένος
1085 2123 1161 2204 μὴ
1202 2125 1472 2204 ὁμολογεῖν
1497 2122 1591 2195 τὴν

101 2219 168 2271 τοῦ
198 2214 374 2275 Ἐνδίου
411 2213 627 2286 ποίησιν
663 2216 740 2293 τῷ
771 2210 966 2294 Πύρρῳ
1001 2208 1274 2290 γενέσθαι·
1310 2214 1379 2278 ὥς
1405 2208 1469 2283 δὴ
1500 2210 1594 2289 οὔχ

81 2304 312 2379 tinem-{832
344 2327 446 2371 πως
483 2300 846 2372 ἐπεσκήπτετο
871 2310 978 2368 τοῖς
1013 2298 1466 2381 μεμαρτυρηκόσιν
1507 2298 1594 2356 ἐπὶ

101 2394 148 2467 τῇ
165 2390 346 2469 διαθήκῃ
368 2396 452 2448 τοῦ
477 2388 694 2470 Πύρρου
722 2387 1126 2471 παραγενέσθαι.
1191 2388 1300 2447 Καὶ
1326 2389 1396 2453 ὡς
1425 2387 1593 2459 ἀληθῆ

101 2476 226 2551 λέγω,
253 2478 595 2555 ἀναγνώσεται
620 2482 742 2555 ὑμῖν
770 2477 864 2549 τὴν
896 2476 1183 2559 μαρτυρίαν
1211 2474 1304 2549 τὴν
1335 2496 1594 2557 μαρτυρη·

102 2568 252 2623 θεῖσαν.
272 2565 606 2643 Ἁναγίνωσκε
631 2568 820 2633 αὐτοῖς.

649 2724 984 2770 ΜΔΡΤΥΡῙΑ.

159 2874 214 2915 ⁵7.
250 2855 391 2915 Ἀλλὰ
416 2854 518 2934 μὴν
541 2854 757 2916 κάκεῖνό
783 2878 842 2934 γε
866 2856 1039 2928 δῆλον,
1067 2858 1135 2923 ὣς
1163 2857 1261 2935 οὐχ
1287 2858 1596 2937 ὁμολογοῦσι

103 2940 170 3011 τὴν
191 2948 264 3001 τοῦ
290 2944 486 3005 Ἐνδίου
511 2946 724 3018 ποίησιν
753 2944 854 3003 ὕπὸ
883 2950 974 3003 τοῦ
1003 2942 1212 3024 Πύρρου
1236 2944 1490 3022 γενέσθαι.
1516 2948 1596 3006 Οὗ

101 3028 176 3107 γὰρ
197 3030 248 3087 ἂν
269 3032 576 3113 ὑπερθέντες
602 3033 692 3092 τὸν
715 3034 1013 3091 τελευταῖον
1039 3036 1129 3091 τοῦ
1153 3029 1298 3091 οἴκου
1322 3032 1599 3111 γεγενημέ-

77 3136 164 3173 im
181 3121 466 3199 κληρονόμον
500 3120 635 3202 ὑπὲρ
658 3125 752 3193 τῆς
781 3120 1022 3199 γυναικὸς
1041 3124 1132 3179 τοῦ
1165 3118 1375 3200 Πύρρου
1403 3120 1598 3201 κλήρου

103 3204 240 3284 λαχεῖν
265 3208 350 3281 τὴν
374 3208 518 3281 λῆξιν
544 3210 774 3281 ἠξίωσαν
804 3199 964 3270 οὗτοι.
1046 3206 1112 3270 Ὁ
1141 3206 1234 3285 μὲν
1261 3206 1362 3289 γὰρ
1395 3208 1600 3291 Πύρρος

105 3294 228 3351 πλείω
251 3294 281 3367 ἢ
307 3295 491 3356 εἴκοσιν
535 3298 630 3371 ἔτη
661 3296 1025 3369 τετελεύτηκεν
1066 3296 1169 3368 ἤδη
1185 3340 1202 3369 ,
1243 3302 1272 3355 ὃ
1300 3296 1355 3355 δὲ
1393 3296 1600 3365 Ἔνδιος

105 3384 170 3437 τοῦ
191 3384 612 3462 Μεταγειτνιῶνος
641 3384 801 3463 μηνὸς
827 3382 1062 3467 πέρυσιν,
1097 3386 1148 3443 ἐν
1188 3374 1233 3465 ᾧ
1278 3384 1465 3464 ἔλαχον
1508 3390 1597 3444 τοῦ

106 3468 253 3549 κλήρου
271 3472 356 3543 τὴν
375 3473 520 3545 λῆξιν
540 3472 695 3556 τρίτῃ
717 3473 892 3553 ἡμέρα
917 3471 1098 3539 εὐθέως
1118 3463 1274 3531 οὗτοι.
1341 3475 1431 3551 (ss)
1455 3472 1523 3536 ‘O
1543 3473 1598 3532 δὲ

105 3554 222 3627 νόμος
262 3559 405 3619 πέντε
449 3564 584 3621 ἐτῶν
626 3560 826 3620 κελεύει
874 3559 1184 3619 δικάσασθαι
1227 3564 1320 3619 τοῦ
1367 3562 1560 3642 κλήρου
1580 3606 1597 3636 ,

106 3642 268 3701 ἐπειδᾶν
282 3648 564 3729 τελευτήσῃ
585 3652 616 3707 ὁ
633 3646 972 3727 κληρονόμος.
994 3648 1198 3709 Οὐκοῦν
1212 3648 1350 3706 δυοῖν
1369 3649 1434 3707 τὰ
1449 3649 1600 3731 ἕτερα

107 3736 284 3807 προσῆκε
301 3739 363 3814 τῇ
385 3736 624 3815 γυναικί,
647 3733 682 3807 ἢ
703 3739 855 3805 ζῶντι
881 3740 956 3815 τῷ
984 3734 1174 3817 Ἐνδίῳ
1206 3736 1602 3817 ἃμφισὸητῆσαι

77 3820 180 3873 ιτιῖιν
201 3822 452 3901 πατρῴων,
481 3822 517 3895 ἢ
543 3822 725 3897 ἐπειδὴ
749 3822 1126 3895 τετελευτηκὼς
1151 3815 1215 3897 ἦν
1236 3826 1263 3882 ὁ
1287 3825 1576 3899 εἰσποίητος
1584 3872 1601 3899 ,

105 3904 176 3957 τῶν
201 3912 274 3964 τοῦ
295 3911 512 3991 ἀδελφοῦ
535 3910 632 3981 τὴν
656 3908 982 3969 ἐπιδικασίαν
1005 3908 1175 3977 ἀξιοῦν
1203 3916 1478 3984 ποιεῖσθαι,
1508 3916 1601 3972 ἀλ-

103 3988 176 4055 )ως
197 4016 242 4049 τε
265 3996 347 4054 καὶ
369 4000 444 4075 εἰ,
473 3996 544 4062 ὥς
572 4020 728 4078 φασιν
749 3990 920 4077 οὗτοι,
941 3998 1193 4077 ἠγγυήκει
1220 3998 1382 4072 αὐτὴν
1406 4005 1481 4081 τῷ
1505 4002 1603 4061 Ξε-

103 4078 232 4137 νοκλεῖ
254 4086 314 4149 ὡς
339 4084 558 4162 γνησίαν
590 4084 815 4166 ἀδελφὴν
841 4077 998 4145 οὖσαν
1023 4090 1202 4147 αὑτοῦ.
1241 4090 1332 4166 (69)
1357 4088 1604 4168 Ἀκριὸῶς

103 4162 176 4242 *sip
197 4169 498 4249 ἐπιστάμεθα
523 4171 720 4239 πάντες
747 4172 828 4232 ὅτι
854 4175 1087 4255 ἀδελφῶν
1119 4173 1213 4252 μὲν
1250 4176 1456 4257 κλήρων
1483 4182 1602 4238 ἔπι-

105 4248 270 4313 amasia
289 4258 443 4317 πᾶσίν
462 4262 608 4319 ἐστιν
626 4262 772 4338 ἡμῖν,
794 4262 898 4344 ὅτῳ
921 4262 976 4321 δὲ
995 4262 1130 4345 γόνῳ
1145 4262 1384 4342 γεγόνασι
1401 4266 1604 4345 γνήσιοι

103 4341 267 4415 παῖδες,
299 4346 460 4405 οὐδενὶ
485 4348 875 4418 ἐπιδικάζεσθαι
907 4354 1012 4410 τῶν
1045 4350 1304 4434 πατρῴων
1333 4354 1602 4434 προσήκει.

107 4424 186 4482 Καὶ
207 4432 312 4509 περὶ
343 4434 540 4493 τούτων
566 4436 748 4496 οὐδένα
776 4438 924 4515 λόγον
952 4440 1203 4519 λεχθῆναι
1243 4441 1354 4499 δεῖ·
1381 4440 1605 4511 ἅπαντες

78 4510 179 4593 iffi?
201 4518 326 4593 ὃμεῖς
367 4521 457 4581 καὶ
495 4524 545 4581 οἱ
589 4524 738 4583 ἄλλοι
773 4526 983 4585 πολῖται
1025 4527 1300 4587 ἀνεπίδικα
1335 4527 1511 4609 ἔχουσι
1537 4531 1604 4590 τὰ

111 4599 261 4703 ἑαυτῶν
281 4607 483 4668 ἔκαστοι
504 4616 751 4693 πατρῷα.
855 4612 942 4693 (so)
967 4606 1127 4675 Οὗτοι
1156 4615 1324 4675 τοίνυν
1352 4619 1421 4685 εἷς
1456 4623 1605 4678 τοῦτο

114 4688 262 4767 ῗῡλμης
293 4698 559 4776 ἀφιγμένοι
597 4699 746 4773 εἰσίν,
785 4698 920 4760 ὥστε
948 4707 1023 4783 τῷ
1055 4700 1148 4779 μὲν
1193 4704 1472 4785 εἰσποιήτῳ
1511 4710 1606 4766 οὔκ

117 4774 266 4849 ἔφασαν
299 4786 702 4847 ἐπιδικάσασθαι
723 4790 1003 4870 προσήκειν
1032 4794 1134 4850 τῶν
1163 4790 1430 4867 δοθέντων,
1463 4798 1525 4872 τῇ
1552 4794 1604 4854 δὲ

121 4860 250 4963 ῬΞὶῃ,
278 4870 337 4944 ἤν
363 4897 488 4955 φασι
517 4876 776 4957 θυγατέρα
803 4878 1020 4957 γνησίαν
1047 4882 1122 4959 τῷ
1157 4880 1353 4963 Πύρρῳ
1377 4884 1606 4941 καταλε-

124 4960 297 5049 Αῑξῖιθαι,
321 4962 498 5041 λαχεῖν
542 4968 638 5022 τοῦ
677 4963 777 5035 κλή
811 4988 870 5025 ου
911 4971 1001 5025 τοῦ
1045 4966 1287 5049 πατρῴου
1329 4966 1426 5039 τὴν
1461 4968 1604 5040 λῆξιν

81 5033 310 5141 ἳῇξιωσαν.
341 5049 520 5109 Καίτοι
554 5050 714 5132 (ὅπερ
750 5076 772 5111 ε
797 5076 891 5112 πον
924 5052 1014 5112 καὶ
1041 5052 1320 5135 πρότερον)
1361 5054 1472 5114 ὅσοι
1509 5056 1604 5133 μὲν

127 5135 480 5225 α’.)ιιταλίπωσι
500 5138 742 5217 γνησίους
765 5142 952 5208 παῖδας
972 5138 1024 5210 ἐξ
1052 5144 1241 5215 αὑτῶν,
1265 5144 1324 5201 οὗ
1354 5142 1606 5223 προσήκει

128 5230 202 5279 τῦις
217 5222 369 5280 παισὶν
391 5226 788 5287 ἐπιδικάσασθαι
815 5232 918 5288 τῶν
943 5227 1202 5313 πατρῴων
1220 5252 1235 5269 ·
1258 5227 1370 5291 ὅσοι
1397 5229 1449 5291 δὲ
1487 5232 1604 5291 δια-

296 5340 552 5389 onnonts.

931 457 1104 517 lsAEI
1144 456 1268 517 OB.
1315 456 1416 515 DE
1458 454 1754 515 PYnmu
1799 454 2302 515 HEREDITATE.

3113 460 3220 511 257

2232 607 2679 650 ‘ras‘rmomum

1738 728 1816 775 54.
1852 725 2107 785 Quomodo
2128 725 2231 788 jam
2250 726 2388 789 quiS,
2420 726 2609 776 actione
2634 724 2695 775 de
2728 726 2846 777 falso
2867 714 2998 777 dic'to
3026 722 3243 776 testimo·

1673 813 1753 863 nio
1778 813 1989 877 aliquem
2010 824 2301 877 persequens
2315 849 2331 876 ,
2361 813 2631 865 evidentius
2648 828 2784 865 reum
2802 816 2996 878 arguat,
3024 828 3170 878 quam
3192 821 3235 869 si

1675 900 1809 951 illum
1833 906 1882 951 et
1904 914 1969 951 ex
1994 901 2108 964 ipsis
2132 902 2277 953 rebus
2305 903 2447 965 gestis
2466 903 2591 952 etex
2608 902 2831 953 universo
2856 904 3017 954 vestro
3030 904 3140 964 jure
3162 906 3231 951 ci-

1677 986 1760 1036 vili
1775 986 2009 1035 mendacii
2030 987 2311 1037 eonvincati'

1735 1076 2002 1125 Exsecutus
2020 1075 2181 1139 itaque
2200 1089 2349 1139 quum
2364 1075 2467 1138 iam
2484 1070 2578 1127 sim
2598 1090 2769 1127 eorum
2796 1078 3025 1141 pleraque
3042 1092 3153 1141 qum
3172 1078 3232 1128 de

1675 1160 1935 1213 Nioodemo
1952 1162 2154 1213 dicenda
2180 1162 2415 1213 habebam
2429 1200 2446 1227 ,
2482 1165 2742 1215 Xenoclem
2764 1178 2959 1228 quoque
2994 1168 3203 1228 spectate
3217 1202 3231 1227 ‚

1676 1248 1762 1312 qui
1777 1252 1969 1313 neptem
1990 1250 2136 1313 hujus
2156 1264 2359 1301 uxorem
2374 1252 2547 1313 habet,
2566 1265 2685 1301 num
2705 1252 2866 1301 exilio
2888 1266 3083 1315 quoque
3106 1252 3231 1301 indi-

1677 1336 1804 1386 cium
1833 1338 1923 1399 sit,
1960 1338 2089 1387 unde
2126 1340 2313 1389 constet
2345 1338 2531 1389 dictum
2554 1352 2583 1389 a
2618 1339 2877 1390 Nicodemo
2904 1339 3231 1389 testimonium

1679 1425 1852 1475 falsum
1867 1426 2025 1476 fuisse.
2090 1427 2189 1489 (55)
2207 1426 2469 1479 Xenoclem
2484 1427 2647 1489 itaque
2660 1440 2863 1477 uxorem
2874 1428 2931 1475 ut
2942 1440 2969 1477 e
2984 1426 3233 1477 meretrice

1677 1518 1840 1564 natam
1866 1513 2152 1577 desponderi
2168 1514 2259 1565 sibi
2290 1514 2455 1567 sivisse
2477 1518 2528 1565 et
2554 1515 2818 1577 accepisse,
2842 1516 2975 1577 patet
3007 1528 3070 1565 ex
3088 1528 3229 1577 argu-

1678 1601 1852 1651 mentis
1873 1604 1923 1651 et
1956 1615 2013 1651 ex
2052 1601 2355 1666 testimonio,
2389 1602 2530 1665 cujus
2554 1603 2615 1652 de
2642 1602 2845 1652 veritate
2868 1604 3103 1654 Xenocles
3134 1603 3233 1664 ipse

1679 1692 1762 1741 per
1779 1680 1969 1743 tempus
1986 1680 2117 1731 baud
2138 1680 2379 1731 modicum
2400 1680 2544 1731 rebus
2561 1681 2675 1744 ipsis
2702 1682 2905 1731 testatus
2937 1683 3027 1731 est.
3092 1684 3233 1732 Patet

1679 1766 1836 1828 enim,
1859 1768 1951 1817 nisi
1970 1768 2203 1821 Xenocles
2230 1782 2433 1819 uxorem
2458 1769 2547 1819 sibi
2567 1770 2623 1819 ut
2652 1768 2865 1833 spuriam
2886 1768 2950 1819 ab
2974 1768 3130 1819 Endio
3154 1768 3233 1819 de·

1679 1854 1900 1917 sponderi
1930 1854 2142 1917 sivisset,
2162 1868 2357 1918 opernm
2375 1868 2487 1906 eum
2508 1855 2653 1905 fuisse
2672 1855 2904 1907 daturum
2922 1869 3071 1920 quum
3100 1856 3235 1905 liberi

1680 1942 1843 2003 eiiam
1867 1945 2026 1993 essent
2056 1956 2114 1995 ex
2144 1942 2225 1993 illa
2252 1957 2402 1994 uxore
2424 1944 2633 2007 suscepti
2660 1944 2763 2007 jam
2794 1944 2973 2006 adulti,
3002 1946 3057 1993 ut
3080 1943 3235 1993 Endio

1681 2030 1841 2079 adhuc
1869 2030 2111 2095 superstiti
2128 2032 2502 2083 controversiam
2520 2034 2737 2082 moveret
2750 2031 2813 2083 de
2830 2032 2929 2082 tilia
2948 2032 3157 2095 legitima
3178 2036 3235 2083 ut

1680 2118 1782 2171 sola
1817 2118 1990 2169 herede
2021 2118 2260 2169 bonorum
2292 2121 2465 2183 patris,
2488 2120 2601 2183 '(56)
2630 2121 2895 2183 praesertim
2924 2120 3009 2183 qui
3044 2122 3240 2183 paratus

1682 2208 1806 2257 esset
1839 2206 1975 2257 Endii
2006 2206 2365 2271 adoptationem
2395 2220 2425 2259 a
2459 2207 2645 2272 Pyrrho
2675 2222 2887 2273 unquam
2922 2206 3097 2259 factam
3128 2207 3241 2257 inti·

1683 2294 1826 2367 tiari:
1853 2296 2021 2357 utique
2034 2332 2051 2359 ,
2080 2309 2178 2360 quo
2204 2310 2313 2347 eam
2332 2296 2635 2357 infitiaretur,
2666 2297 2995 2360 exceptionem
3024 2294 3241 2346 salsitatis

1682 2384 1904 2447 opposuit
1926 2384 1985 2433 iis
2000 2385 2082 2447 qui
2104 2385 2265 2436 testati
2286 2385 2476 2435 fuerant
2498 2398 2549 2435 se
2566 2384 2836 2435 interfuisse
2852 2398 3003 2448 quum
3032 2384 3242 2447 Pyrrhus

1683 2473 2023 2523 testamentum
2040 2472 2283 2523 conderet.
2310 2477 2430 2534 Quae
2447 2486 2476 2523 a
2494 2486 2573 2525 me
2590 2486 2703 2523 vera
2715 2472 2811 2524 diei
2821 2510 2837 2536 ,
2852 2473 3073 2523 recitabit
3086 2473 3239 2523 scriba

1685 2563 1823 2615 vobis
1840 2564 2169 2615 testimonium
2182 2565 2244 2616 ab
2258 2566 2315 2616 iis
2331 2578 2453 2629 quos
2470 2564 2578 2615 dico
2592 2552 2898 2627 perhibitum.
2930 2565 3091 2616 Recita
3108 2564 3237 2629 ipsis».

2229 2730 2675 2775 'rnsnuomum

1749 2870 1826 2917 57.
1861 2867 2007 2930 Atqui
2031 2867 2174 2916 etiam
2198 2879 2259 2917 ex
2276 2868 2371 2916 hoc
2393 2868 2525 2930 patet
2550 2866 2639 2915 hos
2668 2878 2765 2915 non
2786 2877 3039 2928 agnoscere
3066 2867 3239 2915 iactam

1687 2952 1830 3004 fuisse
1847 2954 1985 3004 Endii
2007 2967 2035 3004 a
2060 2955 2241 3017 Pyrrho
2264 2954 2639 3017 adoptationem.
2678 2956 2799 3003 Nem
2822 2954 2941 3003 alias
2958 2966 3053 3002 non
3072 2957 3233 3004 trans-

1685 3043 1854 3091 euntes
1879 3041 2105 3091 heredem
2124 3042 2419 3104 postremum
2434 3079 2448 3104 ,
2478 3042 2685 3091 Endium
2702 3078 2718 3103 ,
2742 3040 3057 3091 hereditatem
3076 3043 3132 3091 ut
3156 3054 3241 3104 pa-

1687 3130 1873 3179 ternam
1889 3127 1993 3180 sive
2010 3141 2039 3178 a
2060 3129 2242 3191 Pyrrho
2262 3129 2409 3179 Philas
2430 3129 2645 3179 relictam
2658 3165 2673 3190 ,
2692 3128 2777 3178 sed
2798 3130 2855 3177 ut
2872 3128 3126 3179 fraternam
3149 3142 3236 3192 pro

1687 3217 1886 3267 muliere
1902 3217 2213 3280 postularent.
2231 3217 2347 3267 Plus
2362 3216 2488 3266 enim
2502 3228 2648 3279 quam
2662 3216 2830 3279 viginti
2844 3216 2955 3266 anni
2968 3216 3031 3265 ab
3044 3230 3241 3267 excessu

1689 3305 1858 3368 Pyrrhi
1871 3306 2107 3368 exierunt,
2124 3304 2308 3355 Endius
2320 3306 2482 3355 autem
2492 3318 2619 3355 anno
2628 3305 2859 3368 superiori
2872 3304 3071 3355 demum
3082 3318 3246 3355 mense

1689 3393 2029 3456 Metagitnione
2046 3392 2334 3456 exspiravit3
2361 3406 2457 3457 quo
2476 3394 2602 3443 facto
2614 3431 2630 3456 ,
2650 3394 2870 3456 protinus
2889 3394 3032 3444 tertio
3046 3393 3125 3444 die
3140 3396 3247 3456 post

1690 3484 1937 3545 coeperunt
1952 3481 2142 3532 veniam
2155 3482 2203 3531 in
2214 3481 2323 3543 iure
2336 3484 2495 3545 petere
2508 3482 2821 3533 hereditatem
2838 3483 3005 3545 Pyrrhi
3018 3480 3244 3534 adeundi.

1691 3578 1788 3641 (58)
1809 3579 1956 3642 Atqui
1976 3580 2056 3629 lex
2074 3580 2308 3643 praecipit,
2326 3582 2379 3629 ut
2393 3580 2558 3643 petens
2570 3578 2880 3629 hereditatem
2900 3578 3104 3641 alicuius
3120 3580 3245 3628 intra

1689 3668 2073 3733 quinquennium
2103 3668 2165 3717 ab
2202 3668 2305 3729 ejus
2339 3681 2537 3718 excessu
2572 3681 2679 3717 eam
2711 3668 2858 3730 petat.
2922 3666 3248 3717 Conveniebat

1691 3755 1852 3819 itaque
1870 3756 2059 3806 mulieri
2078 3756 2363 3806 alterutrum
2378 3756 2535 3806 facere
2546 3793 2561 3819 ,
2582 3757 2666 3805 aut
2684 3769 2797 3805 cum
2816 3756 3070 3819 superstite
3085 3755 3245 3804 adhuc

1692 3842 1844 3893 Endio
1861 3842 1923 3894 de
1941 3844 2228 3907 patrimonio
2242 3843 2530 3893 contendere
2542 3880 2556 3905 ,
2576 3844 2659 3892 aut
2677 3842 2830 3893 Endio
2852 3842 3088 3893 exstincto
3106 3842 3246 3893 here·

1689 3928 1888 3979 ditatem
1930 3929 2032 3992 ejus
2070 3932 2257 3994 petere;
2299 3931 2563 3993 praesertim
2598 3930 2639 3979 si
2672 3942 2843 3979 verum
2880 3930 2996 3992 suit,
3030 3929 3161 3991 quod
3196 3928 3247 3978 hi

1689 4022 1789 4073 prae
1818 4022 1869 4059 se
1900 4010 2059 4059 serunt
2071 4045 2088 4072 ,
2121 4022 2228 4060 eain
2264 4010 2325 4059 ab
2356 4010 2507 4060 Endio
2534 4023 2623 4073 pro
2658 4010 2867 4071 legitima
2897 4022 3059 4059 sorore
3084 4012 3246 4059 xeno·

1691 4097 1754 4147 cli
1779 4098 2061 4162 desponsam
2088 4098 2203 4148 etin
2229 4111 2400 4147 manus
2416 4097 2643 4148 traditam
2668 4098 2828 4147 fuisse.
2896 4098 2994 4161 (59)
3016 4097 3247 4147 Novimus

1691 4186 1820 4237 enim
1839 4187 1989 4249 probe
2005 4200 2093 4236 nos
2110 4198 2277 4236 omnes
2288 4223 2303 4249 ,
2328 4186 2465 4236 nobis
2482 4184 2707 4236 omnibus
2728 4186 2874 4235 licere
2892 4185 3094 4235 fratrum
3119 4184 3247 4235 here·

1693 4274 1868 4324 ditstes
1885 4275 1935 4324 in
1963 4274 2072 4337 jure
2096 4276 2283 4337 petere;
2305 4274 2482 4336 quibus
2512 4276 2673 4323 autem
2706 4275 2820 4323 natu
2846 4272 2985 4323 liberi
3012 4273 3135 4335 sint,
3158 4286 3244 4321 eo·

1692 4376 1800 4413 rum
1823 4364 1950 4413 bona
1968 4362 2015 4411 in
2034 4362 2141 4423 iure
2168 4365 2331 4425 petere
2348 4361 2527 4411 nemini
2546 4374 2742 4425 prorsus
2760 4362 2918 4411 licere.
2984 4362 3167 4410 Horum
3188 4359 3249 4411 de

1692 4451 1829 4501 bonis
1843 4450 2179 4501 controversias
2202 4450 2335 4499 locus
2358 4450 2554 4499 omnino
2580 4450 2742 4499 nullus
2760 4450 2831 4499 est
2859 4468 2871 4497 z
2898 4460 3067 4498 omnes
3089 4449 3215 4497 enim
3231 4485 3246 4510 ‚

1693 4540 1744 4588 et
1767 4552 1853 4589 vos
1874 4540 1923 4588 et
1942 4538 2111 4601 reliqui
2138 4538 2288 4600 cives,
2309 4539 2500 4601 patrum
2527 4538 2813 4600 patrimonia
2831 4538 2997 4587 tenent
3026 4536 3247 4586 inconte-

1693 4627 1897 4677 stabilia.
1968 4630 2066 4689 (60)
2091 4630 2151 4676 Et
2174 4626 2484 4677 nihilominus
2508 4627 2671 4676 tamen
2689 4626 2740 4674 hi
2754 4626 2855 4675 tam
2878 4626 2991 4674 sunt
3008 4625 3215 4674 audaces
3230 4662 3245 4684 ,

1693 4716 1749 4765 ut
1771 4714 1934 4764 dicant
1952 4714 2175 4777 adoptato
2191 4715 2387 4777 quidem
2422 4713 2518 4763 tilio
2542 4712 2667 4762 haud
2688 4712 2963 4762 convenisse
2988 4714 3043 4761 ut
3059 4712 3147 4762 sibi
3167 4726 3249 4774 per

1692 4804 2033 4853 testamentum
2062 4802 2239 4852 donata
2262 4802 2434 4865 injure
2460 4803 2643 4865 peteret
2674 4801 2945 4851 confirmari
2963 4838 2977 4863 ,
3007 4814 3095 4863 pro
3116 4800 3249 4850 Phila

1694 4893 1884 4953 autem,
1923 4903 2069 4953 quam
2097 4892 2236 4940 aiunt
2265 4904 2295 4941 a
2322 4890 2505 4954 Pyrrho
2538 4890 2684 4939 filiam
2716 4890 2969 4952 genuinam
3001 4902 3103 4939 oese
3136 4889 3247 4938 reli-

1694 4980 1841 5040 ctam,
1855 4990 1906 5028 se
1928 4978 2057 5027 recte
2070 4976 2421 5028 contentionem
2440 4990 2583 5040 super
2600 4976 2863 5027 hereditate
2876 4977 3073 5037 paterna
3092 4987 3251 5035 capes·

1693 5078 1812 5116 sere.
1878 5066 2024 5128 Atqui
2044 5064 2219 5128 (prout
2234 5066 2379 5129 paulo
2398 5066 2511 5115 ante
2530 5064 2763 5114 docebam
2780 5066 2798 5125 )
2822 5064 3095 5125 quicunque
3126 5061 3245 5110 libe-

1696 5166 1774 5203 ros
1805 5152 2039 5215 legitimos
2054 5152 2362 5216 reliquerint,
2385 5166 2551 5203 eorum
2570 5151 2707 5202 liberi
2734 5149 2863 5199 haud
2880 5148 3104 5198 tenentur
3120 5146 3245 5195 bona

1695 5242 1893 5305 paterna
1928 5240 2109 5304 injure
2143 5242 2305 5305 petere
2342 5260 2353 5291 ι
2394 5241 2436 5291 si
2470 5241 2553 5304 qul
2580 5240 2745 5291 autem
2783 5250 2868 5301 per
2904 5236 3243 5287 testamentum

2952 5344 2987 5384 ι’]
