3825 5842
185 526 388 610 (tv-⁷1)
1001 523 1170 586 lsAE1
1215 523 1336 586 oa.
1380 525 1481 589 ΒΕ
1523 524 1975 587 ΝιοοετιιΑτῐ
2020 524 2523 586 nmmum.
3246 536 3352 587 ποι

875 658 986 735 ιν.
2538 659 2637 721 1v.

115 836 150 879 ιι
281 817 456 879 ΠΕΡι
497 816 654 876 ‘ror
695 814 1240 875 ΝικοΣΤΡΑΤοΥ
1281 816 1587 875 maror
2030 817 2128 877 na
2168 814 2631 877 Nlcos‘ranl
2672 816 3155 877 REREm'rATE

735 903 1137 963 Emaoroz.
2399 912 2776 968 ammons.

777 1066 1100 1116 ΥΠΟΘΕΣΙΣ.
2370 1070 2819 1118 ARGUMENTUM.

113 1217 156 1255 ιο
177 1208 478 1272 Νικοστράτου
503 1208 552 1256 ἐν
567 1206 788 1269 ὑπερορίᾳ
800 1206 1155 1263 τελευτήσαντος
1169 1240 1184 1266 ,
1198 1206 1376 1262 Ἅγνων
1389 1204 1469 1252 καὶ
1487 1203 1720 1261 Ἁγνόθεος

230 1284 285 1335 ὡς
312 1282 441 1335 ὄντες
467 1280 654 1341 ἀνεψιοὶ
682 1278 738 1326 ἐκ
763 1277 1082 1339 πατραδέλφου
1111 1276 1465 1339 ἀμφισὸητοῦσι
1489 1280 1572 1324 τοῦ
1611 1276 1723 1334 κλή-

228 1366 302 1412 ρου
319 1350 432 1412 πρὸς
445 1349 704 1411 Χαριάδην,
722 1346 960 1410 φάσκοντα
981 1346 1269 1409 κληρονόμον
1295 1346 1437 1394 αὐτοῦ
1451 1346 1582 1405 ,εἶναι
1601 1347 1725 1395 κατὰ

229 1420 364 1480 δόσιν,
391 1420 418 1468 ὅ
437 1420 536 1468 ἐστι
553 1419 676 1467 κατὰ
698 1418 936 1475 διαθήκας.
1001 1416 1174 1473 Ἰσαῖος
1194 1416 1276 1466 οὖν
1294 1418 1321 1464 ὁ
1343 1418 1514 1480 ῥήτωρ,
1530 1419 1592 1473 ὡς
1617 1434 1725 1480 συγ-

228 1491 348 1551 γενὴς
376 1490 443 1537 ὢν
460 1494 556 1537 τῶν
577 1491 681 1551 περὶ
695 1489 772 1537 τὸν
785 1488 1020 1550 Ἅγνωνα,
1037 1488 1157 1550 λέγει
1183 1491 1448 1551 συνηγορῶν
1467 1488 1640 1543 αὐτοῖς.
1666 1488 1725 1537 Ἡ

229 1558 377 1617 στάσις
399 1558 686 1622 στοχασμὸς.

245 1696 568 1769 Ἐπιτήδειοί
583 1720 672 1775 μοι
690 1694 1051 1776 τυγχάνουσιν,
1073 1684 1117 1754 ὦ
1142 1694 1349 1777 ἄνδρες,
1372 1694 1511 1765 ὄντες
1524 1694 1724 1776 Ἄγνων

177 1811 228 1845 τε
252 1786 417 1845 οὑτοσὶ
436 1788 528 1845 καὶ
543 1784 805 1864 Ἁγνόθεος
823 1829 838 1858 ,
863 1783 954 1843 καὶ
974 1786 1001 1842 ὁ
1027 1782 1204 1865 πατὴρ
1237 1786 1410 1843 αὐτῶν
1429 1783 1504 1843 ἔτι
1534 1784 1725 1864 πρότε-

179 1898 272 1955 ρον.
353 1874 512 1941 Εἰκὸς
538 1865 625 1933 οῦν
653 1897 740 1951 μοι
768 1874 910 1932 δοκεῖ
929 1863 1178 1952 εἶναιᾸῶς
1205 1869 1268 1931 ἂν
1290 1862 1394 1939 οἶός
1424 1896 1480 1931 τε
1505 1862 1569 1947 ὦ,
1595 1896 1717 1931 συν-

117 1989 162 2027 οι
177 1968 322 2023 ειπεῖν
347 1965 546 2031 αὐτοῖς.

247 2050 374 2130 Περὶ
405 2049 500 2129 μὲν
529 2042 616 2108 οὗν
645 2052 748 2108 τῶν
773 2052 825 2108 ἐν
866 2052 932 2129 τῇ
962 2047 1211 2131 ὑπερορίᾳ
1240 2047 1578 2129 πραχθέντων
1599 2047 1718 2108 οὔτε

181 2140 432 2221 μάρτυρας
457 2138 675 2219 ἐξευρεῖν
699 2128 802 2197 οἶόν
822 2162 878 2196 τε
894 2182 911 2211 ,
935 2135 1052 2197 οὕτε
1079 2138 1195 2205 τοὺς
1223 2136 1508 2206 ἀντιδίκους
1525 2184 1542 2217 ,
1568 2138 1656 2197 ἐάν
1674 2161 1726 2197 τι

181 2228 456 2308 ψεύδωνται
474 2272 491 2305 ,
522 2226 756 2307 ἐλέγχειν
786 2226 981 2308 ῥᾴδιον,
1011 2224 1097 2283 διὰ
1125 2223 1184 2283 τὸ
1213 2222 1495 2307 μηδέτερον
1531 2225 1724 2285 τούτων

181 2318 332 2375 ἐκεῖσε
371 2318 620 2396 ἀφῖχθαι·
650 2314 718 2373 τὰ
746 2314 801 2373 δὲ
830 2313 1005 2373 ἐνθάδε
1053 2310 1426 2390 συμὸεὸηκότα
1471 2314 1608 2373 δοκεῖ
1637 2336 1724 2391 μοι

181 2404 288 2479 ὑμῖν
315 2402 470 2461 ἱκανὰ
497 2402 732 2481 γενέσθαι
758 2400 820 2460 ἂν
854 2398 1140 2480 τεκμήρια,
1170 2398 1249 2458 ὅτι
1274 2398 1498 2469 ἅπαντες
1518 2403 1565 2460 oi
1589 2400 1724 2461 κατὰ

113 2513 157 2554 ³0
181 2490 266 2563 τὴν
293 2492 434 2551 δόσιν
460 2494 562 2549 τῶν
587 2488 946 2570 Νικοστράτου
975 2487 1419 2570 ἀμφισὸητοῦντες
1454 2487 1724 2563 ἐξαπατῆ-

179 2602 258 2639 σαι
275 2582 408 2657 ὑμᾶς
433 2578 724 2659 βούλονται.
812 2578 879 2656 (a)
915 2578 1132 2653 Πρῶτον
1173 2574 1268 2654 μὲν
1295 2567 1404 2654 οὗν,
1444 2566 1488 2635 εἶ)
1515 2576 1723 2657 ἄνδρες,

177 2667 286 2747 περὶ
309 2670 402 2739 τῆς
418 2670 522 2726 τῶν
537 2664 804 2743 ὀνομάτων
827 2666 1118 2743 ἐπιγραφῆς
1142 2661 1280 2731 ἄξιόν
1302 2666 1439 2721 ἐστιν
1462 2662 1678 2733 ἐξετάσα
1687 2688 1720 2739 ι,

179 2754 260 2813 ui
285 2754 576 2837 σκέψασθαι
604 2752 840 2835 ὁπότεροι
881 2752 1232 2832 ἁπλούστερον
1281 2752 1370 2810 καὶ
1406 2751 1545 2812 κατὰ
1571 2753 1724 2835 φύσιν

179 2844 365 2917 μᾶλλον
406 2842 502 2910 τὰς
525 2841 695 2912 λήξεις
730 2840 1061 2912 ἐποιήσαντο.
1143 2838 1346 2919 ιἌγνων
1381 2840 1474 2918 μὲν
1515 2840 1617 2922 γὰρ
1645 2846 1722 2900 οὑ-

179 2930 281 2989 τοσὶ
305 2929 396 2989 καὶ
421 2928 682 3007 Ἁγνόθεος
717 2927 1083 3009 Θρασυμάχου
1126 2926 1488 3007 ἐπεγράψαντο
1515 2928 1602 2987 τὸν
1625 2932 1723 2989 Νι-

179 3018 474 3097 κόστρατον,
498 3016 589 3075 καὶ
617 3015 828 3083 ἑαυτοὺς
863 3014 1040 3095 ἐκείνῳ
1074 3015 1310 3095 ἀνεψιοὺς
1355 3014 1721 3095 ἀποφαίνουσι,

180 3106 260 3163 καὶ
289 3103 484 3164 τούτων
533 3105 800 3184 μάρτυρας
840 3103 1192 3183 παρέχονται·
1245 3104 1314 3181 (3)
1363 3101 1632 3182 Χαριάδης
1669 3101 1722 3161 δὲ

114 3211 156 3249 aa
183 3194 262 3251 καὶ
297 3200 344 3254 οἱ
367 3198 722 3261 συνδικοῦντες
762 3194 904 3273 αὐτῷ
948 3190 1183 3272 Σμίκρου
1227 3190 1320 3269 μὲν
1353 3190 1551 3271 πατρὸς
1594 3182 1724 3249 εἶναί

179 3306 296 3363 φασι
311 3283 400 3342 τὸν
421 3280 800 3362 Νικόστρατον,
823 3278 1211 3361 ἀμφισὸητοῦσι
1235 3276 1287 3337 δὲ
1317 3283 1404 3337 τοῦ
1429 3278 1722 3359 Θρασυμά-

179 3394 266 3449 χου
305 3376 418 3431 υἱοῦ
445 3372 664 3453 κλήρου.
749 3370 854 3431 Καὶ
879 3368 984 3428 οἵδε
1013 3368 1108 3446 μὲν
1137 3366 1283 3427 οὐδὲν
1324 3374 1724 3448 προσποιοῦνται

181 3460 362 3519 ἐκείνου
387 3465 482 3519 τοῦ
529 3457 780 3536 ὀνόματος
817 3456 936 3517 οὔτε
983 3454 1254 3538 γινώσκειν
1286 3454 1404 3515 οὔτε
1445 3458 1721 3537 προσήκειν

183 3550 364 3616 αὑτοῖς·
391 3546 522 3629 φασὶ
544 3546 640 3625 μὲν
670 3540 758 3605 οὖν
792 3536 924 3605 εἶναι
951 3544 1316 3627 Θρασυμάχου
1341 3544 1720 3626 Νικόστρατον,

181 3636 352 3696 τούτου
375 3636 432 3696 δὲ
459 3636 647 3714 ὁμοίως
683 3639 774 3707 τῆς
801 3633 977 3701 οὐσίας
1017 3632 1422 3715 ἀμφισὸητοῦσι.
1511 3634 1576 3711 (ι)
1618 3633 1725 3693 Καὶ

184 3728 222 3782 εἰ
247 3726 340 3801 μὲν
363 3725 420 3784 τὸ
449 3724 612 3802 ὄνομα
641 3723 892 3804 πατρόθεν
917 3722 977 3781 τὸ
1007 3722 1134 3781 αὐτὸ
1160 3720 1458 3800 ὡμολόγουν
1485 3710 1616 3779 εἶναι
1635 3727 1725 3779 τοῦ

185 3812 559 3895 Νικοστράτου,
589 3809 711 3890 περὶ
751 3808 805 3868 δὲ
832 3814 924 3867 τοῦ
961 3808 1156 3889 κλήρου
1203 3808 1360 3885 μόνου
1404 3807 1722 3889 διεφέροντο,

117 3920 158 3956 ιο
187 3902 318 3959 alfia
342 3900 404 3959 ἂν
435 3900 538 3959 ἔδει
561 3902 696 3977 ὑμᾶς
719 3896 1016 3979 σκέψασθαι
1043 3897 1160 3955 ἀλλ’
1179 3896 1228 3955 εἴ
1245 3921 1296 3955 τι
1319 3896 1511 3956 διέθετο
1537 3898 1726 3964 ἐκεῖνος

183 3990 208 4045 ὁ
241 3988 616 4070 Νικόστρατος,
645 3986 701 4044 ὃν
728 3985 1008 4069 ἀμφότεροι
1036 3986 1332 4063 ὡμολόγουν
1351 4008 1366 4023 ·
1394 3990 1482 4044 νῦν
1521 3984 1576 4043 δὲ
1616 3988 1727 4051 πῶς

181 4068 276 4133 οἶόν
295 4100 350 4135 τε
369 4082 444 4159 τῷ
471 4076 617 4156 ἀνδρὶ
642 4073 731 4135 δύο
755 4074 981 4155 πατέρας
1008 4076 1420 4155 ἐπιγράψασθαι,
1447 4078 1599 4132 τοῦτο
1626 4071 1725 4153 γὰρ

183 4165 444 4248 Χαριάδης
462 4168 745 4238 πεποίηκεν
760 4176 773 4201 ⁴
795 4162 946 4231 αὐτός
971 4186 1028 4221 τε
1054 4160 1154 4243 γὰρ
1183 4160 1343 4243 ἔλαχε
1374 4167 1466 4221 τοῦ
1489 4161 1722 4241 Σμίκρου

181 4254 561 4335 Νικοστράτου,
584 4252 780 4320 τούτοις
805 4249 860 4310 δὲ
884 4256 973 4311 τοῦ
993 4249 1357 4331 Θρασυμάχου
1378 4252 1598 4330 λαχοῦσι
1620 4273 1724 4308 πα-

185 4341 534 4419 ρακατέὸαλεν
563 4344 632 4409 ὡς
658 4340 746 4399 τὸν
786 4338 940 4399 αὐτὸν
969 4338 1114 4400 ὄντα.
1203 4340 1268 4417 (5)
1316 4336 1475 4399 Ἔστι
1515 4339 1610 4415 μὲν
1639 4327 1726 4395 οῦν

185 4428 388 4488 ἅπαντα
423 4435 588 4489 ταῦτα
616 4428 834 4510 έπήρεια
879 4426 970 4486 καὶ
1009 4423 1337 4507 παρασκευή.
1444 4424 1727 4503 Ἧγοῦνται

185 4518 279 4599 γὰρ
301 4518 537 4593 τούτους,
569 4520 738 4579 ἁπλοῦ
769 4516 862 4597 μὲν
889 4515 1032 4584 ὄντος
1059 4520 1146 4574 τοῦ
1175 4514 1482 4595 πράγματος
1503 4512 1592 4572 καὶ
1626 4537 1728 4590 μη·

117 4617 172 4663 47
191 4608 366 4685 &egid-i<
417 4610 588 4677 αὐτοῖς
627 4610 864 4688 ταραχῆς
914 4604 1309 4684 ἐγγιγνομένης,
1368 4603 1426 4661 οὗ
1484 4602 1726 4682 χαλεπῶς

189 4696 447 4765 ἐπιδείξειν
490 4695 569 4756 ὅτι
597 4694 744 4756 οὐδὲν
782 4694 1138 4774 Νικόστρατος
1183 4691 1400 4751 διέθετο·
1439 4689 1527 4749 ἐὰν
1573 4688 1726 4766 δὲμὴ

190 4782 268 4841 τὸν
285 4784 486 4865 πατέρα
510 4784 596 4844 τὸν
618 4783 772 4843 αὐτὸν
799 4774 930 4842 εἶναι
964 4786 1124 4861 φῶσι,
1146 4786 1234 4839 τοῦ
1261 4778 1315 4839 δὲ
1345 4778 1538 4858 κλήρου
1566 4774 1727 4855 μηδὲν

195 4864 335 4943 ἦττον
365 4875 782 4956 ἀμφισὸητῶσιν,
807 4870 1033 4952 ἀκριὲῶς
1057 4870 1231 4929 ἴσασιν
1261 4867 1342 4927 ὅτι
1369 4866 1567 4927 πλείονι
1586 4864 1726 4946 λόγῳ

199 4962 346 5019 εἰπεῖν
387 4959 619 5021 τουτουσὶ
649 4959 822 5031 δεήσει
860 4964 930 5027 ὡς
967 4958 1321 5037 Νικόστρατος
1363 4953 1727 5038 Θρασυμάχου

199 5037 311 5119 ἦνῆ
343 5052 416 5117 ὣς
435 5049 576 5109 οὐδὲν
613 5048 824 5108 διέθετο.
907 5047 966 5123 (6)
985 5042 1108 5106 Ἔτι
1135 5045 1190 5104 δὲ
1233 5044 1324 5104 καὶ
1364 5046 1728 5122 ὁμολογοῦντες

149 5150 170 5188 ⁵
203 5136 546 5217 θρασυμάχου
577 5136 670 5214 μὲν
700 5127 830 5194 εἶναι
867 5134 952 5194 τὸν
983 5132 1336 5214 Νικόστρατον
1361 5134 1455 5191 οὐκ
1498 5129 1559 5190 ἂν
1590 5120 1726 5208 εἶχον

207 5222 448 5300 ἐξελέγξαι
473 5224 654 5283 τούσδε
682 5227 752 5291 ὣς
791 5226 883 5281 οὐκ
911 5222 1038 5281 εἰσὶν
1084 5222 1264 5301 ἐκείνῳ
1311 5218 1538 5301 ἀνεψιοί·
1571 5217 1728 5276 ἄλλον

208 5307 254 5366 δὲ·
278 5310 474 5393 πατέρα
502 5314 574 5393 τῷ
599 5312 839 5371 τεθνεῶτι
867 5308 1334 5378 κατασκευάζοντες
1353 5310 1410 5365 οὗ
1435 5306 1585 5384 μόνον
1609 5299 1729 5379 περὶ

1815 1217 1994 1260 Mortuo
2010 1214 2058 1259 in
2073 1214 2352 1271 expeditione
2370 1215 2488 1273 apud
2508 1218 2681 1261 exteros
2708 1216 2958 1261 Nicostrato
2972 1248 2984 1269 ,
3002 1218 3189 1271 Hagnon
3207 1222 3253 1263 ct
3283 1220 3368 1261 ua·

1869 1301 2093 1357 gnotheus
2112 1301 2367 1346 consobrini
2387 1301 2611 1358 patrueles
2627 1300 2910 1347 contendunt
2927 1302 2983 1347 de
3002 1301 3245 1347 hereditate
3266 1315 3371 1347 cum

1868 1388 2095 1442 Chariadz
2106 1400 2152 1433 se
2167 1387 2375 1433 heredem
2392 1388 2507 1432 illius
2520 1388 2759 1433 donatione
2768 1388 3022 1445 profitente,
3043 1400 3125 1445 per
3139 1392 3371 1434 testamen-

1871 1480 1981 1521 tum.
2038 1479 2171 1521 isaeus
2202 1476 2350 1531 itaque
2368 1478 2535 1527 orator,
2555 1477 2711 1532 utpote
2730 1476 3087 1532 consanguineus
3118 1477 3364 1533 Hagnonis,

1875 1578 2009 1613 orans
2026 1566 2333 1622 patrocinatur
2350 1565 2451 1611 illis.
2508 1564 2579 1609 Lis
2599 1568 2665 1610 est
2682 1566 3049 1611 controversiam.

1879 1716 2079 1777 Hagnon
2102 1712 2181 1763 hic
2195 1752 2210 1776 ,
2243 1726 2273 1762 o
2297 1710 2507 1775 iudices,
2538 1712 2935 1774 Haguotheusque
2972 1710 3263 1762 familiariter
3291 1726 3370 1763 me

1814 1803 2039 1862 utuntur,
2068 1804 2117 1851 et
2136 1800 2237 1864 jam
2261 1802 2403 1849 antea
2420 1802 2554 1862 pater
2568 1812 2735 1849 eorum
2752 1813 2947 1863 quoque
2968 1813 3047 1849 me
3062 1800 3237 1863 pariter
3254 1814 3369 1853 usus

1817 1890 1924 1940 fuit.
1991 1890 2227 1947 Quocirca
2249 1888 2622 1937 consentaneum
2646 1900 2745 1937 esse
2765 1887 2885 1937 mihi
2914 1887 3123 1951 videtur,
3151 1901 3230 1938 me
3253 1902 3367 1939 cau·

1819 1990 1923 2028 sam
1942 1990 2109 2027 eorum
2132 1990 2281 2039 quam
2306 1977 2472 2039 potero
2494 1975 2846 2038 diligentissime
2868 1989 3023 2039 agere.

1876 2067 2013 2117 Foris
2033 2068 2195 2129 itaque
2222 2067 2462 2128 gestorum
2482 2066 2619 2115 extra
2646 2064 2874 2115 ditionem
2895 2066 3099 2115 Atticam
3125 2078 3283 2129 neque
3304 2066 3368 2115 te-

1815 2144 1911 2193 stes
1928 2146 2131 2206 possunt
2154 2143 2353 2193 inveniri
2366 2180 2381 2207 ‚
2406 2133 2579 2204 nedue,
2599 2143 2638 2192 si
2654 2142 2772 2205 quid
2788 2142 3046 2191 adversarii
3064 2142 3125 2191 de
3144 2142 3201 2193 iis
3231 2158 3343 2193 men
3356 2172 3370 2183 -

1814 2228 2018 2288 fiuntur,
2050 2226 2185 2277 facile
2203 2228 2275 2277 est
2302 2240 2387 2276 eos
2413 2239 2697 2289 coarguere,
2726 2224 2839 2289 quia
2858 2225 3061 2274 fratrum
3084 2239 3206 2289 quos
3226 2228 3371 2277 modo

1814 2314 2119 2363 nominabam
2137 2314 2308 2362 neuter
2326 2313 2441 2363 illuc
2458 2313 2697 2375 profectus
2710 2313 2781 2361 est
2796 2310 2897 2374 [uhi
2912 2311 3204 2361 Nicostratus
3212 2313 3369 2375 exspi-

1814 2395 1965 2460 ravit]
2006 2416 2018 2446 :
2056 2408 2165 2458 quae
2190 2396 2355 2445 autem
2394 2395 2471 2445 hic
2492 2406 2726 2456 evenere,
2758 2394 2872 2443 satis
2902 2407 2959 2443 ea
2992 2393 3112 2442 mihi
3147 2393 3371 2444 videntur

1813 2478 1983 2527 idonea
2014 2491 2119 2527 essa
2154 2477 2441 2527 documenta
2478 2490 2506 2527 e
2542 2462 2718 2539 quihus
2750 2477 2961 2539 constet,
2998 2476 3271 2539 quicunque
3310 2491 3371 2529 ex

1812 2564 1957 2615 titulo
1976 2563 2246 2613 donationis
2262 2562 2577 2613 hereditatem
2598 2562 2853 2612 Nicostrati
2875 2563 3071 2623 petunt,
3095 2574 3177 2611 eos
3204 2574 3372 2613 omnes

1815 2650 1908 2701 hoo
1927 2663 2069 2713 agere
2086 2652 2141 2699 ut
2158 2649 2297 2699 vobis
2320 2650 2584 2713 imponant.
2612 2648 2681 2709 (2)
2706 2648 2827 2697 Ante
2846 2648 3009 2696 omnia
3034 2647 3223 2710 itaque,
3237 2646 3371 2707 judi-

1813 2747 1916 2793 ces,
1936 2746 2112 2783 nomen
2129 2732 2281 2795 quaeri
2300 2745 2385 2794 par
2402 2733 2475 2781 est
2488 2729 2623 2794 quod
2637 2730 2689 2779 in
2708 2729 2886 2779 tabulis
2898 2729 3130 2792 petitoriis
3146 2730 3373 2794 utrinque

1813 2819 1995 2870 editum
2019 2820 2119 2882 est,
2148 2820 2198 2867 et
2228 2815 2478 2878 diiudicari
2502 2815 2601 2865 utri
2634 2814 2894 2877 simplicius
2916 2817 3061 2876 atque
3094 2815 3165 2864 rei
3187 2818 3372 2865 natum

1813 2906 2172 2959 convenientius
2198 2904 2511 2955 hereditatem
2544 2903 2781 2966 petierint.
2853 2904 3049 2963 Hagnon
3076 2902 3257 2951 scilicet
3292 2900 3372 2952 hic

1814 2992 1959 3051 atque
1978 2988 2286 3050 Hagnotheus
2302 2986 2429 3049 apud
2456 2985 2736 3034 archontem
2764 2982 2963 3045 professi
2992 2986 3107 3032 sunt
3129 2982 3370 3033 heredita-

1813 3070 1912 3119 tem
1932 3068 2018 3117 abs
2030 3082 2080 3117 se
2094 3067 2191 3130 peti
2206 3064 2459 3117 Nicostrati
2479 3062 2581 3125 ejus
2598 3064 2682 3125 qui
2701 3062 2824 3111 tilius
2836 3061 3173 3124 Thrasymachi
3189 3062 3368 3125 fuisset,

1815 3144 2217 3206 consobrinosque
2231 3156 2283 3193 se
2298 3141 2405 3206 ejus
2425 3154 2555 3203 esse,
2586 3142 2829 3203 testesque
2848 3138 2992 3200 hujus
3018 3138 3085 3187 rei
3107 3138 3368 3188 exhibent:

1816 3225 1884 3287 (3)
1926 3222 2183 3274 Chariades
2220 3223 2383 3271 autem
2422 3219 2621 3281 ejnsque
2654 3216 2875 3266 advocati
2918 3216 3245 3266 Nicostratum
3287 3216 3370 3279 qui

1815 3302 1985 3353 Smicri
2007 3300 2137 3350 iilius
2158 3300 2279 3349 esset
2296 3297 2635 3357 nominarunt,
2656 3297 2705 3344 et
2730 3293 3039 3343 nihilominus
3056 3292 3371 3342 hereditatem

1814 3379 1918 3441 ejus
1930 3377 2203 3438 Nicostrati,
2217 3376 2301 3439 qui
2315 3371 2655 3437 'thrasymachi
2671 3370 2799 3421 tilius
2814 3372 2917 3431 fuit,
2928 3368 3233 3435 praetendunt
3246 3369 3309 3418 ad
3321 3383 3372 3420 se

1815 3464 2068 3527 pertinere.
2090 3462 2152 3511 Et
2166 3460 2215 3509 hi
2231 3458 2446 3522 quidem,
2467 3458 2669 3519 Hagnon
2690 3457 2835 3518 atqne
2851 3454 3175 3516 Hagnotheus,
3196 3466 3370 3503 nomen

1815 3546 1935 3600 illud
1964 3546 2027 3595 ad
2058 3558 2112 3595 se
2136 3544 2397 3607 quicquam
2420 3542 2577 3592 facere
2597 3541 2867 3602 notumque
2901 3538 3014 3600 ipsis
3036 3550 3137 3587 oese
3168 3536 3341 3598 negant
3354 3553 3371 3598 ;

1814 3635 1983 3687 dicunt
2012 3632 2158 3696 igitur
2179 3630 2519 3693 Thrasymachi
2544 3628 2697 3679 tilium
2722 3640 2823 3676 esse
2855 3625 3205 3683 Nicostratum3
3229 3623 3373 3683 hujus

1815 3738 1931 3774 vero
1946 3724 2007 3774 de
2022 3722 2285 3774 hereditate
2301 3720 2499 3784 perinde
2511 3718 2820 3769 contendunt.
2840 3716 2909 3778 (4)
2924 3720 3033 3767 Jam
3048 3715 3085 3765 si
3108 3726 3281 3763 nomen
3296 3718 3370 3766 Ni-

1815 3812 2009 3861 costrati
2038 3823 2067 3860 a
2088 3812 2225 3873 patre
2256 3806 2385 3857 idem
2416 3806 2611 3868 utrique
2631 3804 2912 3863 faterentur,
2942 3802 2990 3851 et
3021 3801 3081 3851 de
3112 3800 3372 3850 hereditate

1815 3887 2117 3939 solummodo
2140 3886 2387 3936 difien-rent
2403 3922 2418 3947 ,
2438 3884 2529 3932 hac
2558 3895 2652 3931 una
2672 3880 2733 3930 de
2763 3893 2815 3929 re
2844 3892 2931 3928 vos
2962 3878 3203 3940 oporteret
3224 3876 3372 3926 disce-

1815 3971 1951 4031 ptare
1978 3965 2211 4028 quidnam
2230 3964 2280 4012 in
2302 3962 2589 4012 testamento
2608 3957 2929 4007 constituisset
2950 3955 3032 4004 iiie
3052 3954 3369 4015 Nicostratus,

1814 4046 1876 4095 de
1898 4058 1997 4108 quo
2029 4045 2224 4094 homine
2248 4042 2405 4091 ambae
2435 4040 2595 4103 partes
2624 4034 2947 4087 consentirent
2975 4054 2988 4084 ε
3015 4034 3116 4097 jam
3145 4046 3260 4081 vero
3287 4034 3371 4095 qul

1817 4124 1929 4173 licet
1956 4122 2111 4172 eidem
2134 4119 2319 4170 homini
2343 4119 2465 4167 duos
2500 4118 2660 4180 patres
2693 4114 2958 4176 imputare?
3019 4111 3075 4161 ld
3104 4110 3232 4159 enim
3261 4109 3373 4159 fecit

1817 4201 2105 4263 chariades,
2121 4200 2223 4263 qui,
2243 4198 2555 4248 hereditatem
2574 4197 2738 4260 petens
2752 4193 2853 4256 ejus
2870 4189 3121 4243 Nicostrati
3143 4189 3225 4253 qui
3246 4188 3373 4239 filius

1816 4280 1985 4332 Smicri
2010 4279 2127 4340 fuit,
2150 4278 2377 4327 adversus
2402 4276 2491 4324 hos
2518 4277 2681 4323 tamen
2702 4270 2915 4334 deposito
2942 4266 3187 4318 contendit
3211 4280 3371 4316 sacra·

1817 4365 2011 4425 mento,
2039 4360 2123 4423 qui
2150 4358 2463 4410 hereditatem
2495 4356 2667 4419 petunt
2692 4368 2723 4402 a
2744 4352 3011 4405 Nicostrato
3030 4347 3371 4411 Thrasymachi

1817 4445 1915 4495 filio
1940 4442 2180 4500 relictam;
2205 4438 2341 4502 quasi
2366 4436 2579 4487 Smicrus
2600 4436 2649 4484 et
2666 4430 3055 4495 Thrasymachus
3076 4428 3203 4478 idem
3228 4428 3371 4476 homo

1818 4523 2030 4573 fuissent.
2059 4519 2127 4583 (5)
2162 4520 2293 4568 Mera
2322 4514 2517 4577 quidem
2546 4514 2654 4562 haec
2679 4513 2751 4560 est
2781 4509 2963 4559 malitia
2990 4509 3039 4557 et
3060 4504 3368 4555 machinatio.

1817 4600 2103 4653 Existimant
2119 4596 2245 4647 enim
2260 4631 2275 4656 ,
2294 4604 2489 4642 causam
2508 4593 2549 4641 si
2566 4590 2723 4641 sinant
2738 4586 3003 4651 simplicem
3023 4597 3213 4635 manere
3230 4581 3371 4632 nihii-

1817 4692 1912 4742 que
1944 4676 2145 4727 turbelae
2177 4673 2222 4724 ei
2255 4671 2579 4731 immisceant,
2603 4666 2799 4717 difficile
2826 4666 2903 4715 his
2934 4677 3033 4713 non
3066 4663 3282 4711 futurum
3316 4661 3371 4709 ut

1816 4760 2015 4822 planum
2040 4754 2217 4804 faciant
2236 4764 2265 4801 a
2282 4749 2551 4801 Nicostrato
2570 4744 2912 4797 testamentum
2930 4740 3159 4803 scriptum
3178 4750 3370 4801 prorsus

1815 4837 2005 4886 nullum
2022 4844 2150 4883 erse:
2172 4830 2245 4880 sin
2262 4830 2423 4877 autem
2434 4828 2617 4889 patrem
2632 4820 2885 4875 Nicostrati
2898 4832 2993 4868 non
3008 4816 3211 4868 eundem
3229 4815 3367 4865 eden·

1818 4919 1890 4968 tes
1918 4912 2231 4965 hereditatem
2260 4906 2570 4958 nihilominus
2594 4904 2787 4966 petant,
2813 4898 2933 4949 certi
2962 4898 3077 4947 sunt
3104 4896 3203 4944 fore
3232 4894 3289 4942 ut
3319 4892 3367 4941 hi

1818 4996 2077 5046 verborum
2096 4990 2205 5053 plus
2226 4986 2477 5037 conterant
2495 4988 2545 5033 in
2560 4981 2774 5031 docendo
2796 4978 3121 5029 Nicostratum
3158 4973 3364 5033 Thrasy-

1817 5074 1979 5125 machi
1997 5072 2149 5122 tilium
2168 5070 2328 5128 fuisse,
2348 5078 2498 5128 quam
2518 5063 2569 5112 in
2587 5074 2663 5123 eo,
2682 5058 3005 5111 Nicostratum
3026 5052 3365 5103 testamentum

1817 5153 2007 5202 nullum
2027 5147 2282 5210 scripsisse.
2348 5143 2417 5205 (6)
2442 5140 2676 5191 Praeterea
2693 5136 2732 5187 si
2748 5133 3067 5186 Nicostratum
3092 5128 3368 5177 confiteren-

1819 5235 1899 5283 tur
1918 5224 2262 5293 Thrasymachi
2276 5224 2430 5273 filium
2444 5234 2565 5283 esse,
2578 5232 2677 5269 non
2694 5217 2884 5280 possent
2910 5212 3005 5261 hoc
3025 5221 3219 5271 arguere
3248 5220 3365 5256 con-

1819 5309 2036 5361 sobrinos
2054 5307 2143 5357 hos
2164 5304 2291 5357 illius
2308 5313 2407 5353 non
2426 5310 2526 5350 esse
2548 5316 2561 5348 ι
2582 5308 2737 5359 quum
2756 5292 2917 5342 antem
2937 5288 3162 5339 denuncio
3180 5286 3362 5349 patrem
