3825 5842
129 476 366 561 [sn-2⁴⁷]

71 612 274 683 ωσίαζόν,
301 606 402 669 οὐδ’
429 608 478 666 οἱ
505 609 776 673 τεθνεῶτες
797 604 984 674 αὐτοὺς
1009 604 1250 680 ἐλύπουν,
1285 607 1391 667 οὔδ’
1415 610 1462 669 οἱ
1495 607 1626 686 μέλ-

119 708 256 765 λοντες
276 701 662 769 ἀποθανεῖσθαι,
682 695 800 754 ἀλλ’
823 698 870 755 οἱ
899 698 1071 773 μεῖζον
1096 694 1371 773 δυνάμενοι
1393 696 1484 757 καὶ
1501 701 1632 756 θᾶσ-

123 814 188 851 σον
206 790 540 853 πλουτοῦντες.
601 784 692 865 (ιτ)
719 782 982 851 Λαὸόντες
1003 782 1103 865 γὰρ
1126 781 1219 851 τὰς
1237 784 1406 865 ἀρχὰς
1427 784 1518 843 καὶ
1535 782 1629 856 τὴν

123 877 241 937 πόλιν
265 871 565 955 ἀμφοτέροις
593 871 898 951 ἐπολέμουν,
925 879 1031 941 τοῖς
1056 895 1112 931 τε
1146 870 1426 954 τριάκοντα
1457 872 1630 931 πάντα

119 962 229 1025 aaz&
277 960 628 1043 εἰργασμένοις
659 960 752 1019 καὶ
787 964 906 1037 ὑμῖν
945 962 1119 1018 πάντα
1154 959 1299 1018 κακὰ
1327 957 1628 1021 πεπονθόσι.

121 1052 274 1115 Καίτοι
295 1055 444 1108 τοῦτο
471 1057 610 1125 πᾶσι
642 1048 797 1121 δῆλον
825 1038 908 1121 ἦν,
947 1045 1026 1106 ὅτι
1043 1048 1090 1106 εἰ
1114 1046 1210 1125 μὲν
1234 1050 1419 1107 ἐκεῖνοι
1443 1046 1633 1114 ἀδίκως

119 1142 310 1221 ἔφευγον,
327 1139 472 1214 ὑμεῖς
493 1134 736 1209 δικαίως,
753 1136 800 1194 εί
823 1136 868 1194 δ’
887 1135 1033 1211 ὑμεῖς
1050 1134 1264 1207 ἀδίκως,
1290 1138 1337 1193 οἳ
1354 1135 1630 1217 τριάκοντα

119 1228 306 1292 δικαίως·
327 1226 384 1283 οὖ
406 1222 507 1304 γὰρ
527 1223 593 1295 δὴ
613 1222 800 1304 ἑτέρων
823 1222 986 1303 ἔργων
1008 1220 1178 1282 αἰτίαν
1199 1222 1448 1292 λαθόντες
1465 1226 1524 1283 ἐκ
1541 1226 1634 1294 τῆς

65 1344 104 1383 ιι
119 1314 280 1379 πόλεως
293 1311 544 1384 ἐξέπεσον,
565 1310 700 1371 ἀλλὰ
715 1310 932 1390 τούτων,
958 1314 1047 1391 (ss)
1065 1308 1200 1371 ὥστε
1217 1310 1414 1393 σφόδρα
1427 1310 1532 1392 χρὴ
1550 1312 1632 1391 ὀρ-

119 1404 308 1484 γίζεσθαι
325 1398 400 1458 ὅτι
413 1398 624 1459 Φείδων
635 1398 854 1481 αἱρεθεὶς
862 1403 996 1477 ὑμᾶς
1013 1398 1283 1468 διαλλάξαι
1298 1398 1388 1459 καὶ
1401 1422 1636 1477 καταγα-

119 1490 219 1569 γεῖν,
231 1492 324 1547 τῶν
342 1490 511 1547 αὖτῶν
522 1485 691 1568 ἔργων
705 1486 1065 1567 Ἐρατοσθένει
1085 1495 1292 1568 μετεῖχε
1311 1487 1401 1547 καὶ
1417 1491 1483 1568 τῇ
1500 1490 1632 1568 αὐτῇ

121 1578 270 1656 γνώμῃ
285 1574 394 1643 τοὺς
423 1572 518 1653 μὲν
544 1574 811 1655 κρείττους
841 1578 1010 1634 αὑτῶν
1035 1574 1253 1655 δι’ὖμᾶς
1275 1578 1447 1643 κακῶς
1468 1582 1632 1634 ποιεῖν

121 1667 286 1743 ἕτοιμος
298 1655 374 1736 ἦν,
395 1665 518 1741 ὑμῖν
534 1662 590 1721 δὲ
609 1662 801 1730 ἀδίκως
818 1662 1090 1745 φεύγουσιν
1117 1666 1212 1723 οὐκ
1229 1662 1483 1736 ἠθέλησεν
1502 1667 1636 1722 ἀπο·-

123 1755 264 1811 &zm
287 1749 374 1822 τὴν
408 1749 582 1825 πόλιν,
607 1751 728 1809 ἀλλ’
754 1750 914 1810 ἐλθὼν
943 1754 1016 1819 εἷς
1043 1750 1412 1829 Λακεδαίμονα
1436 1750 1637 1811 ἔπειθεν

122 1840 270 1906 αὖτοὺς
287 1836 701 1917 στρατεύσασθαι
714 1884 731 1912 ,
751 1838 1049 1899 διαὸάλλων
1068 1836 1148 1899 ὅτι
1164 1842 1408 1900 Βοιωτῶν
1433 1843 1468 1911 ἡ
1489 1836 1637 1907 πόλις

63 1952 104 1993 ω
122 1924 348 2000 ἔσται,καὶ
369 1925 504 1984 ἄλλα
526 1924 698 2004 λέγων
719 1916 792 1994 οἷς
807 1924 938 2009 ᾤετο
952 1926 1148 1988 πείσειν
1171 1927 1421 2006 μάλιστα.
1446 1925 1540 2006 (ον)
1552 1927 1634 1988 Οὔ

122 2015 356 2091 δυνᾶμενος
371 2010 426 2071 δὲ
443 2010 644 2071 τούτων
658 2021 854 2093 τυχεῖν,
875 2012 978 2073 εἴτε
995 2012 1206 2074 καὶτῶν
1223 2016 1373 2094 ἱερῶν
1397 2010 1637 2090 ἐμποδὼν

122 2102 252 2163 ὄντων
273 2098 368 2160 εἴτε
387 2099 476 2159 καὶ
499 2102 679 2161 αὔτῶν
716 2104 774 2160 οὐ
808 2100 1158 2181 βουλομένων,
1191 2099 1376 2160 ἑκατὸν
1403 2098 1637 2158 τάλαντα

123 2190 398 2261 ἐδανείσατο,
409 2186 495 2248 ἵνα
508 2188 627 2269 ἔχοι
645 2189 943 2270 ἐπικούρους
957 2192 1283 2267 μισθοῦσθαι.
1307 2188 1416 2249 Καὶ
1436 2187 1640 2248 Λύσαν-

123 2281 217 2357 δρον
231 2276 441 2359 ἄρχοντα
454 2277 749 2357 ᾐτήσαντο,
761 2275 1097 2337 εὐνούστατον
1109 2274 1203 2356 μὲν
1218 2276 1341 2337 ὄντα
1353 2280 1419 2357 τῇ
1434 2278 1642 2356 ὀλιγαρ-

123 2366 226 2445 χία,
246 2363 652 2423 κακονούστατον
672 2362 726 2423 δὲ
749 2368 815 2444 τῇ
842 2364 1025 2443 πόλει,
1049 2368 1300 2443 μισοῦντα
1325 2362 1380 2422 δὲ
1409 2363 1639 2441 μάλιστα

124 2452 268 2519 τοὺςίν
279 2452 524 2533 Πειραιεῖ.
542 2454 640 2531 (σο)
655 2452 1063 2530 Μισθωσάμενοι
1074 2450 1129 2511 δὲ
1138 2451 1338 2519 πάντας
1348 2450 1643 2532 ἀνθρώπους

127 2541 193 2601 ἐπ’
203 2540 374 2621 ὀλέθρῳ
391 2545 483 2612 τ’ἤς
500 2538 729 2615 πόλεως,
745 2541 835 2601 καὶ
851 2540 1026 2609 πόλεις
1043 2540 1344 2619 ἐπάγοντες,
1366 2539 1457 2599 καὶ
1473 2542 1646 2599 τελευ-

71 2651 110 2690 a
126 2630 277 2693 τῶντες
293 2628 733 2705 Λακεδαιμονίους
753 2628 962 2687 καὶτῶν
979 2628 1276 2708 συμμάχων
1296 2625 1514 2696 ὁπόσους
1532 2626 1645 2687 ἐδύ-

129 2742 254 2778 ναντο
277 2718 472 2791 πεῖσαι,
492 2719 554 2778 οὔ
574 2717 878 2792 διαλλάξαι,
902 2719 1018 2778 ἀλλ’
1042 2718 1297 2779 ἀπολέσαι
1315 2716 1646 2799 παρεσκευά-

129 2810 244 2875 ζοντο
257 2805 342 2878 τὴν
359 2805 507 2865 πόλιν
528 2808 581 2865 εἷ
607 2806 682 2885 μὴ
705 2807 774 2865 δι’
801 2806 990 2888 ἄνδρας
1020 2806 1242 2887 ἀγαθούς
1258 2852 1274 2883 ,
1297 2798 1370 2874 οἶς
1392 2808 1538 2885 ὑμεῖς
1556 2808 1647 2879 δη·

127 2892 297 2953 >adnare
317 2891 458 2976 παρὰ
477 2898 590 2953 τῶν
617 2898 815 2975 ἐχθρῶν
835 2894 982 2969 δίκην
1008 2894 1284 2969 λαὸόντες,
1310 2893 1392 2954 ὅτι
1411 2894 1504 2954 καὶ
1523 2894 1650 2955 ἐκεί·

129 3004 208 3047 νοις
229 2980 366 3063 χάριν
381 2980 706 3042 ἀποδώσετε.
742 2982 828 3065 (οι)
850 2986 902 3043 Τ
903 2989 1038 3043 αὔτα
1057 2982 1110 3042 δὲ
1135 2983 1413 3043 ἐπίστασθε
1436 2981 1530 3060 μὲν
1558 2982 1650 3042 καὶ

130 3069 276 3146 οὗτοί,
300 3068 383 3128 καὶ
402 3060 494 3129 οἷδ’
518 3068 608 3127 ὅτι
628 3071 688 3127 οὗ
713 3071 789 3128 δεῖ
817 3069 1085 3152 μάρτυρας
1102 3070 1487 3152 παρασχέσθαι·
1509 3068 1651 3147 ὅμως

132 3156 166 3213 δ’
169 3178 182 3193 ·
211 3155 300 3234 ἐγώ
328 3178 384 3213 τε
420 3154 524 3237 γὰρ
576 3155 762 3235 δέομαι
791 3156 1223 3237 ἀναπαύσασθαι,
1250 3161 1396 3235 ὑμῶν
1428 3161 1474 3216 τ’
1503 3157 1653 3226 ἐνίοις

74 3261 112 3301 ιο
129 3242 244 3315 ἥδιον
260 3249 321 3311 ὥς
339 3244 604 3303 πλείστων
623 3242 741 3313 τοὺς
764 3243 946 3312 αὐτοὺς
967 3244 1149 3325 λόγους
1168 3244 1386 3306 ἀκούειν.

693 3426 1037 3476 ΜΑΡΤΥΡΕΣ.

193 3592 255 3633 a.
294 3572 430 3653 Φέρε
463 3570 534 3645 δ’),
577 3570 670 3630 καὶ
695 3570 816 3652 περὶ
857 3569 1198 3653 Θηραμένους
1237 3576 1306 3639 ὡς
1337 3570 1401 3632 ἂν
1423 3572 1659 3650 δύνωμαι

135 3658 202 3718 διὰ
239 3659 578 3740 βραχυτάτων
621 3657 830 3727 διδάξω.
913 3657 1114 3737 Δέομαι
1157 3657 1202 3717 δ’
1245 3662 1390 3738 ὑμῶν
1437 3662 1656 3721 ἀκοῦσαι

133 3744 242 3827 δπέρ
279 3740 324 3805 τ”
361 3751 594 3825 ἐμαυτοῦ
622 3746 714 3806 καὶ
738 3750 830 3818 τῆς
857 3745 1074 3813 πόλεως.
1157 3746 1268 3808 Καὶ
1300 3747 1482 3825 μηδενὶ
1509 3754 1659 3809 τοῦτο

135 3839 370 3917 παραστῇ,
397 3838 468 3904 ὣς
492 3834 901 3913 Ἐρατοσθένους
925 3833 1302 3904 κινδυνεύοντος
1317 3835 1663 3919 Θηραμένους

133 3926 400 4001 κατηγορῶ·
449 3921 786 4000 πυνθάνομαι
849 3920 952 4004 γὰρ
1013 3926 1180 3982 ταῦτα
1249 3923 1662 4002 ἀπολογήσεσθαι

136 4006 280 4081 αὐτόν,
313 4008 390 4067 ὅτι
419 4008 606 4089 ἐκείνῳ
645 4009 789 4091 φίλος
814 4000 878 4081 ἦν
905 4008 996 4069 καὶ
1035 4014 1138 4069 τῶν
1176 4011 1344 4068 αὐτῶν
1373 4008 1536 4092 ἔργων
1568 4022 1663 4089 με’-

71 4101 270 4177 Ιὶίῑτεῖχε.
349 4098 440 4179 (ω)
473 4095 666 4158 Καίτοι
694 4096 870 4179 σφόδρ’
901 4096 962 4157 ἂν
993 4095 1146 4157 αὐτὸν
1177 4085 1324 4175 οἶμαι
1379 4098 1514 4176 μετὰ
1552 4102 1664 4161 eea

137 4183 440 4260 μιστοκλέους
507 4185 908 4263 πολιτευόμενον
973 4190 1367 4267 προσποιεῖσθαι
1421 4186 1665 4267 πράττειν

137 4272 250 4340 &rate
269 4271 734 4349 οἰκοδομηθήσεται
761 4273 827 4332 τὰ
850 4271 1032 4354 τείχη,
1062 4271 1218 4333 ὁπότε
1255 4271 1348 4331 καὶ
1384 4273 1518 4351 μετὰ
1549 4277 1665 4347 Θη-

139 4360 356 4438 ραμένους
379 4358 520 4428 ὅπως
545 4359 994 4441 καθαιρεθήσεται.
1078 4362 1160 4422 Οὔ
1186 4360 1286 4441 γάρ
1314 4384 1404 4439 μοι
1431 4362 1667 4423 δοκοῦσιν

139 4448 232 4507 ἴσου
292 4448 419 4519 ἄξιοι
477 4450 817 4527 γεγενῆσθαι·
857 4454 886 4508 ὁ
981 4449 1035 4507 ὲν
1093 4446 1194 4529 γὰρ
1242 4444 1668 4530 Λακεδαιμονίων

143 4536 340 4598 ἀκόντων
361 4537 701 4618 ᾠκοδόμησεν
724 4537 855 4597 αὐτοί
868 4582 885 4611 ,
913 4475 1057 4606 οἶτος
1081 4536 1135 4597 δὲ
1156 4536 1275 4606 τοὺς
1301 4537 1516 4607 πολίτας
1553 4539 1669 4609 ἐξα-

145 4625 352 4699 πατήσας
395 4626 629 4686 καθεῖλε.
719 4627 809 4705 (οι)
875 4624 1226 4705 Περιέστηκεν
1273 4615 1361 4687 οὖν
1405 4631 1472 4709 τῇ
1521 4629 1670 4688 πόλει

105 4733 120 4770 ι
147 4714 403 4775 τούναντίον
430 4713 468 4787 ἢ
495 4717 568 4783 ὥς
594 4713 728 4782 εἰκὸς
749 4706 830 4788 ἦν.
910 4708 1078 4784 Ἄξιον
1103 4714 1198 4793 μὲν
1221 4714 1322 4798 γὰρ
1345 4715 1436 4776 καὶ
1455 4716 1571 4785 τοὺς
1585 4716 1668 4799 ‹pi-

149 4804 243 4871 λους
277 4808 360 4863 τοῦ
399 4799 748 4885 Θηραμένους
792 4802 1286 4884 προσαπολωλέναι,
1333 4802 1472 4878 πλὴν
1517 4805 1674 4874 εἴτις

155 4890 394 4969 ἐτύγχανεν
433 4892 617 4974 ἐκείνῳ
643 4892 888 4952 τάναντία
927 4892 1191 4975 πράττων·
1228 4897 1318 4953 νῦν
1355 4892 1410 4953 δὲ
1450 4897 1555 4975 ὁρῶ
1579 4894 1675 4963 τάς

157 4998 198 5035 τε
217 4979 480 5059 ἀπολογίας
509 4982 582 5048 εἰς
607 4982 796 5041 ἐκεῖνον
827 4978 1242 5064 ἀναφερομένας,
1270 4980 1387 5049 τούς
1426 4986 1472 5041 τ’
1499 4982 1675 5066 ἐκείνῳ

161 5066 365 5137 συνόντας
385 5072 637 5145 τιμᾶσθαι
655 5068 1028 5149 πειρωμένους,
1045 5068 1222 5152 ὥσπερ
1240 5072 1446 5130 πολλῶν
1470 5073 1676 5150 ἀγαθῶν

163 5154 298 5215 αἰτίου
311 5201 330 5234 ,
368 5157 486 5217 ἀλλ’
529 5159 586 5216 οὗ
633 5150 876 5236 μεγάλων
916 5162 1095 5219 κακῶν
1129 5158 1491 5239 γεγενημένου.
1576 5159 1670 5242 (os)

161 5238 244 5308 Ὃς
263 5246 456 5326 πρῶτον
485 5241 579 5324 μὲν
611 5249 705 5320 τῆς
729 5243 984 5328 προτέρας
1030 5245 1333 5329 ὀλιγαρχίας
1376 5245 1679 5316 αἰτιώτατος

341 5358 593 5397 mamm.

939 470 1180 533 LYSIAE
1218 470 1341 531 ΟΒ.
1387 470 1690 532 CONTRA
1731 467 2249 537 ERATOSTHEN
2260 476 2388 537 EM.

3169 488 3275 538 1⁴5

1717 620 1876 673 neque
1891 609 2031 660 luctu
2050 624 2239 675 eorum,
2253 612 2341 675 qui
2358 611 2557 675 veliam
2574 610 2904 662 occubuerant
2918 612 2993 663 vel
3010 626 3126 663 mox
3143 610 3281 662 erant

1717 687 2004 750 occubituri,
2023 688 2107 740 sed
2124 688 2307 740 invidia
2324 702 2492 740 eorum
2515 690 2600 753 qui
2618 691 2758 740 eraut
2774 692 3064 753 potentiores
3088 692 3139 741 et
3155 691 3281 741 cele-

1717 764 1818 814 rius
1840 764 2153 817 ditescebant.
2216 768 2317 831 (57)
2352 768 2613 831 Occupatis
2638 768 2767 818 enim
2792 769 2843 818 et
2868 768 3069 831 imperio
3086 769 3137 819 et
3162 765 3281 819 civi-

1717 842 1845 906 tate,
1873 856 1988 893 cum
2020 842 2240 907 utrisque
2269 845 2453 896 bellum
2482 848 2729 909 gesserunt
2750 848 2801 896 et
2838 859 2953 895 cum
2974 844 3285 909 trigintaviris

1717 920 1804 983 qui
1837 922 2001 971 omnia
2034 923 2218 972 atrocia
2247 923 2580 986 perpetrarant
2622 924 2675 973 et
2712 922 2965 973 vobiscum
3004 923 3091 986 qui
3118 922 3285 972 omnia

1719 997 1914 1048 infanda
1932 999 2139 1062 perpessi
2170 1000 2386 1051 fueratis.
2408 1003 2631 1052 Attamen
2651 1000 2701 1051 id
2718 1000 2945 1051 omnihus
2976 1001 3285 1051 manifestum

1717 1076 1822 1125 erat
1841 1076 1972 1138 quod
1985 1112 2001 1138 ,
2019 1077 2060 1127 si
2078 1076 2143 1127 illi
2159 1076 2333 1139 injuria
2350 1078 2639 1140 exulabant,
2658 1090 2745 1129 vos
2761 1082 2894 1129 certe
2910 1077 3048 1139 iure,
3067 1082 3118 1128 et
3135 1077 3176 1129 si
3198 1090 3285 1126 vos

1717 1154 1920 1217 injuria,
1961 1156 2157 1220 triginta
2191 1158 2259 1207 iiii
2290 1157 2403 1221 jure
2439 1159 2579 1208 erant
2609 1159 2809 1216 exuleaz
2856 1171 3013 1220 neque
3050 1157 3179 1207 euim
3219 1156 3285 1207 ob

1718 1231 1836 1283 alias
1851 1246 2021 1285 causas
2036 1270 2051 1297 ,
2073 1234 2163 1285 uisi
2184 1234 2249 1284 ob
2273 1234 2454 1285 scelera
2482 1248 2595 1297 erga
2616 1248 2705 1285 vos
2718 1272 2731 1297 ,
2762 1234 2956 1286 civitate
2982 1234 3123 1297 eiecti
3150 1236 3283 1284 sunt.

1719 1316 1820 1380 (58)
1860 1319 2083 1370 Graviter
2125 1319 2289 1383 itaque
2325 1318 2528 1370 Phidoni
2563 1318 2947 1371 succensendum
2984 1321 3055 1369 est
3069 1355 3085 1381 ,
3126 1317 3283 1381 quod,

1718 1415 1872 1466 quum
1898 1402 1962 1453 ad
1992 1404 2085 1453 hoc
2106 1405 2287 1455 electus
2314 1406 2439 1455 esset
2467 1406 2526 1455 ut
2566 1417 2653 1455 vos
2684 1405 2857 1453 mutuo
2888 1402 3165 1453 conciliaret
3207 1401 3286 1452 at·

1720 1492 1818 1543 qua
1839 1481 1889 1531 in
1915 1481 2086 1532 urbem
2108 1481 2387 1545 reduceret,
2411 1480 2580 1533 eadem
2611 1481 2760 1544 egerit
2780 1494 2893 1545 quae
2914 1479 3283 1539 Eratosthenoe3

1723 1566 1855 1629 quod
1881 1566 2049 1617 eadem
2072 1566 2219 1617 animi
2236 1566 2471 1618 sententia
2488 1579 2572 1617 eos
2593 1565 2679 1630 qui
2704 1566 2831 1616 inter
2846 1566 3056 1616 urbanos
3071 1563 3287 1628 potentia

1719 1650 1871 1713 magis
1890 1650 2115 1701 valebant
2132 1653 2327 1714 propter
2344 1664 2433 1701 vos
2462 1650 2733 1715 opprimere
2754 1650 3024 1712 studuerit,
3049 1648 3287 1710 vobisque

1721 1727 1896 1789 iniuria
1922 1727 2233 1779 exulantibus
2251 1728 2454 1791 patriam
2482 1728 2735 1778 restituere
2766 1727 3004 1789 noluerit;
3032 1724 3117 1776 sed
3134 1727 3288 1776 Lace·

1722 1806 1945 1858 daemona
1966 1808 2213 1871 profectus
2228 1808 2433 1858 suaserit
2460 1806 2837 1859 Laceriaemoniis
2866 1808 2924 1857 ut
2939 1805 3030 1869 ipsi
3061 1803 3291 1855 adversus
3386 1798 3393 1805 '

1723 1887 1933 1937 Athenas
1957 1887 2243 1948 militarent,
2267 1887 2589 1941 calumniatus
2609 1888 2738 1937 hanc
2750 1886 2998 1936 civitatem
3013 1884 3291 1936 Boeotorum

1724 1977 1828 2015 eme
1858 1965 2071 2015 futuram
2084 2001 2099 2027 ‚
2129 1965 2318 2028 aliaque
2349 1976 2735 2015 commemorans
2761 1977 2847 2029 per
2877 1976 2989 2028 quae
3014 1960 3225 2013 maxime
3241 1974 3293 2012 se

1723 2056 2067 2106 persuasurum
2098 2044 2428 2096 existimabat.
2493 2044 2593 2107 (59)
2626 2047 2729 2095 Hac
2759 2045 2924 2094 autem
2949 2055 3034 2107 spe
3050 2041 3292 2104 deiectus.

1725 2123 1826 2172 sive
1852 2122 1986 2186 quod
2016 2136 2093 2173 res
2109 2122 2287 2173 divinae
2304 2126 2461 2173 essent
2484 2122 2855 2186 impedimento,
2878 2122 2978 2172 sive
2996 2120 3129 2185 quod
3147 2122 3297 2171 Lace·

1725 2199 1956 2251 daemonii
1981 2201 2165 2251 nollent
2182 2201 2273 2264 ipsi
2300 2213 2489 2251 morem
2518 2212 2708 2264 gerere,
2736 2201 2936 2251 eentum
2967 2199 3150 2250 talenta
3183 2210 3293 2247 mu-

1724 2281 1889 2331 tuatus
1909 2282 1985 2331 est
2009 2280 2073 2331 ad
2105 2281 2287 2331 auxilia
2322 2280 2629 2331 conducenda
2644 2317 2659 2343 ,
2692 2281 2743 2330 et
2779 2278 3081 2343 Lysandrum
3117 2278 3295 2329 ducem

1726 2360 2031 2423 impetravit,
2050 2361 2135 2424 qui
2155 2362 2213 2411 ut
2231 2360 2282 2410 in
2300 2360 2609 2424 oligarchiam
2630 2360 2837 2409 maxime
2854 2348 3123 2409 benevolus
3134 2397 3150 2423 ,
3164 2358 3233 2408 ita
3246 2358 3297 2407 in

1730 2436 2074 2488 democratiam
2113 2437 2331 2501 inprimis
2366 2439 2473 2488 erat
2504 2437 2799 2498 malevolus,
2834 2437 3199 2501 praesertimque
3222 2436 3299 2486 Pi·

1731 2515 1993 2567 mensibus
2009 2515 2369 2566 infensissimus.
2436 2516 2537 2580 (60)
2560 2518 2617 2567 ln
2642 2514 2851 2564 civitatis
2871 2514 3015 2576 igitur
3040 2512 3299 2577 perniciem

1731 2594 1957 2645 omnibus
1973 2594 2191 2659 undique
2208 2595 2365 2659 pretio
2393 2595 2672 2654 concitatis,
2701 2594 2869 2644 multis
2900 2593 3109 2643 inductis
3129 2592 3299 2643 civita·

1730 2673 1890 2737 tibus,
1922 2675 1973 2725 et
1990 2674 2053 2724 ad
2078 2676 2375 2737 postremum
2404 2674 2779 2725 Lacedaemoniis
2800 2672 2914 2736 ipsis
2935 2672 3173 2735 sociisque
3188 2672 3299 2735 qui·

1732 2750 2034 2815 buscumque
2054 2751 2338 2815 persuadere
2362 2752 2654 2817 potueruut,
2685 2751 2929 2801 civitatem
2948 2761 3047 2800 non
3072 2750 3295 2800 reconci-

1733 2828 1853 2880 liare
1864 2866 1880 2893 ,
1899 2828 1985 2880 sed
2003 2828 2163 2880 delere
2188 2830 2379 2893 penitus
2394 2829 2670 2892 cogitabant
2692 2848 2705 2879 ι
2730 2828 2861 2892 quod
2885 2830 2936 2879 et
2958 2828 3271 2891 perfecissent
3284 2860 3299 2885 ,

1735 2908 1786 2957 ni
1803 2907 2185 2957 intercessissent
2201 2907 2294 2957 viri
2317 2907 2490 2969 fortes3
2509 2906 2685 2969 quibus
2710 2918 2841 2955 nunc
2855 2904 3092 2955 ostendite
3113 2918 3303 2956 sumen-

1735 2986 1811 3036 tes
1825 2984 1892 3037 ab,
1919 2984 2123 3035 inimicis
2150 2997 2345 3047 poenas,
2362 2984 2478 3047 ipsis
2494 2996 2687 3047 quoque
2713 2996 2802 3034 vos
2818 2983 3021 3046 gratiam
3046 2983 3299 3034 relaturos.

1738 3064 1836 3126 (61)
1859 3063 1921 3113 Et
1936 3062 2043 3111 baee
2060 3061 2255 3125 quidem
2272 3061 2412 3113 vobis
2427 3060 2619 3124 cognita
2636 3062 2768 3122 sunt,
2788 3073 2947 3123 neque
2962 3059 3081 3110 mihi
3098 3060 3304 3111 testibus

1737 3150 1860 3203 opus
1884 3150 1988 3188 oese
2008 3136 2149 3187 video
2170 3156 2184 3187 ε
2207 3138 2353 3187 testes
2376 3140 2543 3187 tamen
2572 3135 2867 3199 producam;
2890 3148 3006 3185 nam
3022 3135 3213 3187 etmihi
3229 3149 3304 3186 re-

1742 3212 2085 3278 quiescendum
2102 3216 2177 3265 est
2197 3213 2457 3277 paulisper,
2490 3214 2806 3276 vestrumque
2832 3212 3078 3263 nonnullis
3105 3215 3295 3277 gratum

1741 3292 1833 3344 erit
1849 3290 1910 3342 de
1928 3291 2097 3342 iisdem
2121 3292 2297 3356 saepius
2314 3290 2500 3342 audire.

2409 3434 2654 3484 TESTES.

1811 3589 1887 3634 62.
1921 3587 2019 3645 Age
2042 3582 2205 3632 autem
2219 3580 2321 3644 iam
2338 3580 2400 3632 de
2421 3580 2719 3631 Theramene
2735 3592 2885 3645 quam
2907 3578 3204 3643 paucissimis
3221 3590 3305 3643 po-

1748 3672 1856 3721 tero
1880 3668 2107 3721 edocebo.
2142 3673 2243 3721 Vos
2262 3672 2423 3719 autem
2444 3670 2659 3721 obtestor
2686 3672 2741 3720 ut
2770 3682 2858 3733 pro
2888 3676 2969 3719 me
3000 3668 3105 3732 ipso
3139 3670 3191 3719 et
3218 3681 3307 3731 pro

1755 3759 1978 3809 universa
2000 3758 2194 3809 civitate
2214 3770 2295 3807 me
2319 3756 2556 3808 dicentem
2586 3758 2805 3809 audiatis.
2830 3758 2997 3821 Neque
3020 3756 3305 3819 cujusquam

1753 3848 1903 3898 menti
1920 3846 1969 3896 id
1986 3847 2211 3896 occurrat
2226 3858 2308 3896 me
2328 3845 2379 3895 in
2396 3845 2721 3896 Eratosthenis
2741 3845 2953 3908 periculo
2972 3843 3031 3895 ad
3055 3844 3308 3895 Therame-

1751 3948 1863 3985 nem
1884 3933 2209 3985 accusandum
2240 3932 2467 3984 arr-edere
2492 3953 2505 3985 z
2530 3946 2638 3983 eam
2658 3933 2786 3983 enim
2807 3932 3130 3983 defensionem
3164 3930 3309 3981 audio

1751 4023 1832 4074 isti
1865 4036 1969 4074 esse
1994 4027 2321 4085 comparatam
2335 4058 2351 4085 ,
2388 4035 2440 4072 se
2468 4033 2643 4083 nempe
2667 4020 2876 4070 amicitia
2898 4032 3012 4069 cum
3048 4019 3133 4069 illo
3167 4018 3311 4069 misse

1754 4110 2068 4174 coniunctum
2081 4146 2096 4173 ,
2119 4109 2327 4173 ideoque
2346 4108 2610 4159 eorundem
2633 4118 2833 4171 operum
2847 4106 3144 4170 participem.
3211 4104 3311 4168 (63)

1753 4200 1901 4263 Atqui
1919 4199 2089 4263 opinor
2119 4197 2221 4249 fore
2246 4196 2376 4247 baud
2398 4195 2543 4247 dubie
2568 4198 2625 4245 ut
2652 4194 2768 4258 iste,
2792 4194 2832 4245 si
2857 4208 2953 4244 una
2982 4208 3093 4244 cum
3113 4191 3311 4244 Themi·

1754 4288 1906 4339 stocle
1928 4288 1980 4336 in
2011 4284 2254 4350 republica
2284 4287 2504 4337 versatus
2529 4284 2695 4335 fuisset
2708 4319 2723 4346 ,
2744 4283 2973 4347 iactasset
3005 4294 3057 4332 se
3087 4295 3201 4331 cum
3226 4281 3312 4332 illo

1755 4376 1948 4427 efficere
1974 4377 2032 4425 ut
2059 4375 2236 4425 moenia
2256 4374 2627 4435 aediticarentur,
2658 4372 2801 4423 sicuti
2832 4383 2965 4421 nuuc
2994 4382 3108 4419 cum
3138 4369 3314 4420 Thera·

1755 4477 1897 4515 mene
1918 4463 2079 4515 effecit
2100 4464 2156 4513 ut
2171 4462 2488 4512 diruerentur.
2510 4465 2619 4512 Duo
2638 4462 2803 4510 tamen
2819 4458 2889 4509 illi
2904 4456 2997 4507 viri
3012 4456 3131 4506 milii
3154 4456 3316 4506 neuti-

1757 4566 1906 4617 quam
1920 4551 2149 4603 videntur
2161 4564 2263 4602 esse
2278 4548 2577 4611 conferendi3
2593 4547 2831 4612 siquidem
2847 4546 2969 4597 alter
2982 4544 3142 4596 invitis
3164 4547 3316 4595 Lace-

1757 4640 2009 4692 daemoniis
2024 4639 2203 4691 moeuia
2217 4638 2485 4701 exstruxit,
2501 4636 2622 4689 alter
2638 4636 2849 4699 deceptis
2866 4634 3050 4685 civibus
3061 4631 3315 4687 subvertit.

1763 4729 1861 4794 (64)
1893 4728 2079 4780 Accidit
2110 4728 2254 4791 igitur
2276 4726 2465 4778 civitati
2493 4726 2661 4777 contra
2691 4738 2837 4788 quam
2872 4722 3139 4787 oportebat.
3203 4723 3320 4772 Erat

1760 4817 1890 4869 enim
1910 4828 2107 4881 oequum
2129 4815 2311 4867 amicos
2330 4814 2637 4867 Theramenis
2654 4826 2749 4864 una
2766 4810 3003 4873 interimi,
3027 4810 3085 4860 iis
3109 4807 3322 4873 exceptis

1761 4906 1848 4971 qui
1863 4892 2055 4957 diversa
2070 4906 2121 4956 in
2139 4904 2384 4969 republica
2404 4903 2563 4955 studia
2584 4902 2917 4962 sectabantur-3
2938 4900 3041 4963 jam
3065 4900 3227 4949 autem
3244 4897 3319 4947 vi-

1762 4994 1854 5046 deo
1871 4994 2169 5046 defensiones
2184 5006 2352 5045 omues
2376 4992 2441 5043 ad
2460 4992 2599 5043 illum
2622 4990 2785 5042 referri
2798 5026 2813 5053 ,
2842 4989 3042 5052 ejusque
3068 4986 3324 5037 familiares

1764 5083 2038 5135 existimare
2052 5082 2140 5133 sibi
2155 5080 2319 5133 deberi
2336 5081 2531 5132 laudem
2544 5082 2593 5131 et
2606 5079 2827 5144 gratiam,
2836 5077 2974 5141 quasi
2988 5075 3077 5139 ipsi
3096 5087 3195 5124 una
3210 5084 3323 5123 cum

1763 5170 1847 5222 illo
1868 5170 2194 5222 maximorum
2217 5170 2483 5235 bonorum,
2498 5170 2549 5221 at
2569 5182 2664 5220 non
2682 5168 2921 5220 malorum
2938 5166 3162 5215 auctores
3178 5162 3325 5213 exsti-

1765 5256 1929 5309 terint.
1990 5256 2089 5321 (65)
2110 5256 2205 5317 Qui
2223 5256 2435 5321 primum
2448 5255 2618 5319 prioris
2638 5251 2909 5317 oligarrhiae
2927 5248 3169 5314 praecipua
3182 5258 3324 5298 causa

3066 5350 3116 5393 ιο
