3825 5842
157 918 208 958 15

135 1635 196 1677 20

127 4294 180 4333 to

231 469 534 552 (ua-m.)

1001 600 1052 664 s.

589 760 677 813 ΕΞ
708 760 1062 813 ΔΠΟΔΟῙῚΑΣ
1089 762 1136 811 0
1165 762 1456 816 ΥΣΤΕΡΟΣ.

855 904 1182 956 ΥΠΟΘΕΣΙΣ.

227 1046 372 1106 Ἰδού,
389 1045 554 1111 φησίν,
589 1046 688 1109 ἐγὼ
711 1046 792 1096 καὶ
813 1048 846 1107 ἡ
882 1045 1054 1109 &turia
1079 1062 1188 1110 μου.
1273 1048 1530 1107 Δεικτικῶς
1566 1050 1618 1101 δὲ
1648 1051 1796 1115 λέγει,

290 1118 460 1168 ἑαυτὸν
512 1116 840 1181 αἰνιττόμενος.
938 1117 1114 1179 Οὗτος,
1155 1116 1313 1178 φησίν,
1365 1118 1458 1181 ἐγὼ
1497 1123 1796 1188 παραδίδωμι

289 1190 497 1253 ἐμαυτὸν
532 1192 614 1239 καὶ
643 1194 704 1250 τῇ
737 1188 910 1252 ἀτυχίᾳ
945 1204 1036 1251 μου
1066 1189 1150 1237 καὶ
1187 1195 1246 1251 τῇ
1281 1188 1459 1239 τούτων
1513 1196 1788 1260 κακουργίᾳ.

286 1262 552 1325 Τεαμὴριον
571 1262 622 1310 δὲ
649 1265 735 1309 τοῦ
770 1260 834 1322 μὴ
865 1260 1171 1317 πεποιηκέναι
1199 1261 1382 1318 τίθησιν
1403 1262 1432 1311 ὁ
1465 1262 1790 1329 ἀπολογούμε·

285 1332 432 1389 νοςτὸ
452 1332 672 1395 μηδαμοῦ
687 1332 922 1394 προελθεῖν
945 1328 1122 1389 ἐκείνης
1145 1336 1226 1389 τῆς
1245 1332 1429 1391 νυκτός,
1453 1334 1536 1383 καὶ
1555 1338 1658 1399 περὶ
1685 1338 1788 1387 τοῦ·

285 1420 372 1454 του
386 1402 565 1459 πάντας
577 1402 688 1459 τοὺς
703 1402 876 1457 παῖδας
894 1402 960 1457 εἰς
984 1400 1190 1464 βάσανον
1209 1402 1548 1466 παραδίδωσιν.

303 1516 444 1580 Ἰδοὺ
465 1517 570 1596 ἐγὼ
596 1520 664 1597 τῇ
691 1539 750 1576 τε
770 1514 984 1596 ἀτυχίᾳ,
1007 1515 1074 1588 ἢν
1097 1516 1156 1575 οὗ
1189 1516 1400 1584 δικαίως
1429 1520 1698 1597 αἰτιῶμαι,
1721 1524 1792 1591 ὡς

222 1598 368 1667 οἶτοί
407 1628 598 1689 φασιν,
627 1606 760 1665 ἑκὼν
793 1603 1016 1683 ἐμαυτὸν
1043 1604 1347 1684 ἐγχειρίζω,
1390 1610 1458 1687 τῇ
1503 1630 1561 1665 τε
1593 1607 1789 1670 τούτων

219 1694 416 1777 ἔχθρᾳ,
452 1692 630 1759 δεδιὼς
677 1692 772 1770 μὲν
818 1690 879 1750 τὸ
921 1689 1132 1770 μέγεθος
1163 1696 1256 1765 τῆς
1301 1692 1549 1765 &aeoli-1⁴:
1593 1697 1787 1776 αὐτῶν,

219 1784 482 1845 πιστεύων
511 1781 568 1842 δὲ
594 1786 664 1862 τῇ
687 1780 918 1862 ὑμετέρᾳ
948 1779 1134 1860 γνώμῃ
1160 1784 1228 1859 τῇ
1265 1804 1322 1840 τε
1351 1783 1573 1865 ἀληθείᾳ
1606 1789 1710 1845 τῶν
1734 1786 1788 1856 ἐξ

219 1877 352 1953 ἐμοῦ
403 1870 759 1955 πραχθέντων.
865 1866 1330 1949 Ἀποστερούμενος
1370 1868 1426 1928 δὲ
1474 1872 1564 1929 ὑπ’
1615 1874 1786 1934 αὐτῶν

219 1960 358 2043 μηδὲ
373 1960 468 2029 τὰς
492 1958 762 2040 παρούσας
785 1954 1001 2037 ἀτυχίας
1023 1956 1451 2019 ἀνακλαύσασθαι
1476 1960 1602 2041 πρὸς
1626 1966 1780 2041 ὑμᾶς,

221 2054 407 2132 ἀπορῶ
435 2054 506 2117 εἷς
525 2049 708 2121 ἥντινα
733 2046 898 2120 ἄλλην
922 2044 1186 2127 σωτηρίαν
1207 2046 1312 2128 χρή
1343 2070 1410 2125 με
1436 2061 1776 2131 καταφυγεῖν.

215 2142 278 2225 (2)
319 2140 624 2202 Καινότατα
667 2135 769 2217 γὰρ
798 2136 864 2208 δή
883 2179 902 2215 ,
947 2136 993 2194 εί
1033 2133 1142 2215 χρὴ
1173 2134 1458 2196 καινότατα
1503 2140 1700 2216 μᾶλλον
1746 2139 1780 2213 ἢ

212 2229 612 2311 κακουργότατα
650 2226 846 2300 εἰπεῖν,
889 2222 1232 2283 διαὸἄλλουσί
1279 2249 1368 2305 με.
1481 2227 1782 2311 Rani-{0902

211 2319 314 2398 γὰρ
333 2316 424 2378 καὶ
447 2314 669 2399 τιμωροὶ
687 2314 844 2397 φόνου
863 2312 1300 2394 προσποιούμενοι
1323 2304 1482 2389 εἶναι,
1511 2319 1780 2398 ὑπεραπο-

210 2406 520 2487 λογούμενοι
555 2409 648 2477 τῆς
679 2402 902 2485 ὑποψίας
926 2401 1107 2475 πάσης
1150 2404 1244 2475 τῆς
1276 2403 1529 2478 ἀληθοῦς,
1562 2405 1647 2464 διὰ
1681 2406 1777 2479 τὴν

211 2496 436 2578 ἀπορίαν
465 2499 560 2555 τοῦ
593 2490 991 2559 ἀποκτείναντος
1019 2488 1178 2550 αὐτὸν
1213 2490 1306 2565 ἐμὲ
1335 2492 1492 2574 φονέα
1531 2494 1687 2575 φασὶν
1713 2487 1781 2557 εἶ-

213 2611 324 2661 ναι,
368 2586 591 2667 δρῶντες
637 2580 692 2641 δὲ
728 2578 977 2639 τάναντία
1027 2570 1102 2639 ὧν
1147 2579 1530 2662 προστέτακται
1571 2586 1741 2654 αὐτοῖς
1757 2632 1774 2663 ,

213 2673 436 2757 φανερὸν
463 2672 546 2733 ὅτι
574 2670 766 2738 ἀδίκως
797 2668 895 2749 ἐμὲ
921 2670 1122 2749 μᾶλλον
1153 2670 1453 2729 ἀποκτεῖναι
1480 2676 1716 2742 ζητοῦσιν
1740 2673 1775 2747 ἢ

213 2765 294 2825 τὸν
345 2762 508 2845 φονέα
533 2764 902 2841 .τιμωρεῖσθαι.
987 2756 1046 2840 (a)
1073 2755 1204 2834 Ἐμὲ
1233 2756 1288 2817 δὲ
1325 2764 1586 2839 προσῆκεν
1631 2762 1775 2823 οὐδὲν

209 2854 338 2913 ἄλλο
364 2851 403 2924 ἢ
426 2849 558 2931 πρὸς
579 2846 676 2919 τὴν
701 2844 993 2927 μαρτυρίαν
1015 2849 1106 2904 τοῦ
1132 2844 1414 2907 ἀκολούθου
1447 2850 1776 2929 ἀπολογηθῆ·

206 2967 309 3001 ναι·
338 2944 398 3001 οὗ
423 2939 528 3020 γὰρ
553 2934 785 3010 μηνυτὴς
811 2936 917 2994 οὔδ’
948 2933 1200 3016 ἐλεγκιὴρ
1223 2938 1328 2992 τῶν
1353 2936 1774 2997 ἀποκτεινάντων

207 3029 348 3108 εἶμί,
381 3026 522 3087 ἀλλὰ
565 3024 878 3101 διωκόμενος
917 3022 1284 3104 ἀποκρίνομαι.
1364 3020 1556 3101 Ὅμως
1595 3023 1650 3085 δὲ
1678 3050 1776 3085 πε-

207 3114 567 3200 ριεργαστέον,
594 3112 688 3173 ἵνα
715 3115 778 3172 ἐκ
803 3110 996 3180 παντὸς
1025 3110 1218 3191 τρόπου
1247 3109 1454 3181 τούτους
1478 3136 1536 3171 τε
1563 3113 1774 3175 ἐπιδου-

201 3202 449 3271 λεύοντιίς
491 3224 581 3282 μοι
625 3200 852 3280 ἐμαυτόν
903 3222 962 3260 τε
1003 3197 1362 3276 ἀπολυόμενον
1401 3199 1640 3271 ἐπιδείξω
1681 3208 1774 3277 τῆς

203 3294 404 3355 ὓπσίία
434 3338 451 3354 .

284 3324 348 3444 εἴ
378 3319 494 3453 Ἰεὴν
523 3379 620 3458 μὲν
645 3368 734 3439 οὖν
765 3378 986 3459 ἀτυχίαν
1012 3368 1052 3458 ᾖ
1084 3400 1150 3454 με
1174 3376 1562 3453 διαὸοίλλουσιν,
1593 3381 1664 3446 εἰς
1685 3381 1771 3438 εὗ·-

202 3472 392 3553 τυχίαν
431 3472 683 3547 αἰτοῦμαι
710 3470 1049 3546 μεταστῆναι·
1083 3467 1210 3535 ἀξιῶ
1230 3466 1276 3525 δ’
1305 3470 1442 3541 ὑμᾶς
1467 3465 1771 3527 ἀπολύσαν-

201 3562 296 3629 τοὶς
339 3582 404 3637 με
429 3556 725 3638 μακαρίσαι
772 3556 973 3633 μα’·’λλον
1018 3551 1055 3625 ἢ
1095 3552 1490 3621 καταλαὸόντας
1535 3556 1768 3627 ἐλεῆσαι.

203 3650 357 3711 Φασὶ
396 3648 454 3709 δὲ
499 3650 602 3707 τῶν
645 3644 740 3725 μὲν
773 3642 1088 3725 ἐντυχόντων
1134 3642 1436 3718 παιομένοις
1470 3643 1645 3709 αὐτοῖς
1681 3645 1768 3703 οὔ·

203 3740 328 3799 ὃένα
355 3737 531 3797 ὅντινα
554 3738 648 3796 οὐκ
677 3734 933 3814 εἷκότερον
965 3721 1097 3791 εἶναι
1138 3733 1316 3809 σαφῶς
1343 3729 1629 3806 πυθόμενον
1651 3729 1772 3799 τοὺς

201 3826 600 3910 διαφθείραντας
625 3822 812 3890 αὐτοὺς
839 3824 910 3887 εἷς
929 3809 1068 3879 οἷκον
1091 3818 1332 3896 ἀγγεῖλαι
1348 3862 1365 3893 ,
1387 3816 1422 3889 ἢ
1444 3817 1768 3878 ἀπολιπόντα

201 3917 460 3997 οἴχεσθαι.
545 3914 610 3992 (5)
641 3911 786 3991 Ἐγὼ
813 3908 870 3968 δὲ
907 3906 1091 3968 οὗδένα
1138 3904 1274 3964 οὕτω
1325 3904 1515 3985 θερμὸν
1542 3905 1634 3965 καὶ
1678 3909 1770 3965 ἀν-

202 4008 371 4086 δρεῖον
417 4003 688 4084 ἄνθρωπον
719 3990 853 4059 εἶναι
887 3998 1056 4074 δοκῶ,
1093 3994 1264 4054 ὅντινα
1305 3996 1400 4053 οὐκ
1427 3992 1491 4052 ἂν
1521 3994 1654 4074 ἀωρὶ
1676 4000 1769 4067 τῆς

201 4095 382 4160 νυκτὸς
401 4092 600 4171 νεκροῖς
628 4087 941 4169 ἀσπαίρουσι
981 4081 1298 4163 συντυχόντα
1325 4080 1483 4141 πάλιν
1509 4083 1768 4163 ὃπωτρέ-

199 4188 377 4267 ψαντα
419 4180 628 4263 φεύγειν
653 4180 856 4256 μᾶλλον
894 4174 930 4247 ἢ
975 4171 1358 4249 πυνθανόμενον
1398 4169 1517 4238 τοὺς
1543 4170 1764 4251 κακούρ-

199 4297 318 4353 γους
337 4270 462 4349 περὶ
491 4272 586 4339 τῆς
621 4269 794 4348 ψυχῆς
819 4263 1160 4323 κινδυνεῦσαι.
1246 4257 1460 4319 Τούτων
1486 4256 1540 4316 δὲ
1567 4260 1766 4336 μᾶλλον

203 4360 236 4418 ἃ
265 4359 400 4427 εἰκὸς
429 4349 495 4431 ἦν
521 4354 845 4437 δρασάντων,
864 4352 912 4409 οἱ
937 4346 1029 4427 μὲν
1046 4348 1131 4406 ἐπὶ
1156 4347 1260 4413 τοῖς
1288 4345 1512 4423 ἱματίοις
1543 4347 1766 4425 διαφθεί-

203 4472 386 4530 ραντες
429 4443 618 4511 αὐτοὺς
645 4445 742 4503 οὐκ
782 4438 845 4499 ἂν
901 4437 980 4497 ἔτι
1024 4434 1233 4503 εἰκότως
1280 4434 1530 4514 ἀφίοιντο,
1569 4434 1672 4511 ἐγὼ
1709 4434 1764 4493 δὲ

203 4538 557 4615 ἀπήλλαγμαι
581 4537 672 4605 τῆς
691 4528 941 4611 ὑποψίας.
1025 4523 1086 4605 (ο)
1109 4526 1177 4584 Εἰ
1196 4522 1252 4581 δὲ
1272 4521 1668 4602 ἐκηρύσσοντοῆ
1691 4522 1764 4600 μὴ

202 4626 352 4686 ἄλλοι
377 4622 514 4689 τινὲς
541 4626 822 4701 κακοῦργοι
848 4616 962 4693 ἅμα
983 4617 1058 4695 τῷ
1087 4612 1284 4671 τούτων
1309 4610 1468 4692 φόνῳ,
1497 4609 1574 4676 τίς
1602 4600 1764 4685 οἷδενς

201 4714 369 4775 οὐδενὶ
397 4712 502 4794 γὰρ
549 4706 792 4789 ἐπιμελὲς
831 4698 898 4780 ἦν
927 4702 1138 4763 σκοπεῖν
1165 4706 1352 4762 ταῦτα.
1437 4698 1686 4779 Ἀφανοῦς
1709 4697 1764 4757 δὲ

201 4803 343 4871 ὄντος
368 4807 464 4861 τοῦ
492 4800 854 4881 κηρύγματος,
883 4791 1000 4853 οὗδὲ
1041 4790 1142 4850 ὑπὸ
1164 4788 1363 4849 τούτων
1400 4790 1503 4845 τῶν
1534 4784 1765 4865 κακούρ-

201 4916 304 4969 γων
351 4890 572 4950 ἄπιστον
598 4888 946 4970 διαφθαρῆναι
992 4878 1165 4940 αὐτόν.
1277 4878 1342 4957 (7)
1380 4878 1489 4937 Τοῦ
1519 4872 1574 4932 δὲ
1614 4872 1763 4954 θερά-

115 5000 384 5050 woffo-no<
403 4983 518 5046 πῶς
539 4976 645 5057 χρὴ
669 4974 982 5051 πιστοτέραν
1000 4970 1096 5040 τὴν
1121 4963 1410 5047 μαρτυρίαν
1433 4961 1468 5034 ἢ
1497 4966 1599 5020 τῶν
1624 4963 1766 5019 ἕλευ·

203 5068 363 5149 θέρων
407 5068 674 5147 ἡγεῖσθαι;
704 5066 751 5123 οἳ
800 5060 894 5139 μὲν
921 5058 1024 5138 γὰρ
1061 5048 1368 5132 ἀτιμοῧνταί
1404 5073 1460 5108 τε
1490 5048 1580 5108 καὶ
1619 5046 1766 5129 χρή-

205 5180 334 5231 μασι
363 5160 704 5235 ζημιοῦνται,
734 5148 825 5209 ἐὰν
856 5146 930 5225 μὴ
955 5145 1160 5215 τάληθῆ
1185 5144 1378 5201 δοκῶσι
1403 5139 1758 5217 μαρτυρῆσαι·

210 5245 304 5305 ὅδὲ
333 5246 428 5305 οὒκ
451 5242 668 5321 ἔλεγχον
685 5232 983 5317 παρασχὼν
1007 5229 1122 5291 οὐδὲ
1151 5228 1382 5311 βάσανον
1411 5227 1469 5285 οὗ
1495 5222 1640 5294 δίκην
1661 5218 1762 5279 δώ-

203 5354 306 5415 σει,
325 5332 472 5403 εἴτις
500 5328 717 5415 ἔλεγχος
741 5324 912 5389 ἔσται.
939 5319 1248 5390 Ἀκινδύνως
1270 5340 1328 5381 τε
1368 5306 1514 5382 οὗτός
1537 5330 1602 5394 γε
1627 5310 1758 5391 μέλ·

1201 470 1721 537 ANTIPHONTIS
1762 475 2257 542 TETRALOGIA
2300 484 2327 542 l
2400 499 2447 543 t.

3365 504 3418 561 ‘il

2639 626 2698 679 4.

2303 774 2605 825 DEFENsto
2636 776 2740 826 REI
2770 778 3031 829 ALTERA,

2442 922 2903 973 ARGUMENTUM.

1889 1056 2015 1114 Ecce,
2032 1056 2199 1113 inquit.
2214 1068 2298 1114 ego
2312 1059 2359 1105 et
2374 1070 2578 1106 (erumna
2587 1070 2701 1106 mea.
2716 1062 3083 1109 Demonstrattve
3097 1064 3223 1121 dicit,
3236 1066 3445 1123 seipsum

1939 1139 2156 1184 innuens.
2194 1140 2299 1195 Ipse
2319 1151 2405 1195 ego
2421 1172 2435 1195 ‚
2472 1141 2641 1197 inquit,
2662 1152 2737 1187 me
2763 1143 2912 1199 ipsum
2932 1144 2979 1189 et
3008 1142 3263 1192 intortunlo
3280 1157 3383 1193 meo
3400 1150 3447 1193 et

1938 1221 2135 1265 istorum
2166 1222 2351 1265 malitiae
2384 1220 2539 1266 trado.
2573 1226 2908 1277 Argumentum
2938 1234 2987 1269 se
3018 1224 3321 1271 homicidium
3352 1238 3445 1273 non

1936 1296 2097 1343 fecisse
2116 1297 2287 1353 praebet
2304 1309 2425 1351 reus,
2440 1299 2567 1355 quod
2586 1310 2815 1357 nusquam
2835 1313 2887 1347 ea
2908 1306 3041 1350 nocte
3056 1316 3328 1361 progressam
3341 1304 3443 1353 >tue-

1936 1378 2021 1430 rit3
2041 1381 2086 1423 et
2104 1378 2161 1423 de
2180 1388 2235 1424 ea
2254 1389 2305 1423 re
2320 1389 2480 1423 omnes
2498 1390 2653 1425 servos
2670 1383 2724 1427 ut
2748 1382 3060 1439 torqueantur
3077 1384 3227 1433 offert·

1942 1534 2066 1582 Ecce
2092 1543 2179 1593 ego
2198 1543 2277 1581 me
2308 1528 2571 1581 infelicitati
2607 1544 2757 1594 meae,
2780 1546 2929 1596 quam
2958 1535 3008 1584 hi
3036 1549 3064 1585 a
3096 1550 3175 1587 me
3204 1538 3337 1590 aiunt
3358 1554 3440 1605 per

1878 1618 2011 1669 netas
2032 1618 2273 1679 accusari,
2304 1617 2354 1666 in
2372 1628 2543 1665 manus
2564 1616 2946 1680 potestatemque
2974 1619 3103 1669 ultro
3127 1620 3266 1671 trado
3282 1660 3297 1685 ,
3318 1638 3441 1676 una-

1876 1716 1975 1767 que
1996 1702 2171 1751 horum
2190 1700 2447 1760 simultati,
2468 1697 2783 1749 reformidans
2800 1698 2997 1762 quidem
3022 1704 3329 1755 atrocitatem
3348 1708 3443 1756 cri-

1875 1780 2019 1831 minis
2040 1780 2211 1829 horum
2223 1816 2238 1841 ,
2266 1790 2433 1828 rursus
2446 1781 2611 1829 tamen
2630 1780 2792 1827 vestro
2810 1776 2963 1831 fidens
2976 1778 3158 1842 judicio
3176 1786 3225 1833 et
3242 1784 3443 1837 veritate

1875 1868 2143 1928 coeptorum
2176 1877 2415 1913 meorum.
2481 1862 2761 1913 Excludunt
2790 1862 2841 1911 hi
2863 1864 3061 1926 quidem
3090 1878 3169 1915 me
3198 1866 3301 1930 ipsa
3322 1869 3442 1919 adeo

1873 1948 2101 1999 facultate
2115 1948 2411 1996 calamitates
2428 1959 2559 1997 meas
2576 1958 2741 1997 coram
2754 1949 2893 1999 vobis
2907 1948 3227 2008 lamentandi3
3247 1954 3297 2001 at
3318 1965 3441 2015 quo-

1873 2048 1987 2087 nam
2012 2034 2107 2084 alio
2126 2046 2205 2083 me
2236 2030 2491 2093 confugere
2514 2032 2732 2095 oporteat
2750 2031 2809 2081 ad
2846 2030 3185 2083 inveniendam
3202 2035 3409 2085 salutem
3423 2076 3440 2103 ,

1871 2128 1969 2167 non
1990 2116 2161 2167 habeo.
2227 2116 2293 2179 (2)
2324 2114 2544 2165 inaudito
2563 2113 2785 2177 exn-plo
2824 2113 2842 2176 (
2872 2112 2963 2163 nisi
3000 2113 3161 2179 potius
3187 2128 3267 2166 me
3281 2115 3444 2169 dicere

1869 2217 1959 2269 par
1980 2206 2053 2255 est
2078 2202 2367 2265 nequissima
2384 2200 2727 2264 improbitate)
2752 2198 2804 2249 hi
2828 2213 2908 2250 me
2926 2200 3301 2252 calumniantur.
3318 2206 3440 2255 Nam

1869 2294 2172 2341 accusatores
2184 2290 2513 2352 pen-emptique
2528 2286 2707 2337 ultores
2720 2298 2881 2337 seesse
2896 2285 3077 2347 serunt,
3090 2300 3284 2338 omnem
3298 2302 3440 2341 suam

1867 2378 2134 2429 orationem
2151 2376 2201 2426 in
2214 2370 2541 2437 exaggeranda
2552 2372 2602 2421 vi
2619 2371 2971 2436 probabilitatis
2984 2372 3279 2423 exhauriunt
3292 2411 3307 2437 ,
3320 2376 3440 2427 dum

1868 2456 2062 2509 interim
2094 2454 2155 2505 ab
2174 2454 2276 2517 ipsa
2292 2452 2495 2503 veritate
2518 2450 2746 2501 aberrant
2768 2462 2972 2501 :verum
2996 2450 3291 2503 homicidam
3308 2454 3437 2517 quod

1865 2541 2197 2592 demonstrare
2226 2552 2325 2589 non
2354 2537 2545 2598 valent,
2578 2534 2687 2585 ideo
2714 2548 2794 2584 me
2825 2534 3126 2585 contendunt
3148 2536 3438 2589 homicidam

1867 2638 1971 2677 esse
1995 2643 2007 2673 ι
2032 2622 2271 2672 contraria
2294 2619 2519 2670 iacientes
2536 2620 2685 2681 atque
2702 2618 2987 2667 mandatum
3002 2618 3117 2680 ipsis
3130 2618 3305 2671 fuerat.
3330 2622 3437 2671 Ma.

1864 2710 2039 2759 nisesto
2051 2706 2122 2757 illi
2138 2718 2219 2755 me
2238 2718 2321 2767 per
2338 2702 2473 2753 nefas
2486 2702 2547 2752 de
2557 2700 2718 2752 medio
2732 2700 2977 2752 sublatum
2986 2704 3107 2751 eunt
3120 2702 3279 2765 potius
3286 2718 3437 2768 quam

1864 2792 2107 2855 sanguinis
2118 2789 2259 2840 effusi
2280 2788 2512 2839 vindicias
2532 2786 2775 2850 quaerunt.
2842 2786 2911 2848 (3)
2938 2788 3051 2835 Jam
3078 2788 3336 2850 oportebat
3356 2803 3437 2845 me

1864 2877 2065 2941 quidem
2082 2873 2212 2923 aliud
2232 2872 2350 2923 nibil
2364 2884 2505 2935 agere
2524 2883 2673 2933 quam
2691 2871 2747 2921 ut
2764 2869 2934 2921 famuli
2946 2870 3277 2927 testimonium
3296 2887 3436 2929 ems-

1863 2974 2031 3012 varein
2057 2978 2069 3009 ι
2099 2971 2199 3007 non
2220 2957 2351 3007 enim
2374 2954 2521 3005 index
2538 2966 2649 3005 sum
2666 2952 3019 3005 homicidarum
3040 2956 3129 3005 aut
3146 2960 3431 3024 coargutor3

1863 3040 1949 3097 sed
1973 3054 2113 3103 reuS,
2140 3040 2222 3090 cui
2252 3038 2440 3100 obiecta
2466 3036 2669 3087 crimina
2687 3034 2783 3085 sint
2801 3036 3073 3087 refutanda.
3138 3038 3336 3091 Audebo
3356 3043 3435 3093 ta·

1861 3138 1977 3177 men
1993 3124 2304 3187 nihilominus
2322 3122 2469 3173 etiam
2496 3120 2699 3171 ulterius
2717 3120 3004 3184 procedere,
3028 3134 3128 3184 quo
3160 3123 3209 3172 et
3232 3122 3321 3173 hos
3350 3138 3433 3175 ca·

1862 3209 1951 3272 piti
1970 3220 2079 3258 meo
2100 3208 2229 3257 ultro
2248 3204 2457 3255 insidiari
2478 3206 2527 3255 et
2548 3216 2629 3255 me
2644 3204 2707 3254 ab
2734 3202 2821 3253 illo
2844 3204 3045 3255 crimine
3073 3202 3281 3255 liberum
3299 3206 3432 3259 solu-

1861 3295 2065 3356 tumque
2087 3304 2189 3341 ease
2205 3288 2431 3341 omnibus
2448 3286 2609 3339 modis
2628 3286 2976 3339 demonstrem.

1922 3384 1971 3431 4.
2005 3376 2341 3430 infelicitatem
2376 3374 2541 3435 itaque
2584 3385 2745 3423 meam
2762 3411 2777 3435 ‚
2818 3372 2958 3434 cuius
2992 3372 3188 3423 nomine
3220 3371 3270 3422 hi
3313 3368 3433 3424 mihi

1858 3452 2089 3503 invidiam
2120 3459 2283 3497 creare
2309 3442 2635 3501 contendunt,
2670 3456 2757 3491 oro
2790 3455 3077 3507 quaesoque,
3098 3444 3153 3493 ut
3187 3443 3433 3496 felicitatis

1860 3520 2062 3571 induere
2084 3524 2336 3578 personam
2361 3511 2479 3560 velit
2515 3528 2528 3558 ι
2571 3522 2660 3558 vos
2692 3510 2853 3558 autem
2886 3522 2999 3571 rogo
3014 3546 3028 3569 ‚
3055 3512 3111 3558 ut
3136 3510 3431 3561 absolvendo

1857 3600 1940 3637 me
1954 3586 2153 3635 beatum
2189 3578 2387 3629 reddere
2427 3574 2630 3637 malitis,
2650 3587 2801 3637 quam
2838 3574 3205 3624 condemnando
3232 3576 3426 3627 misera.

1858 3656 2021 3707 bilem.
2088 3648 2401 3699 Accusatores
2440 3644 2609 3693 dicunt
2646 3640 2891 3696 neminem
2944 3654 3145 3701 eorum,
3178 3642 3263 3703 qui
3308 3644 3431 3696 caedi

1857 3722 1977 3771 dum
2016 3716 2319 3782 perageretur
2360 3708 2753 3769 intervenerunt,
2790 3720 2887 3759 non
2923 3706 3244 3769 quffiiturum
3290 3708 3431 3760 fuisse

1857 3788 2044 3852 potius,
2064 3781 2265 3845 quinam
2284 3776 2441 3826 essent
2472 3772 2727 3823 homicidae
2744 3810 2759 3835 ,
2783 3772 3075 3835 cognitoque
3092 3810 3107 3834 ,
3137 3771 3198 3819 ad
3228 3772 3429 3822 domum

1857 3855 2217 3919 peremptorum
2258 3842 2683 3902 renunciaturum,
2725 3853 2873 3902 quam
2909 3840 2993 3889 tali
3034 3852 3089 3888 re
3134 3839 3423 3901 negligenter

1855 3918 2032 3967 omissa
2054 3916 2183 3964 viam
2206 3924 2345 3961 suam
2369 3908 2704 3971 perrecturum
2724 3905 2887 3955 ruisse.
2959 3906 3027 3966 (5)
3054 3908 3154 3966 Ego
3172 3918 3288 3953 vero
3308 3919 3430 3970 nego

1857 3999 2133 4055 quenquam
2160 3995 2263 4033 esse
2290 3979 2535 4029 hominem
2567 3979 2669 4025 tam
2693 3976 2897 4026 ferventi
2919 3976 3129 4037 sortique
3156 3974 3344 4037 animo,
3374 3981 3431 4029 ut

1856 4054 2140 4116 derepente,
2184 4049 2325 4098 nocte
2374 4046 2677 4105 intempesta,
2716 4043 2929 4093 incidens
2981 4041 3029 4089 in
3073 4054 3275 4101 corpora
3306 4056 3427 4093 con.

1857 4121 2095 4175 trucidata
2117 4116 2277 4165 adhuc
2308 4110 2617 4175 palpitantia,
2638 4110 2687 4157 in
2719 4107 2985 4158 homicidas
3026 4106 3236 4167 inquirat
3268 4120 3427 4168 eoque

1857 4191 1957 4251 ipse
1996 4198 2132 4235 suam
2169 4182 2321 4231 vitam
2346 4180 2397 4227 in
2428 4176 2684 4225 discnmen
2723 4174 2835 4234 det3
2860 4174 3054 4223 videtur
3080 4172 3322 4220 enimvero
3346 4172 3428 4223 ille

1857 4255 2012 4304 multo
2034 4250 2177 4300 citius
2207 4248 2335 4295 retro
2370 4241 2541 4305 pedem
2568 4238 2787 4288 retulisse
2819 4240 3063 4300 citamque
3094 4236 3144 4285 in
3177 4237 3340 4299 sugam
3372 4252 3426 4289 se

1856 4320 2131 4382 conjecisse.
2197 4311 2379 4373 Quodsi
2408 4321 2518 4370 ergo
2542 4306 2751 4355 latrones
2774 4306 2825 4355 in
2842 4307 2937 4355 hoc
2956 4317 3155 4369 quoque
3173 4306 3427 4366 perempto

1856 4389 2023 4439 eadem
2042 4382 2285 4441 fecerunt,
2316 4390 2427 4440 quae
2448 4371 2727 4437 hujusmodi
2746 4372 2963 4423 homines
2982 4372 3031 4421 in
3058 4370 3203 4421 simili
3221 4370 3331 4419 loco
3344 4373 3425 4420 at-

1855 4469 1951 4520 que
1966 4456 2179 4513 tempore
2194 4448 2349 4496 tacere
2368 4455 2455 4505 par
2466 4442 2557 4499 est,
2577 4438 2715 4488 locus
2732 4440 2901 4501 utique
2918 4440 2991 4489 est
3008 4435 3287 4499 suspicioni,
3300 4449 3425 4499 gras·

1854 4524 2035 4572 satores
2069 4513 2275 4565 vestium
2306 4520 2450 4557 causa
2486 4504 2631 4554 etiam
2658 4504 2709 4553 in
2735 4504 2825 4555 hos
2842 4504 3079 4555 insultum
3121 4502 3315 4563 secisse,
3340 4516 3426 4564 qui

1853 4600 1883 4635 a
1914 4582 2182 4646 suspicione
2216 4576 2358 4637 buJus
2376 4572 2523 4622 caedis
2554 4569 2737 4619 absolvi
2774 4582 2871 4619 non
2909 4572 3138 4632 possunt,
3163 4581 3193 4616 a
3209 4580 3309 4630 quo
3336 4580 3425 4630 ego

1853 4667 1963 4705 sum
1999 4647 2288 4700 liberrimus,
2356 4642 2422 4703 (e)
2458 4642 2586 4689 Num
2630 4640 2795 4686 autem
2818 4650 2915 4685 una
2952 4650 3065 4686 cum
3102 4633 3233 4684 caede
3259 4634 3324 4683 ab
3350 4634 3425 4687 hia

1854 4717 2119 4769 latronibus
2144 4711 2329 4775 patrata
2343 4743 2358 4768 ,
2377 4704 2470 4754 alia
2486 4714 2682 4766 quoque
2710 4700 2883 4752 similia
2920 4702 3131 4751 facinora
3151 4712 3270 4749 voce
3292 4712 3423 4762 proe-

1853 4770 1987 4834 conis
2018 4780 2226 4831 indicata
2254 4773 2447 4833 fuerint,
2466 4782 2619 4819 necne
2632 4804 2647 4827 ‚
2671 4769 2781 4831 quis
2797 4768 2965 4818 novit?
2984 4781 3127 4818 nemo
3148 4768 3277 4817 enim
3300 4766 3422 4816 tanti

1857 4849 1967 4900 fecit
1990 4849 2039 4897 id
2057 4854 2290 4909 quaerere.
2357 4838 2628 4887 Obscurum
2647 4837 2810 4883 autem
2829 4848 2982 4896 quum
3013 4835 3076 4885 sit
3092 4833 3389 4896 praeconium
3402 4868 3419 4894 ,

1855 4931 1916 4967 ne
1933 4916 1995 4965 ab
2018 4915 2091 4963 his
2110 4908 2309 4973 quidem
2336 4901 2682 4965 grassatoribus
2698 4904 3002 4963 peremptum
3023 4899 3167 4949 fuisse
3198 4898 3417 4947 nostrum

1853 4982 2097 5033 hominem
2134 4970 2411 5025 incredibile
2446 4970 2536 5019 est.
2604 4966 2672 5027 (7)
2710 4966 2901 5015 Famuli
2932 4970 3095 5016 autem
3138 4962 3417 5016 testimonio

1853 5052 2049 5113 quinam
2074 5041 2263 5106 oportet
2280 5035 2513 5097 maiorem
2530 5030 2867 5084 auctoritatem
2882 5032 3123 5092 fidemque
3138 5026 3417 5105 attribuere,

1852 5128 1999 5181 quam
2014 5107 2287 5161 testimonio
2309 5101 2657 5163 ingenuorum?
2675 5098 2867 5159 ingenui
2886 5098 3064 5161 quippe
3074 5130 3091 5157 ,
3114 5107 3153 5144 st
3172 5104 3271 5171 qua
3287 5090 3349 5141 de
3365 5102 3415 5171 re

1851 5186 1902 5232 ln
1922 5179 2105 5244 iudicio
2124 5173 2284 5226 testati
2303 5170 2405 5220 falsi
2428 5170 2543 5220 dicti
2566 5165 2827 5219 testimonii
2846 5162 3053 5215 convicti
3076 5162 3173 5212 sint
3185 5197 3200 5221 ,
3219 5159 3417 5209 infamia

1852 5250 2084 5299 notantur
2105 5246 2155 5294 et
2170 5238 2382 5305 pecuniis
2407 5238 2703 5287 mulctantur
2724 5232 2964 5282 :famulus
2987 5233 3149 5279 autem
3177 5226 3259 5275 hic
3278 5222 3416 5275 nullo

1849 5312 2055 5371 tolerato
2073 5309 2321 5375 examine,
2345 5304 2491 5361 nuliis
2516 5304 2723 5359 admotis
2752 5298 2987 5363 fidiculis,
3010 5292 3272 5366 exspiravit
3292 5311 3305 5345 ι
3325 5286 3411 5356 qui
