3825 5842
445 503 1776 540 mcmssfflffl

1369 869 2297 1014 PRAEFATIO.

539 1613 920 1678 Oratorum
953 1607 1341 1677 Atticorum
1371 1605 1718 1693 collectio,
1751 1619 1949 1702 quae,
1981 1607 2319 1701 sejunctis
2350 1607 2576 1704 copiis
2600 1607 3204 1696 Demosthenicis,

443 1732 692 1828 priscae
734 1743 1197 1798 monumenta
1234 1727 1654 1824 eloquentiae
1680 1731 1752 1798 in
1789 1753 2017 1800 unum
2045 1731 2246 1826 quasi
2296 1751 2558 1827 corpus
2598 1731 2994 1828 composita
3038 1755 3205 1826 prae-

443 1853 678 1939 beret,
713 1847 902 1947 apud
947 1849 1185 1920 Gallos
1232 1849 1604 1945 hucusque
1637 1852 1850 1922 unica
1883 1851 2003 1922 illa
2033 1850 2183 1922 sola
2216 1851 2567 1940 exstabat,
2614 1877 2828 1948 quam
2861 1853 3205 1922 Henricus

443 1973 846 2070 Stephanus
883 1996 1076 2042 anno
1109 1975 1492 2042 MDLXXV
1531 1973 1718 2068 typis
1749 1973 2201 2043 nitidissimis
2231 1975 2499 2044 curavit
2533 1973 3040 2044 excudendam.
3069 1977 3207 2043 Cu-

439 2097 558 2191 Jus
589 2097 720 2165 viri
756 2093 1193 2164 celeberrimi
1227 2109 1389 2190 post
1419 2095 1550 2163 tria
1582 2094 1722 2164 fere
1753 2095 1987 2165 secula
2012 2119 2376 2165 successor
2404 2095 2843 2192 aemulusque
2860 2100 3206 2166 Fnuumus

449 2222 710 2305 Dmor,
739 2215 1103 2313 publicam
1130 2215 1506 2285 utilitatem
1551 2213 1952 2286 commodis
1982 2215 2128 2284 suis
2170 2215 2460 2310 privatis
2499 2229 2979 2311 anteponens,
3014 2241 3207 2286 nunc

449 2338 1011 2410 novam'hancce
1057 2352 1416 2408 oratorum
1466 2332 1896 2422 editionem,
1956 2334 2245 2406 duobus
2294 2335 2779 2426 voluminibus
2832 2335 3206 2407 absolven-

447 2459 634 2548 dam,
661 2459 1262 2556 eloquentissimis
1292 2459 1438 2528 suis
1465 2457 1742 2529 civibus
1777 2457 2004 2528 offert.
2046 2461 2140 2526 Ac
2175 2457 2489 2552 primum
2517 2455 2811 2552 quidem
2837 2457 3200 2544 volumen,

444 2582 642 2679 quod
663 2582 808 2676 jam
841 2583 916 2652 in
961 2581 1332 2677 publicum
1365 2581 1634 2676 prodit,
1661 2582 2020 2651 orationes
2050 2579 2373 2649 continet
2423 2578 2928 2676 AntiphontiS,
2964 2578 3205 2650 Ando-

417 2788 422 2792 ,
450 2701 658 2790 cidis,
686 2702 938 2797 Lysiae,
970 2702 1118 2770 Isaei
1152 2713 1223 2770 et
1261 2701 1583 2772 Isocratis
1617 2727 1632 2769 :
1666 2699 1969 2771 alterum
1997 2697 2198 2788 verb,
2238 2724 2403 2770 mox
2433 2699 2650 2788 illud,
2683 2701 2789 2771 uti
2820 2726 3205 2798 speramuS,

446 2822 1034 2910 subsecuturum,
1091 2837 1341 2918 praeter
1381 2821 1692 2917 reliquos
1748 2837 2062 2892 oratores
2102 2820 2405 2891 decuriae
2453 2823 2725 2910 Atticae,
2772 2828 3206 2918 Lycurgum,

444 2947 848 3018 AEschinem
883 2961 954 3016 et
997 2945 1474 3034 Dinarchum,
1519 2945 2075 3016 declamationes
2126 2941 2643 3038 complectetur
2692 2943 3205 3038 sophistarum,

444 3093 625 3165 quos
653 3083 948 3156 vocant,
997 3069 1306 3164 Gorgiae,
1357 3068 1836 3154 AntistheniS,
1890 3064 2383 3151 Lesbonactis,
2425 3063 2865 3149 PolemoniS,
2910 3065 3207 3135 Herodis

445 3189 1234 3278 Attici,Alcidamantis.
1279 3189 1402 3260 His
1439 3188 1724 3278 deinde,
1758 3204 2121 3283 tamquam
2173 3185 2756 3281 supplementum
2796 3210 3208 3281 novumque

445 3312 665 3406 hujus
706 3312 1046 3382 editionis
1072 3326 1596 3397 ornamentum,
1641 3309 1982 3381 accedent
2020 3308 2429 3379 orationum
2477 3305 3006 3403 deperditarum
3047 3307 3209 3376 reli·

445 3435 663 3529 quiae,
705 3458 862 3530 quae
908 3458 1035 3529 per
1083 3447 1403 3503 veterum
1462 3433 1721 3528 scripta
1777 3431 2115 3527 dispersae
2177 3429 2627 3500 delitescunt.
2682 3428 3211 3523 subjungemus

447 3553 784 3650 deinceps
819 3567 974 3624 tum
1011 3555 1294 3624 minora
1327 3568 1507 3649 quot
1541 3569 1924 3650 supersunt
1965 3553 2041 3622 in
2094 3549 2657 3622 Demosthenem
2694 3565 2762 3620 et
2798 3551 3205 3620 AEschinem

451 3671 746 3759 scholia,
793 3689 950 3744 tum
1002 3699 1170 3745 vero
1227 3673 1506 3770 Ulpiani
1546 3676 1621 3758 in
1671 3675 2031 3746 orationes
2083 3671 2586 3744 Demosthenis
2619 3673 3205 3760 commentariOS,

443 3820 754 3890 quorum
796 3819 1054 3865 novam
1115 3795 1510 3867 editionem
1554 3812 1754 3878 tanto
1797 3799 2176 3893 gratiorem
2205 3796 2375 3865 viris
2428 3794 2723 3864 literatis
2769 3792 2916 3864 fore
2972 3819 3208 3891 spera-

447 3938 644 4000 mus,
686 3929 956 4009 quanto
997 3913 1220 4009 major
1252 3915 1327 3984 in
1373 3929 1564 3986 tanta
1618 3918 1853 4012 operis
1896 3917 2197 3988 utilitate
2256 3916 2745 4012 exemplorum
2781 3929 2888 3985 est
2935 3917 3203 3986 raritas,

446 4036 712 4131 Spretis
751 4034 1061 4131 denique
1092 4037 1387 4106 minutis
1431 4037 1582 4107 istis
1611 4037 1971 4127 indiculiS,
2009 4064 2192 4135 quos
2224 4038 2582 4136 prioribus
2620 4036 3060 4108 editionibus
3090 4037 3209 4107 ad-

445 4181 725 4252 spersos
750 4156 1009 4245 habeS,
1045 4182 1280 4228 rerum
1313 4160 1834 4256 nominumque
1864 4162 2231 4246 omnium,
2266 4184 2423 4256 quae
2454 4183 2581 4256 per
2604 4157 2750 4228 duo
2784 4173 3025 4228 nostra
3058 4183 3209 4228 ora-

447 4277 732 4346 tionum
787 4277 1367 4374 scholiorumque
1402 4280 1769 4354 volumina
1819 4296 2497 4369 commemorantur,
2551 4279 2828 4350 tabulas
2866 4295 3086 4350 novas
3136 4296 3204 4351 et

444 4397 1038 4494 locupletissimas
1079 4424 1622 4496 componemus.

538 4524 692 4589 Jam
733 4535 814 4590 ut
857 4520 946 4592 de
974 4523 1249 4593 ratione
1289 4525 1546 4620 prioris
1584 4525 1800 4618 hujus
1845 4524 2234 4594 voluminis
2288 4524 2687 4593 accuratius
2732 4521 2998 4609 dicam,
3052 4521 3204 4593 fieri

444 4641 749 4710 omnino
791 4666 938 4711 non
963 4647 1222 4738 potuit,
1251 4645 1428 4740 quin
1461 4668 1847 4738 graecorum
1877 4646 2265 4717 verborum
2294 4660 2669 4715 contextus
2692 4646 3207 4740 exprimeretur

445 4762 844 4832 secundum
871 4766 1360 4835 recensionem
1388 4765 2036 4860 diligentissimam,
2072 4789 2288 4860 quam
2324 4778 2486 4860 post
2526 4763 2917 4833 Bekkerum
2952 4763 3205 4833 duum-

447 4885 576 4954 viri
599 4884 1022 4966 doctissimi,
1040 4891 1378 4956 BArrssnns
1402 4903 1472 4957 et
1499 4890 1864 4973 SAUPPIUS,
1894 4887 2298 4980 conjunctis
2326 4887 2515 4958 curis
2534 4887 3017 4955 instituerunt.
3062 4890 3205 4954 Iso-

443 5006 617 5074 crati
647 5021 978 5100 praeterea
992 5009 1288 5102 contigit
1305 5023 1384 5078 ut
1411 5010 1622 5079 etiam
1659 5003 1961 5102 δευτέραις
1992 5012 2285 5106 φροντίσιν
2314 5011 2389 5079 in
2417 5032 2629 5078 usum
2658 5013 2711 5078 F
2714 5008 2952 5077 irmini
2984 5006 3203 5077 Didot

441 5151 480 5195 a
525 5128 794 5196 Baitero
843 5144 1462 5223 recognosceretur
1508 5128 1736 5224 (Vide
1783 5127 2268 5224 praefationem
2312 5153 2471 5226 quae
2517 5130 2808 5201 Isocrati
2856 5129 2999 5222 jam
3038 5143 3201 5196 aute

442 5269 715 5315 annum
749 5250 1124 5342 separatim
1171 5248 1246 5317 in
1277 5248 1644 5344 publicum
1680 5250 1942 5319 emisso
1962 5247 2239 5345 praeflxa
2265 5251 2433 5344 est).
2463 5249 2739 5336 Quodsi
2764 5272 2932 5318 vero
2961 5246 3053 5317 ab
3068 5246 3200 5318 hac

1833 5392 1853 5431 1
