3825 5842
609 458 720 511 15⁸
1637 447 1923 511 ΔΥΣΙΟΥ
1963 452 2014 509 Ο
2056 450 2255 511 ΚΑΤΑ
2304 454 2571 516 ΑΓΟΡΑ·
2570 458 2609 515 s
2612 456 2735 517 ΟΥ
3515 466 3777 551 (ιιι-ιιι)

603 572 742 641 τείας
763 570 1180 651 καθισταμένης,
1210 570 1504 654 απέγραφες
1537 570 1628 631 καὶ
1667 570 1971 643 ἀπέκτεινας
2012 574 2162 647 Ἀθη·

603 661 761 719 ναίων
789 661 1013 728 πολλοὺς
1038 659 1128 720 καὶ
1153 659 1401 769 ἀγαθούς.

681 768 750 809 aa.
793 748 1062 825 Βούλομαι
1091 746 1134 807 δ’
1161 750 1300 825 ὑμῖν,
1325 772 1370 805 ω
1409 746 1588 828 ἄνδρες
1613 748 1890 824 δικασταί,
1913 748 2163 819 ἐπιδεῖξαι

601 836 722 897 οἵων
748 839 945 917 ἀνδρῶν
973 837 1059 895 ὑπ’
1093 834 1370 916 Ἀγοράτου
1406 836 1783 917 ἀπεστέρησθε.
1868 840 1934 897 Ei
1956 837 2051 916 μὲν
2074 830 2162 897 ουν

603 928 662 985 οὗ
686 925 870 985 πολλοὶ
897 916 1061 1001 ἦσαν,
1092 927 1209 982 καθ’
1243 921 1462 983 ἕκαστον
1489 922 1554 985 ἂν
1581 924 1702 1005 περὶ
1727 927 1896 986 αὐτῶν
1918 926 2161 1000 ἠκούετε,

602 1020 692 1074 ν’ὗν
717 1012 770 1073 δὲ
804 1011 1101 1083 συλλήὸδην
1129 1012 1247 1093 περὶ
1277 1011 1507 1071 πάντων.
1565 1014 1640 1072 Οἱ
1669 1009 1764 1088 μὲν
1791 1011 1892 1093 γὰρ
1923 1036 2165 1095 στρατη-

602 1100 902 1178 γήσαντες(
882 1105 1004 1174 υμῖν
1024 1099 1276 1166 πολλάκις
1319 1099 1480 1177 μείζω
1504 1096 1600 1169 τὴν
1624 1098 1774 1157 πόλιν
1794 1108 1899 1167 τοῖς
1926 1101 2161 1181 διαδεχο-

529 1206 581 1247 ao
608 1188 778 1266 μένοις
805 1188 1112 1266 στρατηγοῖς
1149 1186 1514 1267 παρεδίδοσαν·
1543 1189 1590 1245 οἱ
1626 1186 1671 1244 δ’
1709 1185 1887 1269 ἑτέρας
1933 1188 2165 1267 μεγάλας

605 1274 769 1356 ἀρχὰς
793 1272 1037 1355 ἄρξαντες
1053 1272 1143 1334 καὶ
1159 1272 1501 1355 τριηραρχίας
1519 1272 1715 1342 πολλὰς
1738 1276 2160 1358 τριηραρχήσαν-

601 1384 684 1429 τες
727 1360 1056 1421 οὐδεπώποτε
1103 1363 1190 1441 ὑφ’
1235 1364 1383 1438 ὑμῶν
1427 1360 1674 1436 οὐδεμίαν
1715 1362 1886 1420 αἰτίαν
1938 1361 2161 1444 αἰσχρὰν

603 1448 774 1529 ἔσχον·
859 1453 948 1528 (aa)
979 1452 1028 1508 οἱ
1056 1447 1101 1507 δ’
1134 1450 1306 1507 αὐτῶν
1341 1448 1728 1529 περιγενόμενοι
1764 1450 1855 1511 καὶ
1882 1452 2160 1529 σωθέντες,

603 1538 687 1607 οὓς
716 1530 860 1605 οὗτος
883 1537 976 1614 μὲν
1003 1536 1304 1596 ἀπέκτεινεν
1331 1538 1486 1615 ὠμῶς
1512 1538 1602 1597 καὶ
1637 1537 1851 1606 θάνατος
1875 1542 2045 1599 αὐτῶν
2068 1564 2162 1599 κα·

601 1624 894 1707 τεγνώσθη,
915 1630 951 1697 ἡ
980 1623 1035 1683 δὲ
1067 1622 1199 1704 τύχη
1241 1624 1330 1684 καὶ
1359 1628 1388 1683 ὁ
1424 1623 1626 1700 δαίμων
1667 1626 2021 1707 περιεποίησε·
2066 1650 2160 1708 φυ·

601 1713 773 1793 γόντες
800 1711 901 1794 γὰρ
929 1712 1125 1773 ἐνθένδε
1160 1711 1252 1772 καὶ
1289 1714 1348 1772 οὗ
1379 1711 1752 1791 συλληφθέντες
1791 1712 1907 1773 οὐδὲ
1944 1714 2159 1792 ὑπομεί-

523 1823 577 1863 as
603 1824 778 1868 ναντες
816 1800 913 1873 τὴν
938 1800 1129 1881 κρίσιν,
1170 1801 1504 1869 κατελθόντες
1540 1800 1644 1861 ἀπὸ
1682 1803 1867 1873 Φυλῆς
1906 1806 2164 1881 τιμῶνται

603 1890 686 1972 ὑφ’
709 1893 854 1969 ὑμῶν
874 1892 944 1956 ὡς
969 1888 1149 1969 ἄνδρες
1169 1890 1352 1967 ἀγαθοὶ
1375 1888 1534 1957 ὄντες.

679 1998 751 2041 os.
792 1978 1018 2044 Τούτους
1055 1976 1232 2054 μέντοι
1266 1976 1521 2044 τοιούτους
1557 1976 1708 2045 ὄντας
1734 1978 2008 2059 Ἀγόρατος
2046 1975 2164 2045 τοὺς

603 2064 696 2144 μὲν
727 2066 1024 2138 ἀπέκτεινε,
1053 2064 1169 2132 τοὺς
1203 2062 1259 2123 δὲ
1288 2064 1522 2147 φυγάδας
1557 2068 1784 2125 ἐντεῦθεν
1809 2065 2055 2142 ἐποίησε,
2086 2064 2162 2132 τίς

601 2152 674 2213 ὣν
700 2154 885 2227 αὗτός;
913 2156 991 2212 δεῖ
1016 2150 1164 2233 γὰρε
1145 2162 1279 2229 υμᾶς
1305 2152 1498 2212 εἰδέναι
1526 2151 1606 2212 ὅτι
1631 2155 1810 2221 δοῦλος
1835 2154 1929 2213 καὶ
1954 2156 2017 2214 ἐκ
2044 2152 2158 2213 δού·

600 2244 711 2301 λων
741 2242 908 2321 ἐστίν,
931 2240 996 2300 ἵν’
1027 2242 1198 2313 εἰδῆτε
1223 2231 1328 2309 οἶος
1357 2239 1429 2300 ὢν
1460 2243 1598 2319 υμᾶς
1629 2241 1961 2320 ἐλυμαίνετο·
1993 2239 2161 2323 τούτῳ

602 2330 698 2409 μὲν
720 2328 820 2411 γὰρ
843 2327 1020 2410 πατὴρ
1049 2320 1113 2402 ἦν
1137 2327 1419 2411 Εὐμάρης,
1443 2328 1644 2409 ἐγένετο
1667 2329 1722 2389 δὲ
1751 2333 1778 2389 ὁ
1796 2328 2050 2410 Εὐμάρης
2072 2298 2163 2387 οὗ·

601 2443 688 2489 τος
731 2416 1046 2486 Νικοκλέους
1088 2418 1179 2478 καὶ
1221 2416 1556 2486 Ἀντικλέους.
1646 2417 1755 2481 Καί
1800 2440 1890 2497 μοι
1930 2417 2161 2491 ἀναὸητε

604 2508 879 2589 μάρτυρες.

521 2640 576 2681 ιο
1199 2629 1545 2679 rumpas.

679 2766 749 2807 65.
791 2744 977 2807 Πολλὰ
1021 2744 1211 2819 τοίνυν,
1254 2736 1299 2807 ὦ
1328 2746 1506 2826 ἄνδρες
1555 2744 1830 2818 δικασταί,
1873 2744 1973 2805 ὅσα
2012 2743 2155 2805 κακὰ

599 2834 692 2894 καὶ
720 2830 915 2914 αἰσχρὰ
939 2832 1029 2893 καὶ
1050 2832 1219 2915 τούτῳ
1243 2834 1332 2893 καὶ
1357 2834 1462 2901 τοῖς
1491 2834 1674 2894 τούτου
1701 2835 1939 2916 ἀδελφοῖς
1976 2834 2155 2893 ἐπιτε-

599 2922 876 2995 τήδευται,
902 2922 1036 2981 πολυ
1075 2921 1141 2981 διν
1168 2921 1248 2994 εἴη
1287 2922 1432 3002 ἔργον
1471 2918 1662 3001 λέγειν.
1713 2922 1881 3007 Περὶ
1922 2922 1977 2981 δὲ
2006 2946 2160 2982 συκο-

598 3008 816 3090 φαντίας
833 3052 852 3086 ,
875 3007 1002 3085 ὅσας
1027 3000 1172 3076 οῧτος
1205 3008 1240 3081 ἣ
1280 3009 1427 3077 δίκας
1463 3010 1597 3080 ῖδίας
1622 3001 1957 3091 συκοφαντῶν
1984 3009 2159 3071 ἐδικά-

599 3101 714 3167 ζετο
734 3095 771 3169 ἢ
798 3095 1001 3177 γραφὰς
1029 3096 1153 3165 ὅσας
1170 3097 1423 3180 ἐγράφετο
1446 3097 1481 3170 ἢ
1506 3099 1860 3181 ἀπογραφὰς’
1832 3097 2156 3181 απέγραφεν,

597 3183 744 3246 οὐδέν
766 3209 832 3262 με
853 3185 932 3243 δεῖ
952 3187 1068 3244 καθ’
1095 3182 1314 3245 ἕκαστον
1338 3184 1523 3265 λέγειν·
1548 3185 1848 3259 συλλήὸδην
1875 3186 1978 3267 γὰρ
2010 3190 2157 3265 ὑμεῖς

601 3272 824 3340 ἅπαντες
861 3271 952 3331 καὶ
993 3274 1046 3330 ἐν
1078 3276 1155 3355 τῷ
1175 3272 1326 3354 δήμῳ
1347 3273 1438 3332 καὶ
1463 3276 1515 3332 ἐν
1544 3276 1619 3354 τῷ
1649 3272 1967 3355 δικαστηρίῳ
1996 3297 2156 3334 συκο-

499 3359 816 3443 ι36φαντίας
887 3362 1046 3420 αὐτοῦ
1092 3360 1386 3439 κατέγνωτε
1423 3362 1513 3420 καὶ
1539 3360 1780 3444 ὤφλησεν
1817 3367 1941 3441 ὑμῖν
1970 3363 2158 3444 μυρίας

597 3446 1021 3530 δραχμάς,-ὥστε
1049 3452 1202 3509 τοῦτο
1240 3447 1336 3527 μὲν
1371 3452 1563 3517 ἱκανῶς
1597 3450 1698 3509 ὑπὸ
1734 3454 1879 3529 ὑμῶν
1907 3450 2155 3511 ἁπάντων

599 3536 1018 3617 μεμαρτύρηται.
1045 3537 1134 3616 (66)
1156 3539 1201 3598 Γ
1201 3540 1415 3604 υναῖκας
1431 3537 1602 3596 τοίνυν
1625 3541 1734 3596 τῶν
1753 3540 1979 3598 πολιτῶν
1996 3545 2159 3599 τοιοῦ-

595 3647 681 3695 τος
699 3622 775 3685 ὧν
794 3622 1055 3704 μοιχεύειν
1076 3623 1168 3684 καὶ
1189 3624 1498 3707 διαφθείρειν
1522 3624 1791 3707 ἐλευθέρας
1813 3626 2119 3707 ἐπεχείρησε
2136 3672 2153 3702 ,

594 3712 688 3773 καὶ
720 3711 915 3793 ἐλήφθη
943 3712 1138 3792 μοιχός·
1168 3712 1260 3772 καὶ
1292 3712 1476 3772 τούτου
1499 3713 1715 3781 θάνατος
1741 3718 1776 3787 ἡ
1805 3715 1967 3793 ζημία
1992 3714 2151 3778 ἐστίν.

595 3799 689 3869 Ὡς
736 3800 790 3859 δὲ
818 3802 988 3874 ἀληθῆ
1028 3800 1168 3881 λέγω
1187 3844 1204 3875 ,
1231 3800 1502 3882 μάρτυρας
1527 3800 1701 3864 κάλει.

523 3956 550 3999 5
1201 3931 1547 4007 mamam.

672 4036 971 4110 62³chv
995 4045 1162 4106 τοίνυν
1187 4052 1358 4119 οὗτοι,
1384 4071 1428 4105 ω
1451 4046 1630 4127 ἄνδρες
1663 4046 1939 4119 δικασταί,
1966 4046 2152 4107 τέττα

594 4154 677 4214 ρες
699 4133 931 4215 ἀδελφοί.
1015 4134 1227 4195 Τούτων
1257 4124 1329 4200 εἷς
1358 4132 1452 4211 μὲν
1478 4136 1506 4191 δ
1535 4132 1886 4215 πρεσόύτερος
1903 4134 1957 4192 ἐν
1986 4136 2149 4195 Σικε-

587 4220 682 4304 λία
709 4222 1340 4306 παραφρυκτωρευόμενος
1370 4222 1476 4291 τοῖς
1511 4222 1777 4300 πολεμίοις
1809 4222 2021 4303 ληφθεὶς
2048 4223 2150 4283 ὑπὸ

592 4312 858 4391 Λαμάχου
905 4310 1359 4389 ἀπετυμπανίσθη·
1407 4314 1436 4369 ὁ
1477 4310 1533 4369 δὲ
1564 4308 1734 4391 ἔτερος
1781 4313 1855 4378 εἶς
1900 4310 2149 4391 Κόρινθον

595 4396 687 4476 μὲν
725 4399 974 4458 ἐντευθενὶ
1020 4398 1338 4480 ἀνδράποδον
1385 4392 1658 4477 ἐξήγαγεν,
1696 4400 1886 4459 ἐκεῖθεν
1932 4397 1989 4457 δὲ
2030 4422 2151 4459 παι-

593 4484 774 4558 δίσκην
803 4488 963 4558 ἀστῆς
986 4484 1253 4567 ἐξαγαγὼν
1288 4486 1592 4561 ἁλίσκεται,
1634 4486 1724 4546 καὶ
1747 4488 1800 4545 ἐν
1831 4488 1908 4568 τῷ
1932 4486 2144 4565 δεσμω-

590 4572 754 4655 τηρίῳ
783 4572 1046 4653 δεδεμένος
1069 4574 1314 4649 ἀπέθανε·
1347 4575 1437 4654 (sn)
1467 4574 1556 4635 τὸν
1579 4574 1634 4635 δὲ
1655 4574 1828 4657 τρίτον
1851 4575 2146 4635 Φαινιππί-

515 4686 566 4729 10
593 4660 684 4733 δης
711 4661 890 4720 ἐνθάδε
927 4662 1234 4736 λωποδύτην
1267 4663 1543 4743 ἀπήγαγε,
1581 4662 1670 4723 καὶ
1705 4666 1852 4741 ὑμεῖς
1886 4661 2148 4744 κρίναντες

591 4748 748 4809 αὐτὸν
775 4753 831 4808 ἐν
851 4753 924 4809 τῶ
949 4752 1271 4833 δικαστηρίῳ
1306 4751 1397 4811 καὶ
1423 4750 1764 4831 καταγνόντες
1791 4752 1949 4809 αὐτοῦ
1984 4750 2147 4809 θοίνα-

587 4860 680 4899 τον
712 4840 1140 4917 αποτυμπανίσαι
1175 4838 1452 4921 παρέδοτε.
1539 4839 1638 4907 Ὡς
1681 4838 1736 4899 δὲ
1777 4841 1946 4912 ἀληθῆ
1975 4838 2143 4917 λε’γω,

587 4926 681 4987 καὶ
739 4927 896 4987 αὗτον
943 4918 1092 5006 οἶμαι
1137 4928 1476 5008 ὁμολογήσειν
1518 4949 1697 4987 τουτον
1737 4926 1828 4987 καὶ
1880 4926 2147 5008 μάρτυρας

588 5014 936 5099 παρεξόμεθα.

1185 5128 1530 5179 ΜΑΡΤΥΡΕΣ.

667 5246 736 5285 σο.
790 5229 912 5295 Πῶς
937 5218 1026 5285 οὖν
1057 5227 1158 5308 οὔχ
1193 5226 1360 5287 ἅπασι
1395 5224 1646 5308 προσήκει
1675 5228 1797 5305 ὑμῖν
1835 5224 2019 5288 τούτου
2044 5248 2142 5287 κα-

2250 577 2361 629 latis
2390 591 2530 629 novae
2570 580 2847 643 reipublicae
2870 595 2965 633 una
2982 583 3398 650 administrandas,
3418 587 3612 643 detulisti
3636 596 3705 645 et
3696 612 3752 647 rn-

2250 667 2479 723 tersecisti
2500 671 2678 722 multos
2698 674 2749 721 et
2764 673 2975 737 egregios
2990 674 3136 725 cives.

2312 762 2390 807 62.
2425 757 2550 807 Volo
2564 760 2729 809 autem
2740 760 2980 824 ,judices,
3000 762 3138 813 vobis
3154 777 3391 827 exponere
3406 766 3653 829 cuiusmodi
3668 770 3784 825 viris

2250 846 2314 897 ab
2333 849 2539 910 Agorato
2562 850 2665 900 ntis
2682 850 2858 901 orbati.
2946 852 3127 911 Quodsi
3146 865 3243 903 nou
3258 853 3325 903 ita
3343 856 3483 905 multi
3504 859 3665 923 forent,
3685 863 3759 913 sin-

2249 940 2451 1003 gulatim
2466 942 2649 1006 aliquid
2663 943 2731 995 de
2752 958 3047 1010 unoquoque
3070 960 3543 1001 commemorassem·
3529 952 3649 1014 ,iarn
3666 968 3759 1008 vero

2250 1035 2453 1097 accipite
2468 1036 2729 1089 universim
2746 1038 2809 1089 dc
2824 1041 3067 1092 omnibus.
3132 1046 3353 1101 Quorum
3374 1043 3453 1093 alii
3471 1047 3629 1096 vestris
3646 1062 3757 1099 exer-

2250 1126 2427 1179 citibus
2442 1131 2617 1195 saepius
2632 1132 2948 1199 imperantes,
2974 1136 3239 1188 auctiorem
3264 1138 3597 1203 rempublicam
3624 1156 3758 1195 succe-
3783 1184 3784 1187 η

2250 1223 2477 1277 dentibus
2518 1228 2609 1278 sibi
2640 1229 3009 1293 imperatoribus
3044 1232 3373 1295 tradiderunt;
3409 1236 3487 1285 alii
3524 1236 3689 1291 diverso
3720 1242 3757 1293 in

2250 1332 2421 1385 genere
2456 1326 2641 1388 magnis
2674 1328 3028 1389 magistratibus
3047 1328 3262 1380 defuncti
3280 1333 3333 1382 et
3360 1332 3621 1384 triremibus
3646 1350 3759 1401 ωρο-
3783 1382 3784 1385 ,

2250 1432 2453 1473 numero
2474 1424 2714 1488 praefecti,
2732 1426 2915 1479 nullius
2936 1440 3151 1492 unquam
3175 1428 3486 1493 turpitudinis
3506 1445 3534 1481 a
3549 1432 3670 1484 vobis
3684 1438 3757 1485 cri-
3783 1448 3784 1457 ¹

2251 1519 2563 1571 minationem
2588 1522 2808 1587 subiere3
2846 1526 2945 1589 (63)
2976 1526 3057 1575 alii
3082 1524 3291 1591 denique
3315 1531 3584 1593 superstites
3608 1534 3651 1581 et
3668 1548 3784 1607 con-1

2249 1619 2455 1682 servati,
2477 1632 2601 1686 quos
2618 1621 2709 1674 iste
2733 1622 2911 1673 occidit
2933 1624 3207 1687 crudeliter,
3229 1640 3531 1692 quorumque
3550 1628 3607 1679 de
3636 1634 3784 1695 capite
3782 1668 3784 1685 ⁴

2250 1718 2323 1767 est
2352 1716 2657 1783 iudicatum,
2692 1720 2779 1771 sed
2814 1735 2937 1785 quos
2969 1735 3059 1773 sua
3088 1736 3194 1774 sors
3224 1726 3276 1774 et
3303 1724 3495 1775 tortum
3524 1726 3698 1791 eripuit,
3722 1730 3755 1782 hi
3783 1710 3784 1779 J

2250 1808 2360 1873 ruga
2392 1810 2563 1874 elapsi,
2600 1814 2650 1863 et
2678 1812 2822 1865 elusis
2851 1814 3083 1877 vinculis,
3114 1830 3273 1881 neque
3292 1817 3477 1881 iudicio
3502 1826 3755 1888 exspectato,
3783 1824 3784 1827 ’

2248 1903 2345 1955 huc
2370 1906 2546 1956 reversi
2582 1920 2611 1956 c
2646 1908 2797 1972 Phyla
2822 1922 2853 1959 a
2881 1910 3020 1961 vohis
3046 1911 3345 1962 honorantur
3372 1914 3430 1963 ut
3464 1915 3619 1977 optimi
3642 1917 3754 1969 cives.

2312 2000 2388 2047 64.
2422 2001 2523 2049 Hos
2549 2013 2715 2051 omnes
2740 2000 2973 2064 eiusmodi
2999 2001 3129 2053 viros
3140 2040 3156 2067 ,
3178 2006 3416 2067 Aguratus
3449 2007 3613 2068 partim
3636 2014 3757 2059 morte

2248 2102 2435 2168 affecit,
2466 2107 2641 2169 partim
2660 2106 2711 2157 in
2734 2108 2937 2159 exilium
2962 2109 3104 2172 eiecit
3133 2128 3147 2161 ι
3174 2111 3277 2174 ipse
3306 2114 3472 2163 autem
3497 2114 3664 2176 qualis?
3684 2120 3757 2167 Vos

2249 2210 2376 2261 enim
2398 2215 2587 2276 oportet
2606 2226 2891 2277 cognoscere
2914 2228 3027 2266 cum
3050 2228 3245 2269 servum
3272 2230 3379 2268 esse
3408 2220 3460 2268 et
3478 2232 3507 2269 e
3524 2222 3657 2271 servis
3670 2235 3756 2285 pro·

2247 2320 2477 2384 guntur-13
2497 2323 2553 2372 ut
2568 2322 2728 2373 sciatis
2738 2322 2895 2387 qualis
2911 2322 3059 2374 homo
3078 2323 3216 2375 vobis
3232 2324 3555 2377 calamitatem
3571 2326 3757 2391 importa-

2248 2430 2327 2479 rit.
2374 2430 2459 2481 Isti
2475 2432 2601 2481 enim
2614 2434 2752 2497 pater
2762 2434 2867 2484 erat
2882 2406 3140 2497 Eumares3
3162 2438 3398 2487 Eumares
3413 2438 3572 2487 autem
3589 2437 3757 2489 Nicoclis

2248 2537 2353 2586 erat
2368 2548 2535 2587 servus
2553 2540 2603 2589 et
2620 2538 2831 2589 Anticlia.
2897 2542 2960 2589 Et
2977 2540 3096 2589 mibi
3121 2540 3297 2593 horum
3320 2544 3467 2595 testes
3486 2542 3709 2595 ascendite.

2902 2651 3141 2695 mna.

2309 2765 2384 2809 65.
2417 2760 2548 2817 Quot
2574 2758 2735 2823 igitur,
2755 2758 2958 2824 judices,
2980 2774 3129 2824 quam
3147 2774 3300 2825 prava
3317 2764 3371 2813 et
3388 2762 3605 2827 flagitiosa
3620 2764 3673 2815 ab
3688 2765 3753 2815 isto

2248 2853 2297 2902 ct
2318 2852 2455 2903 istius
2478 2854 2701 2905 fratribus
2725 2856 2997 2918 perpetrata
3030 2857 3161 2919 sunt,
3185 2869 3447 2919 operosum
3468 2860 3585 2909 emet
3601 2858 3755 2909 dicere:

2246 2946 2308 2999 de
2334 2949 2587 2999 calumniis
2610 2951 2777 2999 autem
2813 2962 2936 3013 quas
2969 2950 3048 3000 vel
3078 2950 3129 2999 in
3160 2952 3363 3015 privatis
3398 2951 3602 3016 iudiciis,
3634 2954 3698 3003 vel
3724 2954 3758 3001 in

2245 3046 2450 3108 publicis
2489 3048 2874 3099 acwsatiouibus
2887 3083 2903 3110 ,
2952 3049 3032 3099 vel
3080 3049 3131 3099 in
3173 3049 3497 3102 delationibus
3537 3051 3757 3113 faciendis,

2245 3146 2485 3209 exercuit,
2522 3146 2641 3197 nibil
2660 3160 2783 3211 opus
2808 3149 2883 3199 est
2902 3147 3175 3211 siugulatim
3200 3150 3369 3225 loqui3
3386 3164 3471 3201 vos
3492 3150 3610 3201 enim
3629 3164 3759 3201 omnes
3783 3212 3784 3229 ÷

2242 3246 2522 3296 summatim
2555 3248 2607 3297 ct
2626 3246 2756 3309 apud
2790 3248 3024 3311 populum
3056 3249 3108 3299 et
3131 3248 3261 3312 apud
3280 3248 3519 3313 tribuual,
3540 3248 3757 3299 calumnia·
3782 3252 3784 3289 ἱ

2244 3356 2353 3393 rum
2370 3354 2484 3394 eum
2502 3342 2879 3409 condemnastis,
2902 3347 2953 3397 et
2978 3346 3148 3397 decem
3174 3346 3307 3398 mille
3331 3346 3571 3399 drachmis
3588 3347 3757 3396 mulcta·

2242 3443 2327 3493 tus
2344 3442 2435 3493 cst.
2527 3444 2701 3494 Vestro
2731 3442 2897 3509 itaque
2930 3444 3150 3495 omniurn
3183 3444 3465 3495 testimonio
3496 3444 3754 3507 opprimitur.

2247 3542 2346 3604 (66)
2368 3542 2539 3605 Atqui,
2556 3542 2667 3592 talis
2692 3554 2845 3605 quuru
2872 3542 2961 3601 sit,
2996 3542 3175 3592 civium
3198 3554 3375 3592 uxores
3396 3541 3563 3591 liber-as
3578 3543 3759 3603 stuprare

2242 3638 2292 3687 et
2317 3638 2489 3688 vitiare
2516 3638 2747 3701 instituit,
2779 3639 2829 3689 et
2852 3636 2905 3689 iu
2936 3637 3041 3702 ipso
3076 3637 3316 3690 adulterio
3347 3640 3425 3689 est
3453 3636 3757 3701 depr-ebenum

2240 3730 2321 3780 cui
2356 3730 2557 3781 facinori
2590 3744 2724 3783 mors
2762 3744 2904 3795 poena
2932 3744 2963 3779 a
3002 3731 3185 3794 legibus
3218 3732 3557 3797 praescr‘ibitur.
3641 3728 3757 3788 Quod

2240 3829 2403 3878 autem
2420 3840 2535 3878 vera
2553 3829 2791 3891 proferam
2805 3864 2820 3890 ,
2842 3829 2991 3879 testes
3011 3841 3150 3897 yoca.

2892 3948 3132 3993 '1881ssss-

2302 4068 2376 4115 67.
2412 4067 2560 4115 Erant
2572 4066 2715 4129 igitur
2735 4066 2840 4129 isti,
2855 4064 3075 4129 iudices,
3109 4065 3280 4115 iratres
3297 4066 3552 4129 quattuor3
3575 4074 3751 4127 querum
3782 4094 3784 4097 <

2237 4170 2357 4220 natu
2388 4170 2629 4221 maximus
2644 4171 2695 4220 in
2716 4170 2878 4221 Sicilia
2908 4184 2939 4220 a
2970 4170 3209 4221 Lamacho
3231 4168 3549 4233 deprehensus
3569 4166 3753 4217 hostibus

2236 4278 2469 4329 indicium
2489 4292 2573 4343 per
2588 4291 2814 4330 accensos
2842 4278 2977 4341 ignes
3004 4277 3169 4328 secisse
3182 4314 3199 4341 ,
3226 4278 3462 4328 fustuario
3486 4277 3664 4341 punitus
3676 4276 3748 4324 est.

2237 4386 2372 4436 Alius
2411 4386 2525 4436 hinc
2564 4384 2853 4437 corinthum
2888 4383 3093 4435 abduxit
3138 4384 3459 4447 mancipium;
3508 4383 3588 4446 qui
3624 4392 3749 4445 quum

2236 4506 2401 4543 rursus
2435 4492 2570 4543 illinc
2590 4492 2797 4556 puellam
2838 4492 2958 4542 civis
2996 4492 3243 4555 reportare
3286 4492 3442 4556 plagio
3474 4492 3583 4541 item
3614 4500 3749 4541 surre-

2234 4602 2367 4661 ptam
2402 4600 2675 4661 conaretur,
2712 4596 3132 4661 comprehenditur
3162 4599 3213 4647 et
3250 4597 3303 4647 in
3336 4596 3537 4649 vinculis
3562 4594 3749 4646 moritur.

2236 4702 2337 4765 (68)
2372 4703 2588 4754 Tertium
2607 4700 2937 4766 Plroenippides
2958 4716 3094 4751 reum
3108 4701 3225 4751 iurti
3242 4700 3461 4765 sistebat3
3478 4702 3528 4753 et
3546 4714 3625 4750 vos
3635 4712 3749 4763 φια-

2232 4809 2386 4861 stione
2418 4808 2469 4857 in
2494 4807 2723 4857 tribunali
2751 4805 2915 4857 habita
2929 4842 2945 4869 ,
2965 4806 3121 4871 capite
3152 4806 3431 4857 damnatum
3450 4804 3663 4857 iirstuario
3680 4814 3749 4867 pu·

2232 4913 2461 4966 uieudum
2490 4912 2768 4964 tradidistis.
2804 4914 2922 4963 Haec
2947 4912 3016 4963 ita
3044 4925 3096 4963 se
3122 4912 3301 4963 habere
3324 4914 3375 4963 et
3402 4912 3553 4975 ipsum
3568 4908 3749 4959 arbitror
3783 4916 3784 4957 ὲ

2232 5032 2331 5072 nou
2353 5020 2529 5071 infitias
2550 5020 2735 5071 iturum
2748 5057 2763 5083 ,
2791 5021 2841 5069 et
2856 5020 3003 5070 testes
3024 5018 3307 5083 producam.

2884 5122 3125 5165 usus.

2294 5238 2373 5287 69.
2408 5235 2505 5293 Qui
2536 5233 2683 5297 igitur·
2702 5245 2803 5283 non
2838 5244 2867 5281 a
2904 5217 3042 5281 robis
3063 5230 3289 5283 omnibus
3316 5230 3407 5283 iste
3434 5228 3570 5281 debet
3592 5222 3745 5277 conde·
