3825 5842
152 498 391 577 (πε-τη)

1014 487 1181 550 ISAEI
1222 488 1342 550 OB.
1383 486 1485 549 DE
1526 486 1848 550 HAGNIAE
1886 486 2392 550 HEREDITATE.

3191 499 3296 553 aii

151 632 215 711 ἐφ’
236 632 349 705 ἡμῖν
378 634 481 694 τοῖς
514 622 769 705 ἐγγύτατα
794 622 969 703 γένους
984 667 999 697 ,
1028 619 1079 681 εί
1112 644 1164 679 τι
1198 618 1356 680 πάθοι
1371 664 1389 697 ,
1420 620 1491 679 τὰ
1526 617 1667 679 ὄντα
1745 627 1789 679 ei
1806 628 1964 679 secius
1984 626 2280 692 contingeret
2293 661 2307 689 ,
2329 626 2552 691 reliquit,
2574 626 2659 679 sed
2691 640 2778 691 pro
2795 626 2896 679 fllia
2919 628 3012 680 sibi
3043 630 3304 694 adoptabat

149 716 411 791 κατέλιπεν,
440 716 555 773 ἀλλ’
587 710 863 784 ἐποιήσατο
888 707 1143 791 θυγατέρα
1172 712 1329 769 αὑτοῦ
1360 710 1657 790 ἀδελφιδῆν·
1746 720 1926 771 sororis
1941 732 2042 770 suae
2060 718 2237 782 filiam5
2263 716 2337 769 sin
2357 721 2520 771 autem
2535 720 2619 771 iiia
2633 734 2870 785 quoquea
2884 722 3076 773 sinistro
3093 722 3192 773 fato
3203 724 3304 774 toi-

150 808 185 863 εἰ
216 804 263 864 δέ
293 827 339 862 τι
368 802 456 863 καὶ
489 798 621 873 αὐτὴ
654 799 836 873 πάθοι,
876 797 1149 861 Γλαύκωνι
1191 796 1257 857 τὰ
1302 796 1427 857 ὄντα
1462 797 1657 871 ἰδίδου,

150 895 323 975 ἀδελφῷ
350 890 453 953 ὄντι
494 888 795 970 ὁμομητρίῳ
812 912 825 925 ·
869 886 959 947 καὶ
987 885 1135 946 ταῦτ’
1172 888 1226 945 ἐν
1254 883 1523 957 διαθήκαις
1550 883 1659 945 ἐνέ-

92 1008 131 1047 15
151 984 307 1061 γραψε.
386 980 447 1059 (s)
490 976 704 1059 Χρόνων
732 978 787 1035 δὲ
816 973 1190 1053 διαγενομένων
1220 971 1353 1051 μετὰ
1376 978 1541 1033 ταῦτα
1568 995 1659 1031 τε·

149 1070 279 1149 λευτᾷ
298 1065 385 1143 μὲν
413 1064 731 1135 Εὔὸουλίδης
744 1110 760 1136 ,
785 1064 1005 1145 τελευτᾷ
1019 1064 1064 1120 δ’
1082 1066 1117 1134 ἡ
1138 1060 1367 1143 θυγάτηρ
1384 1060 1453 1133 ἢν
1480 1058 1661 1131 ἐποιή·

150 1174 254 1214 σατο
284 1154 503 1235 Ἁγνίας,
530 1152 788 1230 λαμὸάνει
827 1150 884 1209 δὲ
904 1148 993 1209 τὸν
1020 1152 1211 1229 κλῆρον
1238 1148 1492 1211 Γλαύκων
1521 1146 1659 1208 κατὰ

150 1241 225 1315 τὴν
245 1242 495 1315 διαθήκην.
544 1238 729 1317 Ἡμεῖς
756 1236 799 1297 δ’
827 1238 885 1295 οὔ
904 1235 1107 1295 πώποτ’
1137 1235 1435 1313 ἠξιώσαμεν
1454 1238 1660 1317 ἀμφισ-

150 1331 341 1405 ὅητῆσαι
368 1330 492 1411 πρὸς
523 1326 616 1397 τὰς
655 1324 848 1387 ἐκείνου
873 1322 1153 1399 διαθήκας,
1178 1324 1292 1383 ἀλλ’
1324 1322 1531 1405 ᾠόμεθα
1557 1322 1659 1381 δεῖν

147 1419 243 1500 περὶ
264 1424 355 1479 τῶν
383 1420 538 1479 αὐτοῦ
572 1415 669 1489 τὴν
698 1414 891 1475 ἐκείνου
922 1411 1135 1493 γνώμην
1174 1403 1305 1472 εἶναι
1342 1410 1543 1491 κυρίαν,
1572 1406 1663 1469 καὶ

146 1508 307 1576 τούτοις
328 1507 649 1586 ὄνεμένομεν.
730 1502 800 1565 Ἦ
824 1504 869 1563 δ’
908 1502 1234 1565 Εὖόουλίδου
1262 1499 1496 1581 θυγάτηρ
1526 1498 1661 1579 μετὰ

146 1601 229 1655 τῶν
266 1599 385 1676 αὐτῇ
430 1591 876 1676 συμπραττόντων
913 1589 1171 1670 λαγχάνει
1206 1594 1297 1649 τοῦ
1340 1587 1533 1669 κλήρου
1572 1586 1663 1645 καὶ

88 1710 127 1751 ω
146 1684 367 1763 λαμὸάνει
390 1682 650 1756 νικήσασα
677 1680 794 1749 τοὺς
818 1677 957 1739 κατὰ
982 1676 1078 1752 τὴν
1102 1676 1353 1750 διαθήκην
1385 1674 1659 1757 ἀμφισὸη·

146 1772 394 1849 τήσαντας,
439 1770 539 1839 ἔξω
580 1768 677 1847 μὲν
720 1759 851 1828 οῧσα
894 1770 987 1839 τῆς
1030 1762 1359 1845 ἀγχιστείας,
1402 1762 1661 1824 ἐλπίσασα

148 1860 184 1918 δ’
208 1862 293 1936 (ὣς
312 1858 501 1938 ἔοικεν)
528 1862 673 1936 ἡμᾶς
700 1854 829 1935 πρὸς
857 1852 1017 1925 αὐτὴν
1048 1855 1143 1913 οὔκ
1166 1850 1510 1923 ἀντιδικήσαν
1527 1850 1662 1924 ,-8τι

146 1944 240 2005 οὐδὲ
257 1946 371 2025 πρὸς
382 1945 473 2014 τὰς
492 1944 745 2016 διαθήκας
762 1938 1267 2024 ἠμφισὸητήσαμεν.
1355 1938 1446 2018 (ιο)
1475 1938 1663 2018 Ἡμεῖς

148 2032 195 2092 δι’
203 2078 217 2107 ,
249 2032 339 2112 ἐγὼ
368 2034 455 2093 καὶ
498 2032 759 2114 Στράτιος
800 2028 892 2089 καὶ
928 2030 1265 2109 Στρατοκλῆς
1279 2072 1295 2102 ,
1334 2027 1512 2099 ἐπειδὴ
1559 2028 1664 2095 τοῖς

146 2121 364 2198 ἐγγύτατα
416 2119 595 2198 γένους
632 2116 903 2198 ἐγεγένητο
942 2115 1165 2183 ἰπίδικος
1204 2119 1234 2174 ὁ
1280 2117 1507 2195 κλῆρος,
1549 2137 1659 2173 πα·-

147 2208 471 2287 ρεσκευάζοντο
518 2207 747 2274 ἅπαντες
804 2204 1083 2285 λαγχάνειν
1100 2227 1115 2241 ·
1169 2202 1291 2283 πρὶν
1335 2201 1388 2262 δὲ
1424 2200 1662 2282 γενέσθαι

144 2296 216 2361 τὰς
240 2296 395 2368 λήξεις
426 2301 529 2357 τῶν
570 2298 741 2355 δικῶν’
761 2298 889 2370 ἡμῖν
929 2294 1145 2373 τελευτᾷ
1186 2289 1280 2369 μὲν
1316 2294 1345 2350 ὃ
1383 2289 1661 2371 Στράτιος,

86 2416 125 2456 2¹·
144 2388 323 2467 τελευτᾷ
348 2386 393 2444 δ’
416 2390 444 2444 ὁ
466 2385 839 2465 Στρατοκλῆς,
861 2379 1111 2458 λείπομαι
1142 2381 1189 2439 δ’
1220 2377 1323 2461 ἐγὼ
1370 2378 1521 2457 μόνος
1556 2382 1659 2438 τῶν

143 2472 245 2553 πρὸς
284 2473 465 2555 πατρὸς
505 2470 579 2531 ὢν
625 2472 834 2551 ἀνεψιοῦ
882 2469 1033 2541 παῖς,
1078 2459 1125 2549 ᾧ
1170 2466 1313 2548 μόνῳ
1356 2465 1495 2525 κατὰ
1546 2466 1664 2535 τοὺς

144 2560 295 2638 νόμους
317 2560 503 2641 ἐγίνετο
528 2564 564 2633 ἡ
596 2556 919 2639 κληρονομία
935 2602 953 2637 ,
984 2556 1194 2615 πάντων
1230 2555 1331 2628 ἤδη
1358 2558 1462 2615 τῶν
1490 2555 1661 2615 ἄλλων

142 2648 496 2729 ἐκλελοιπόπεν,
518 2646 572 2709 οἳ
592 2646 779 2707 ταύτὸν
802 2645 923 2723 ἐμοὶ
941 2649 1007 2726 τῇ
1028 2642 1299 2723 συγγενείᾳ
1315 2642 1662 2723 προσήκοντες

144 2735 408 2818 ἐτύγχανον.
494 2740 589 2820 (ιι)
619 2738 713 2815 Τῷ
740 2733 795 2795 δὲ
833 2732 1095 2814 γνώσεσθε
1120 2730 1277 2805 τοῦθ’,
1304 2730 1385 2789 ὅτι
1412 2731 1527 2809 ἐμοὶ
1566 2730 1661 2808 μὲν

144 2824 449 2906 ἂγχιστεύειν,
497 2832 607 2891 τοῖς
662 2823 711 2881 δ’
772 2820 827 2891 ἐξ
872 2818 1080 2879 ἐκείνων
1130 2816 1391 2898 γεγονόσιν
1436 2820 1533 2877 οὐκ
1578 2809 1660 2891 ἧν,

142 2914 185 2971 ἐν
224 2906 289 2981 οἷς
320 2907 465 2981 οὗτος
484 2916 513 2972 ὁ
538 2916 668 2978 παῖς
702 2903 799 2985 ἧν;
828 2907 996 2977 Αὐτὸς
1018 2910 1045 2966 δ
1081 2906 1233 2984 νόμος
1254 2905 1501 2979 δηλώσει.
1583 2905 1663 2967 Τὸ

143 2999 218 3077 μὲν
248 3001 339 3083 γὰρ
375 2994 506 3061 εἶναι
534 3001 637 3073 τὴν
685 2995 990 3079 ἀγχιστείαν
1040 2997 1266 3077 ἀνεψιοῖς
1306 2992 1437 3073 πρὸς
1469 2991 1663 3074 πατρὸς

92 3112 131 3151 ao
148 3089 275 3169 μέχρι
311 3093 530 3173 ἀνεψιῶν
572 3087 776 3147 παίδων
820 3084 1150 3164 ὁμολογεῖται
1172 3079 1321 3163 παρὰ
1354 3080 1583 3141 πάντων·
1618 3084 1661 3140 εἶ

142 3174 183 3236 δὲ
224 3180 325 3255 μεθ’
349 3182 488 3255 ἡμᾶς
516 3177 699 3237 δίδωσι
743 3178 849 3242 τοῖς
882 3171 1151 3255 ἡμετέροις
1171 3169 1357 3244 παισί,
1395 3172 1537 3228 τοῦτ’
1558 3169 1660 3242 ἤδη

142 3264 351 3325 σκεπτέον
373 3267 501 3327 ἐστί.
590 3262 739 3326 Aa&
763 3252 851 3322 οῦν
875 3260 1048 3327 αὐτοῖς
1072 3258 1159 3319 τὸν
1194 3256 1348 3335 νόμον
1372 3256 1464 3317 καὶ
1490 3256 1663 3336 ἀναγί-

141 3376 296 3415 νωσκε.

216 3515 499 3571 Nomos.
538 3496 664 3569 Ἐὰν
698 3494 767 3569 δὲ
802 3492 1013 3593 μηδεὶς
1045 3496 1083 3592 ἦ
1115 3496 1257 3592 πρὸς
1286 3496 1508 3589 πατρὸς
1551 3496 1658 3589 μέ-

138 3634 217 3699 χρι
242 3606 485 3698 ἀνεψιῶν
524 3599 795 3687 παίδων,
827 3608 967 3684 τοὺς
995 3605 1137 3699 πρὸς
1170 3602 1393 3696 μητρὸς
1432 3600 1659 3695 κυρίους

144 3708 263 3780 εἶναι
290 3714 441 3781 κατὰ
472 3712 557 3781 τὰ
588 3710 763 3781 αὐτά.

204 3896 260 3935 12.
297 3876 532 3935 Ἀκούετε
548 3920 567 3952 ,
598 3862 643 3932 ὦ
673 3872 882 3953 ἄνδρες,
907 3867 987 3928 ὅτι
1014 3872 1042 3928 δ
1070 3866 1349 3945 νομοθέτης
1376 3868 1473 3926 οὐκ
1500 3856 1663 3941 εἶπεν,

139 3959 209 4019 ἐὰν
234 3962 398 4039 μηδεὶς
424 3955 459 4043 ἦ
482 3954 617 4042 πρὸς
639 3958 835 4040 πατρὸς
859 3958 1015 4039 μέχρι
1044 3959 1267 4038 ἀνεψιῶν
1292 3954 1514 4026 παίδων,
1546 3952 1662 4021 τοὺς

82 4075 119 4114 a
139 4052 219 4107 τῶν
253 4052 535 4133 ἀνεψιαδῶν
567 4040 699 4109 εἶναι
724 4048 953 4129 κυρίους,
978 4044 1114 4105 ἀλλὰ
1144 4042 1383 4103 ἀπέδωκε
1408 4046 1515 4111 τοῖς
1534 4040 1663 4123 πρὸς

139 4138 301 4219 μητρὸς
320 4144 405 4199 τοῦ
427 4138 860 4209 τελευτήσαντος,
885 4132 948 4193 ἂν
974 4138 1121 4210 ἡμεῖς
1142 4131 1219 4209 μὴ
1238 4119 1399 4209 ὦμεν,
1423 4129 1518 4201 τὴν
1540 4130 1664 4203 κλη-

142 4225 349 4301 ρονομίαν
382 4226 489 4299 ἤδη
504 4270 522 4302 ,
560 4224 798 4305 ἀδελφοῖς
832 4222 923 4283 καὶ
956 4224 1202 4301 ἀδελφαῖς
1236 4218 1327 4280 καὶ
1368 4217 1521 4277 παισὶ
1556 4226 1661 4287 τοῖς

140 4312 301 4371 τούτων
334 4313 423 4373 καὶ
452 4317 563 4381 τοῖς
602 4312 801 4385 ἄλλοις,
842 4308 980 4369 κατὰ
1014 4307 1183 4368 ταύτὰ
1216 4306 1456 4386 καθάπερ
1492 4305 1583 4367 καὶ
1610 4306 1662 4377 ἐξ

140 4400 277 4477 ἆρχῆς
302 4392 363 4473 ἦν
393 4398 761 4483 ὖπειρημένον·
798 4396 918 4465 τοὺς
946 4394 1003 4456 δὲ
1040 4394 1321 4474 ἡμετέρους
1344 4395 1539 4461 παῖδας
1564 4392 1661 4464 ἔξω

138 4488 211 4556 τῆς
230 4488 521 4568 ἀγχιστείας
548 4485 810 4559 ἐποίησεν.
893 4475 993 4552 Οἷς
1018 4483 1073 4542 δὲ
1094 4483 1217 4561 μηδ’
1240 4484 1284 4541 εἰ
1310 4481 1401 4541 καὶ
1422 4483 1659 4540 τετελευ-

140 4575 319 4644 τηκότες
352 4566 503 4657 ὦσιν,
546 4578 617 4643 ὡς
660 4573 795 4653 ἐγώ,
831 4574 1039 4633 δίδωσιν
1072 4574 1099 4630 δ
1131 4570 1283 4649 νόμος
1320 4569 1416 4642 τὴν
1462 4568 1660 4647 Ἁγνίου

142 4662 473 4741 κληρονομίαν,
490 4666 605 4731 πῶς
624 4664 750 4741 ἐμοῦ
776 4685 833 4722 τε
858 4664 1043 4732 ζῶντος
1064 4660 1153 4719 καὶ
1177 4656 1315 4719 κατὰ
1332 4657 1449 4725 τοὺς
1474 4655 1660 4735 νόμους’

88 4774 125 4811 ιο
145 4749 315 4827 ἔχοντος
338 4750 534 4812 οἴονται
568 4751 739 4818 αὐτοῖς
774 4740 1021 4820 εἶναιτὴν
1055 4744 1391 4827 ἀγχιστείαν;
1423 4746 1661 4821 οὗδαμῶς

146 4837 377 4908 δήπουθεν.
464 4842 555 4919 (13)
579 4836 737 4901 Ἀλλᾶι
762 4836 865 4917 μὴν
894 4840 939 4897 εἰ
966 4834 1162 4903 τούτοις
1184 4832 1260 4911 μὴ
1300 4832 1561 4911 μέτεστιν,
1588 4824 1659 4893 ὧν

146 4926 181 4981 οἱ
200 4926 395 5009 πατέρες
412 4926 601 4987 ταύτὸν
620 4925 737 5005 ἐμοὶ
762 4930 1047 5007 προσῆκον,
1076 4924 1194 4984 οὐδὲ
1218 4919 1386 5001 τούτῳ
1413 4924 1489 5001 τῷ
1510 4920 1659 4982 παιδὶ

147 5010 335 5085 γίνεται·
374 5015 462 5075 καὶ
502 5012 605 5097 γὰρ
638 5019 667 5073 ὁ
701 5013 885 5075 τούτου
920 5010 1096 5093 πατὴρ
1126 5009 1314 5089 ὁμοίως
1352 5002 1418 5095 ἦν.
1451 5006 1663 5078 ἐκείνοις

149 5100 379 5179 συγγενής.
458 5104 577 5165 Οὔκ
603 5093 691 5161 οῦν
724 5102 885 5162 δεινὸν
914 5100 1031 5179 ἐμοὶ
1074 5096 1169 5177 μὲν
1213 5096 1496 5177 διαρρήδην
1522 5095 1661 5158 οὕτω

151 5190 231 5245 τῶν
244 5188 399 5268 νόμων
420 5190 717 5252 δεδωκότων
733 5190 829 5263 τὴν
847 5186 1219 5272 κληρονομίαν,
1263 5184 1477 5253 τούτους
1495 5186 1541 5245 δ’
1565 5186 1663 5257 ἔξω

154 5276 224 5347 τῆς
241 5278 523 5359 ἂγχιστείας
544 5278 922 5354 πεποιηκότων,
950 5279 1149 5355 τολμᾶν
1176 5274 1377 5337 τουτονὶ
1396 5298 1660 5361 συκοφαν-

1749 813 1947 875 leretur,
1967 812 2201 864 Giaucoui
2217 812 2343 862 bona
2357 826 2446 863 sua
2459 810 2727 876 delegabat,
2749 816 2836 878 qui
2851 816 2996 866 frater
3014 816 3056 866 ei
3073 818 3176 867 erat
3195 819 3306 867 ute-

1750 903 1883 953 rinus
1908 922 1922 953 =
1947 904 1998 953 et
2022 902 2128 954 haec
2159 904 2214 955 in
2233 904 2411 954 tabuiis
2429 918 2458 954 a
2482 917 2534 955 se
2561 906 2840 969 conscriptis
2875 906 2942 957 ita
2964 907 3308 960 constituebat.

1748 992 1818 1059 (9)
1840 998 2078 1059 Tempore
2091 995 2343 1059 interiecto
2357 997 2465 1059 post
2482 994 2583 1045 vita
2599 996 2789 1046 excedit
2805 995 3084 1060 Eubulides,
3102 1010 3194 1048 nec
3211 1012 3308 1048 non

1748 1088 1906 1152 puelia
1929 1088 1990 1139 ab
2009 1089 2188 1152 Hagnia
2205 1088 2256 1138 in
2277 1088 2390 1139 filiae
2411 1088 2574 1139 iocum
2595 1088 2850 1153 adoptata3
2865 1092 2915 1140 et
2945 1090 3016 1139 sic
3041 1104 3070 1141 e
3087 1092 3308 1155 praescri·

1750 1182 1833 1244 pto
1855 1182 2130 1231 testamenti
2163 1181 2480 1232 hereditatem
2499 1180 2661 1232 adibat
2680 1182 2884 1233 Glauco.
2947 1184 3044 1234 Nos
3065 1197 3181 1235 vero
3195 1198 3309 1235 non·

1749 1276 1870 1327 dum
1897 1277 2210 1329 censebamus
2242 1277 2474 1328 adversus
2506 1277 2628 1327 illud
2653 1278 2996 1329 testamentum
3029 1280 3171 1331 nobis
3208 1293 3313 1332 esse

1688 1418 1695 1424 .
1752 1371 2166 1435 contendendum,
2197 1370 2282 1422 sed
2313 1371 2604 1435 putabamus
2633 1370 2877 1421 testatoris
2901 1370 3204 1423 voluntatem
3233 1370 3315 1420 de-

1752 1466 1866 1517 bere
1889 1467 2044 1515 ratam
2061 1478 2182 1517 esse.
2247 1463 2601 1516 constitutione
2630 1462 2736 1527 eius
2766 1466 2932 1528 itaque
2962 1465 3312 1529 acquievimus.

1753 1558 2005 1611 Eubulidis
2029 1558 2194 1610 autem
2229 1556 2330 1609 tilia
2349 1571 2448 1609 una
2480 1571 2595 1609 cum
2621 1558 2726 1609 aliis
2745 1572 2939 1609 causam
2963 1572 3077 1609 cum
3109 1572 3167 1610 ea
3184 1573 3314 1609 eom-

1752 1664 1954 1703 munem
1995 1652 2280 1703 facientibus
2315 1651 2628 1703 hereditatem
2668 1666 2697 1703 a
2715 1651 2961 1715 iudicibus
2989 1653 3140 1716 petit,
3168 1656 3316 1716 atque

1753 1745 1913 1797 aufert
1933 1745 2076 1796 victis
2109 1745 2205 1797 iilis
2239 1746 2326 1808 qui
2361 1758 2470 1797 eam
2506 1758 2571 1796 ex
2599 1744 2712 1808 jure
2735 1745 3014 1797 testamenti
3039 1746 3311 1809 petierant,

1752 1851 2031 1902 quanquam
2054 1840 2193 1889 extra
2213 1838 2619 1901 propinquitatem
2635 1840 2770 1901 erat;
2789 1852 2963 1889 verum
2987 1839 3208 1903 sperabat
3232 1839 3316 1889 iila

1756 1930 1835 1994 (ut
1849 1930 2042 1981 videtur
2058 1928 2078 1993 )
2097 1942 2186 1981 nos
2205 1942 2374 1981 secum
2391 1930 2530 1981 litem
2548 1930 2678 1981 haud
2696 1944 2800 1983 esse
2815 1944 3101 1995 exorsurus,
3116 1931 3200 1995 qui
3221 1931 3314 1982 ad·

1750 2032 1920 2070 versus
1937 2020 2286 2070 testamentum
2307 2019 2378 2071 nii
2397 2032 2612 2071 essemus
2627 2020 2802 2071 moliti.
2869 2021 2968 2084 (to)
3007 2023 3106 2071 Nos
3122 2022 3284 2070 autem
3295 2056 3313 2083 ,

1752 2125 1839 2176 ego
1852 2112 1903 2163 et
1914 2111 2123 2163 Stratius
2134 2113 2186 2162 et
2202 2112 2486 2177 stratocles,
2496 2114 2611 2177 qnia
2625 2114 2773 2164 semel
2793 2112 3062 2178 patefactus
3074 2114 3178 2164 erat
3185 2125 3316 2163 nune

1750 2209 1888 2260 loeus
1916 2206 2162 2273 proximis⁴
2185 2206 2470 2271 propinquis
2499 2220 2647 2271 super
2671 2207 2936 2259 hereditate
2965 2206 3286 2259 contendendi
3299 2242 3316 2269 ,

1752 2304 2042 2369 parabamus
2057 2316 2146 2354 nos
2181 2316 2348 2353 omnes
2367 2302 2429 2353 ad
2449 2303 2712 2367 petendum
2742 2324 2756 2355 ε
2780 2304 3062 2369 priusquam
3082 2318 3196 2355 vero
3217 2318 3318 2355 sor·

1752 2392 1948 2442 titiones
1963 2391 2158 2453 flerent,
2176 2390 2506 2441 moriebantur
2535 2392 2742 2443 Stratius
2773 2394 2828 2443 'et
2857 2394 3148 2456 Stratocles,
3171 2394 3222 2443 et
3247 2392 3317 2444 sic

1752 2478 2057 2543 relinquebat
2076 2492 2164 2541 ego
2180 2478 2312 2529 seius
2331 2480 2572 2542 superstes
2590 2492 2618 2529 e
2643 2481 2781 2542 gente
2800 2480 3194 2531 consobrinorum
3210 2483 3314 2532 iia-

1752 2568 1881 2632 gniee
1919 2581 1948 2617 a
1965 2568 2102 2631 parte
2121 2568 2321 2630 paterna
2335 2604 2351 2629 ,
2371 2567 2422 2617 et
2437 2566 2526 2617 soii
2550 2566 2670 2616 mihi
2689 2568 2816 2618 facta
2849 2568 2923 2618 est
2939 2568 3150 2631 legitima
3172 2570 3320 2631 hujus

1751 2656 2034 2707 hereditatis
2049 2655 2216 2719 petitio
2229 2691 2244 2718 ,
2265 2655 2436 2705 ceteris
2462 2654 2710 2718 omnibus',
2744 2654 2922 2720 quibus
2957 2670 3021 2707 ex
3038 2657 3186 2707 titulo
3209 2670 3319 2709 con·

1752 2744 2084 2807 sanguinitatis
2099 2757 2188 2807 par
2213 2744 2452 2805 cretius,
2481 2745 2582 2794 vita
2611 2743 2868 2795 destructis.
2933 2743 3034 2809 (11)
3061 2745 3203 2806 Quod
3221 2759 3318 2797 au-

1752 2834 1851 2882 tern
1884 2832 2004 2881 mihi
2023 2831 2220 2895 quidem
2263 2832 2438 2882 titulus
2471 2832 2840 2896 propinquitatis
2860 2834 3133 2897 competat,
3157 2834 3320 2887 minus

1752 2920 1915 2969 autem
1947 2919 2058 2969 filiis
2074 2920 2268 2970 illorum
2291 2919 2416 2969 inter
2439 2932 2563 2982 quos
2580 2920 2660 2970 hic
2695 2932 2890 2984 quoque
2911 2934 3032 2984 puer
3071 2925 3170 2983 est,
3207 2924 3319 2985 quis

1752 3010 1976 3061 docebit?
2006 3010 2108 3073 ipsa
2147 3010 2229 3060 lex
2259 3022 2449 3073 nempe.
2509 3010 2652 3073 Apud
2678 3024 2850 3063 omnes
2870 3012 2998 3063 enim
3023 3013 3074 3063 in
3099 3016 3316 3067 confesso

1753 3104 1825 3153 est
1850 3101 2148 3152 consobrinis
2165 3103 2216 3151 et
2231 3102 2407 3151 horum
2439 3100 2550 3152 filiis
2565 3102 2764 3153 titulum
2787 3106 3156 3169 propinquitatis
3177 3120 3315 3159 com-

1758 3194 1950 3257 petere3
1974 3207 2090 3245 num
2109 3196 2272 3245 autem
2297 3194 2509 3247 eundem
2543 3196 2743 3247 titulum
2773 3198 2854 3260 ius
2884 3198 3026 3249 civile
3049 3199 3316 3252 seeundum

1754 3296 1845 3335 nos
1866 3284 2042 3337 nostris
2063 3298 2258 3349 quoque
2278 3284 2440 3337 liberis
2475 3286 2689 3349 tribuat,
2727 3287 2822 3339 hoc
2849 3287 2950 3352 iam
2975 3292 3049 3343 est
3089 3304 3316 3355 quaeren-

1752 3374 1890 3425 dum.
1919 3378 2050 3439 cape
2080 3379 2136 3426 tu
2167 3376 2322 3441 legem
2343 3378 2469 3429 hanc
2486 3379 2536 3429 et
2553 3378 2700 3429 recita
2717 3380 2849 3445 ipsis.

1828 3508 2002 3569 LEX.
2035 3508 2136 3569 Sin
2165 3516 2358 3571 autem
2379 3526 2414 3571 a
2437 3518 2596 3587 parte
2620 3513 2802 3588 patris
2829 3528 2999 3572 nemo
3021 3514 3098 3573 sit
3127 3528 3314 3591 usque

1752 3614 1825 3673 ad
1873 3616 2345 3679 consobrinorum
2373 3616 2556 3696 filios,
2593 3616 2871 3677 bonorum
2901 3618 3108 3679 arbitri
3144 3626 3314 3681 sunto

1752 3724 2112 3799 propinquis
2142 3729 2303 3800 parte
2337 3724 2538 3783 matris
2561 3723 2763 3782 eodem
2791 3723 3008 3783 ordine.

1819 3878 1891 3923 12.
1925 3872 2138 3936 Auditis,
2153 3874 2270 3937 viri,
2289 3874 2445 3938 legem
2470 3875 2540 3925 sie
2571 3874 2964 3939 pronuntiantem
2977 3912 2993 3937 ,
3011 3875 3053 3926 si
3074 3876 3314 3932 hereditas

1748 3952 1952 4015 alicuius
1969 3952 2030 4003 ad
2062 3955 2374 4005 consobrinos
2407 3954 2513 4017 eius
2543 3968 2810 4019 eorumque
2848 3955 2973 4008 iiiios
3001 3960 3312 4023 processerit,

1748 4043 1860 4093 tum
1882 4052 1992 4091 eam
2013 4052 2114 4090 non
2143 4040 2346 4091 ulterius
2367 4039 2432 4090 ad
2450 4040 2626 4089 horum
2647 4052 2843 4103 quoque
2874 4039 2998 4090 tilios
3026 4040 3309 4106 procedere,

1746 4126 1833 4177 sed
1850 4126 2004 4189 legem
2029 4126 2164 4189 tum,
2192 4138 2346 4191 quum
2365 4138 2453 4177 nos
2475 4125 2872 4175 consobrinorum
2888 4126 3198 4189 paternorum
3221 4116 3312 4177 'tilii

1746 4211 2030 4263 desierimus
2068 4225 2168 4263 esse
2183 4250 2200 4275 ,
2229 4211 2544 4263 hereditatem
2581 4209 2795 4261 defuncti
2817 4209 3098 4274 propinquis
3125 4224 3156 4262 a
3175 4212 3312 4275 parte

1748 4295 1916 4346 matris
1929 4295 2128 4347 reddere
2139 4332 2156 4359 ,
2177 4296 2225 4346 h.
2247 4310 2290 4347 e.
2311 4295 2544 4347 tratribus
2575 4296 2625 4345 et
2641 4294 2887 4345 sororibus
2903 4294 3120 4347 deiuncti
3142 4298 3192 4347 et
3223 4298 3312 4349 ho-

1747 4389 1857 4426 rum
1874 4374 2037 4427 liberis
2055 4378 2106 4427 et
2123 4376 2347 4440 reliquis,
2385 4382 2583 4441 prorsus
2607 4374 2778 4427 eodem
2797 4376 2964 4427 ordine
2989 4379 3135 4442 atque
3165 4380 3310 4431 modo

1746 4460 1847 4509 dixi
1866 4460 1918 4509 in
1929 4461 2210 4525 propinquis
2226 4473 2255 4511 a
2277 4462 2412 4523 parte
2429 4461 2579 4525 patris
2609 4478 2622 4511 ι
2645 4462 2838 4511 nostros
2857 4462 3018 4513 autem
3037 4462 3214 4516 liberos
3229 4464 3311 4517 lex

1747 4558 1776 4595 a
1797 4544 1942 4597 titulo
1969 4544 2337 4609 propinquitatis
2369 4543 2600 4594 excludit.
2689 4543 2880 4601 Quibus
2897 4547 3062 4597 autem
3094 4547 3176 4597 lex
3203 4550 3312 4611 post

1746 4628 1907 4690 ipsum
1925 4626 2171 4677 decessum
2207 4638 2372 4676 meum
2389 4622 2591 4689 denegat
2618 4624 2702 4689 jus
2725 4626 3020 4691 hereditatiS,
3043 4641 3141 4693 quo
3165 4632 3309 4693 pacto

1746 4708 1797 4757 hi
1812 4724 1889 4759 me
1902 4708 2062 4757 adhue
2079 4708 2333 4771 superstite
2355 4710 2406 4758 et
2416 4721 2480 4758 ex
2501 4708 2788 4759 auctoritate
2811 4708 2976 4773 legum
2994 4710 3308 4761 hereditatem

1749 4789 1945 4838 tenente
1971 4787 2163 4851 sperant
2176 4786 2374 4835 titulum
2387 4784 2759 4851 propinquitatis
2784 4787 2874 4837 sibi
2894 4787 3028 4837 sore?
3093 4790 3191 4850 (13)
3216 4792 3308 4840 At-

1745 4870 1893 4936 quisi
1920 4869 2000 4932 jus
2031 4870 2089 4919 iis
2113 4868 2304 4918 nullum
2335 4870 2435 4930 est,
2470 4881 2679 4931 quorum
2702 4872 2862 4931 patres
2883 4869 3308 4931 consanguinitatis

1747 4954 1895 5020 gradu
1914 4964 2106 5003 mecum
2123 4964 2262 5015 pares
2275 4951 2431 5013 erant,
2452 4952 2595 5001 etiam
2609 4963 2760 5014 puero
2778 4950 2982 5013 huicJus
3002 4950 3190 4999 nullum
3205 4964 3308 5003 esse

1749 5037 1923 5101 potest,
1938 5034 2077 5096 cujus
2090 5036 2225 5098 pater
2237 5033 2286 5082 in
2298 5032 2524 5095 gradibus
2533 5032 2957 5095 consanguinitatis
2973 5031 3178 5081 eundem
3190 5044 3304 5084 cum

1750 5124 1841 5173 iilis
1882 5122 2046 5171 locum
2081 5118 2292 5170 tenebat.
2339 5116 2511 5168 Gravis
2551 5116 2716 5181 itaque
2754 5128 2830 5166 res
2854 5116 2928 5166 est
2955 5127 3046 5165 nec
3082 5113 3305 5178 ferenda,

1748 5214 2027 5267 quanquam
2043 5200 2170 5262 leges
2208 5198 2368 5249 verbis
2384 5200 2487 5248 tam
2505 5197 2692 5247 disertis
2728 5193 3042 5246 hereditatem
3076 5193 3192 5243 mihi
3213 5194 3304 5243 ad-

1701 5309 1719 5322 υ
1750 5281 1964 5333 dixerint
1975 5314 1990 5341 ,
2007 5278 2096 5330 hos
2116 5278 2280 5329 autem
2292 5275 2649 5341 propinquitate
2666 5272 2975 5337 excluserint,
2995 5273 3124 5323 hunc
3141 5274 3306 5327 tamen

2923 5413 3050 5478 l
3121 5400 3134 5409 .

2790 5502 2856 5547 ,κθ
