3825 5842
555 590 803 672 ὑμέτερον
833 588 908 669 μὴ
930 587 999 650 τὰ
1023 588 1211 670 ἄριστα
1235 586 1266 643 ὃ
1288 588 1454 668 μηδὲν
1478 586 1636 649 εἰπὼν
1663 587 1831 649 ταῦτὰ
1853 587 2110 651 πείσεται.

472 696 526 737 ιο
555 678 667 741 Καὶ
697 682 752 737 ἐν
793 677 890 756 μὲν
923 674 1286 755 ἐὸδομήκοντα
1309 674 1477 736 ἔτεσιν
1521 674 1666 736 οὐδὲν
1709 676 1996 759 ἐξήμαρτεν
2042 678 2115 745 εἰς

559 772 719 845 ὑμᾶς,
747 768 800 825 ἐν
827 764 968 826 ὀκτὼ
991 767 1035 824 δ’
1065 763 1301 845 ἡμέραις·
1325 761 1416 823 καὶ
1439 765 1486 823 οἱ
1520 762 1614 842 μὲν
1638 762 1727 823 τὸν
1766 763 1875 844 βίον
1905 764 2112 824 ἅπαντα

555 853 772 936 πονηροὶ
812 853 956 922 ὄντες
981 853 1201 935 χρηστοὶ
1231 855 1283 911 ἐν
1320 856 1398 933 τῷ
1424 850 1740 933 λογιστηρίῳ
1775 852 2111 931 γεγένηνται,

555 941 826 1008 πείσαντες
845 940 963 1009 τοὺς
979 939 1315 1022 κατηγόρους,
1337 940 1390 999 οἳ
1407 940 1454 999 δ’
1481 939 1563 999 ἀεὶ
1581 944 1704 1018 ὑμῖν
1721 940 1943 1021 χρηστοὶ
1960 932 2115 1015 ἦσαν,

557 1018 697 1089 οὗτοι
722 1027 959 1111 πονηροί.
1043 1028 1132 1112 (ιι)
1161 1027 1348 1090 Καίτοι
1376 1026 1430 1087 ἐν
1452 1051 1512 1107 γε
1537 1035 1652 1097 ταῖς
1673 1027 1920 1109 πρότερον
1942 1052 2115 1108 κατη-

556 1115 755 1201 γορίαις
773 1115 842 1176 τά
863 1139 922 1176 τε
942 1114 1080 1175 ἄλλα
1104 1115 1306 1193 κατηγό
1335 1138 1473 1189 ησαν
1492 1118 1656 1197 ψευδῆ
1680 1120 1768 1175 τοῦ
1793 1115 2005 1197 πατρός,
2024 1114 2115 1175 καὶ

557 1209 779 1283 συγγενῆ
807 1203 1075 1286 Φρύνιχον
1105 1206 1262 1265 αὐτοῦ
1291 1227 1316 1263 ε
1338 1226 1423 1263 ναι
1448 1206 1668 1285 ἔφασαν.
1753 1204 1943 1263 Καίτοι
1966 1204 2016 1263 εἴ
2039 1228 2118 1272 τις

560 1291 832 1372 βούλεται,
866 1294 919 1351 ἐν
941 1295 1018 1372 τῷ
1047 1290 1188 1373 λόγῳ
1210 1294 1285 1371 τῷ
1317 1292 1430 1373 ἐμῷ
1454 1290 1836 1373 μαρτυρησάτω
1857 1296 1928 1361 ὡς
1956 1294 2113 1372 ἄναγ-

457 1382 702 1440 159καῖον
712 1379 837 1440 ὄντα
853 1378 1126 1461 Φρυνίχῳ.
1140 1378 1299 1440 Ἀλλὰ
1321 1382 1326 1391 ’
1345 1378 1410 1459 ἂρ
1421 1381 1584 1461 ψευδῆ
1595 1378 1937 1461 κατηγόρουν.
1959 1379 2117 1441 Ἀλλδι

557 1468 663 1549 μὴν
682 1469 789 1528 οὐδ’
809 1470 870 1527 ἐκ
889 1467 1126 1537 παιδείας
1149 1466 1294 1551 φίλος
1309 1403 1384 1540 ἓν
1409 1468 1568 1547 αὐτῷ·
1592 1471 1620 1526 6
1645 1464 1741 1545 μὲν
1762 1466 1864 1549 γὰρ
1893 1469 1947 1527 ἐν
1971 1469 2117 1551 ἀγρῷ

554 1555 712 1629 πένης
730 1553 803 1615 ὢν
826 1554 1145 1634 ἐποίμαινεν,
1174 1559 1202 1614 6
1226 1554 1281 1614 δὲ
1304 1552 1479 1637 πατὴρ
1503 1556 1557 1613 ἐν
1576 1558 1652 1637 τῷ
1678 1554 1824 1616 ἄστει
1848 1555 2116 1615 ἐπαιδεύε-

555 1668 634 1707 το.
720 1643 808 1726 (12)
837 1643 948 1704 Καὶ
970 1641 1148 1716 ἐπειδὴ
1177 1640 1310 1724 ἀνὴρ
1345 1640 1574 1721 ἐγένετο,
1593 1645 1635 1703 ,ὁ
1665 1642 1759 1721 μὲν
1789 1642 2064 1725 ἐγεώργει,
2089 1647 2117 1702 6

557 1736 602 1793 δ’
622 1731 782 1792 ἐλθὼν
803 1733 874 1797 εἰς
893 1730 954 1791 τὸ
972 1730 1103 1791 ἄστυ
1123 1729 1458 1813 ἐσυκοφάντει
1471 1776 1488 1805 ,
1507 1729 1644 1790 ὥστε
1665 1730 1826 1809 μηδὲν
1846 1734 2115 1811 ὁμολογεῖν

557 1817 822 1900 τὼτρόπω
842 1817 918 1878 τὼ
937 1818 1200 1890 ἀλλήλοιν.
1225 1816 1334 1879 Καὶ
1356 1818 1431 1879 ὅτ’
1446 1816 1635 1888 ἐξέτινε
1651 1822 1728 1901 τῷ
1743 1818 2000 1900 δημοσίῳ,
2023 1820 2117 1879 οὐκ

491 1925 517 1963 s
551 1908 850 1989 ,εἰσήνεγκεν
890 1909 1036 1989 αὐτῷ
1072 1907 1135 1968 τὸ
1171 1906 1432 1990 ἀργύριον·
1459 1904 1636 1967 καίτοι
1663 1910 1715 1967 ἐν
1738 1908 1845 1976 τοῖς
1869 1906 2118 1977 τοιούτοις

557 1995 788 2078 μάλιστα
813 1990 1053 2069 δηλοῗῖσιν
1076 1994 1125 2055 οἳ
1140 1994 1203 2054 ἂν
1221 1994 1360 2075 φίλοι
1379 1984 1527 2056 ὦσιν.
1611 1996 1682 2056 Εἰ
1700 1996 1745 2054 δ’
1767 1986 1830 2069 ἦν
1854 1994 2115 2074 δημότης,

557 2088 615 2145 οὗ
640 2083 834 2151 δίκαιος
857 2082 944 2142 διὰ
969 2088 1124 2143 τοῦτο
1153 2080 1478 2164 βλάπτεσθαί
1505 2086 1643 2143 ἐστιν
1673 2085 1701 2142 6
1733 2081 1939 2163 πατήρ,
1970 2085 2014 2141 εἷ
2039 2083 2113 2161 μὴ

555 2174 646 2233 καὶ
673 2174 820 2252 ὑμεῖς
841 2172 1066 2231 ἀδικεῖτε
1083 2216 1102 2249 ,
1131 2170 1214 2230 ὅτι
1234 2173 1380 2249 ὑμῶν
1413 2172 1524 2230 ἐστι
1550 2169 1782 2243 πολίτης.
1867 2173 1958 2250 (ia)
1990 2174 2118 2241 Πῶς

558 2262 600 2321 δ’
633 2260 697 2323 ἂν
717 2261 914 2343 γίνοιτο
938 2258 1377 2341 δημοτικώτερος,
1400 2257 1436 2331 ἢ
1468 2256 1606 2326 ὅστις
1635 2261 1782 2337 ὑμῶν
1804 2258 2115 2340 ψηφισαμέ-

554 2372 655 2408 νων
682 2345 1121 2427 πεντακισχιλίοις
1145 2349 1470 2428 παραδοῦναι
1497 2346 1563 2405 τὰ
1583 2347 1870 2427 πράγματα
1889 2350 2113 2407 καταλο·

556 2435 672 2516 γεῖις
694 2432 766 2494 ὧν
791 2432 1196 2513 ἐννακισχιλίους
1216 2433 1505 2507 κατέλεξεν,
1528 2430 1614 2493 ἵνα
1634 2432 1814 2512 μηδεὶς
1841 2436 1983 2515 αὑτῷ
2002 2432 2114 2492 διά-

483 2544 534 2583 10
555 2546 708 2605 φορος
733 2520 814 2594 εἴη
841 2524 945 2582 τῶν
977 2522 1240 2598 δημοτῶν,
1267 2523 1384 2581 ἀλλ’
1413 2520 1500 2580 ἵνα
1539 2520 1628 2580 τὸν
1671 2519 1765 2597 μὲν
1800 2519 2112 2599 βουλόμενον

555 2612 772 2693 γράφοι,
801 2613 846 2669 εἰ
869 2608 926 2669 δέ
945 2633 1022 2690 τῳ
1053 2606 1126 2688 μὴ
1149 2601 1255 2669 οἷόν
1279 2612 1325 2669 τ’
1353 2608 1462 2683 εἴη,
1485 2607 1770 2690 χαρίζοιτο.
1802 2605 1991 2669 Καίτοι
2017 2610 2116 2689 οὔχ

557 2698 608 2758 οἳ
647 2697 708 2757 ἂν
737 2696 944 2764 πλείους
981 2694 1197 2763 πολίτας
1233 2697 1469 2769 ποιῶσιν,
1496 2686 1638 2755 οὗτοι
1670 2692 1987 2755 καταλύουσι
2024 2694 2113 2753 τὸν

557 2788 742 2863 δῆμον,
761 2785 879 2842 ἀλλ’
901 2781 952 2842 οἳ
973 2781 1038 2843 ἂν
1062 2784 1122 2841 ἐκ
1141 2781 1392 2843 πλειόνων
1418 2780 1676 2849 ἐλάττους.
1760 2782 1854 2862 (14)
1871 2772 2040 2849 Οὗτος
2060 2780 2115 2840 δὲ

555 2872 670 2935 οὔτε
691 2870 879 2951 ὀμόσαι
910 2870 1090 2944 ἤθελεν
1119 2869 1237 2929 οὔτε
1269 2868 1600 2948 καταλέγειν,
1626 2868 1739 2928 ἀλλ’
1769 2868 1923 2928 αὐτὸν
1942 2868 2114 2949 ἠνάγ-

553 2965 728 3033 καζον,
757 2957 1001 3026 ἐπιὸολὰς
1036 2956 1405 3026 ἐπιὸάλλοντες
1441 2956 1530 3017 καὶ
1558 2960 1858 3036 ζημιοῦντες
1873 2979 1890 2995 ·
1918 2956 2031 3015 ἐπεὶ
2059 2956 2113 3017 δὲ

554 3050 861 3130 ἠναγκάσθη
885 3046 976 3109 καὶ
994 3045 1168 3125 ὤμοσε
1191 3044 1280 3106 τὸν
1299 3044 1472 3128 ὅρκον,
1496 3044 1634 3106 ὀκτὼ
1656 3044 1855 3128 ἡμέρας
1871 3036 2113 3105 εἰσελθὼν

481 3159 528 3199 ιε
553 3143 625 3208 εἷς
657 3138 718 3199 τὸ
747 3135 1109 3219 βουλευτήριον
1155 3134 1356 3205 ἐξέπλει
1389 3136 1459 3205 εἰς
1503 3133 1798 3217 Ἐρέτριαν,
1827 3134 1918 3193 καὶ
1946 3133 2115 3195 ἐδόκει

556 3227 664 3289 ἐκεῖ
685 3226 781 3298 τὴν
813 3224 988 3306 ψυχὴν
1016 3227 1076 3284 οὗ
1099 3222 1321 3304 πονηρὸς
1347 3216 1479 3283 εἶναι
1513 3224 1567 3281 ἐν
1606 3230 1722 3290 ταῖς
1759 3220 2109 3302 ναυμαχίαις,

553 3313 646 3376 καὶ
674 3313 994 3395 τετρωμένος
1027 3311 1164 3392 δεῦρ’
1183 3303 1336 3385 ἦλθε,
1369 3310 1460 3371 καὶ
1487 3310 1590 3385 ἤδη
1619 3308 2011 3388 μετεπεπτώκει
2044 3308 2112 3369 τὰ

554 3401 862 3483 πράγματα·
891 3398 982 3459 καὶ
1009 3389 1155 3466 οὗτος
1175 3398 1271 3477 μὲν
1301 3397 1406 3459 οὔτ’
1429 3396 1590 3458 εἰπὼν
1615 3396 1828 3476 γνώμην
1847 3395 2111 3474 οὐδεμίαν,

553 3487 673 3548 οὔτε
715 3486 876 3547 πλέον
913 3484 1052 3547 ὀκτὼ
1090 3490 1302 3567 ἡμερῶν
1344 3484 1506 3546 ἐλθὼν
1546 3488 1618 3553 εἰς
1649 3484 1712 3545 τὸ
1749 3484 2112 3565 βουλευτήριον

553 3566 695 3659 ὦφλε
713 3576 970 3658 χρήματα
1001 3580 1250 3635 τοσαῦτα·
1273 3578 1378 3635 τῶν
1413 3573 1468 3633 δέ
1490 3572 1741 3633 εἰπόντων
1772 3575 1896 3650 ὑμῖν
1927 3574 2115 3632 τάναν-

552 3663 641 3724 τία
669 3664 762 3725 καὶ
796 3661 884 3723 διὰ
927 3662 1102 3731 τέλους
1138 3665 1192 3723 ἐν
1227 3666 1303 3744 τῷ
1336 3659 1684 3741 βουλευτηρίῳ
1721 3659 1880 3719 ὄντων
1928 3660 2112 3719 πολλοὶ

554 3750 964 3835 ἀποπεφεύγασι.
1051 3754 1142 3831 (is)
1169 3750 1277 3811 Καὶ
1297 3752 1356 3809 οὗ
1379 3750 1575 3829 φθονῶν
1593 3746 1791 3814 τούτοις
1808 3746 1971 3823 λέγω,
1992 3746 2109 3805 ἀλλ’

551 3845 692 3921 ἡμᾶς
727 3844 902 3901 ἐλεῶν·
944 3842 992 3900 οἱ
1023 3837 1118 3915 μὲν
1147 3835 1249 3919 γὰρ
1283 3837 1548 3903 δοκοῦντες
1579 3836 1773 3895 ἀδικεῖν
1805 3832 2111 3914 ἐξῃτημένοι

471 3948 526 3987 20
549 3928 678 3989 εἰσὶν
707 3926 808 3988 ὑπὸ
831 3930 935 3987 τῶν
970 3928 1094 4003 ὑμῖν
1128 3922 1408 4004 προθύμων
1433 3924 1486 3982 ἐν
1519 3926 1624 3989 τοῖς
1649 3922 1931 4004 πράγμασι
1963 3941 2113 4001 γενο-·

553 4015 738 4095 μένων,
774 4018 823 4075 οἳ
863 4016 908 4073 δ’
943 4010 1248 4086 ἠδικηκότες
1275 4008 1614 4091 ἐκπριάμενοι
1641 4008 1757 4078 τοὺς
1792 4008 2112 4091 κατηγόρους

551 4102 695 4165 οὐδὲν
722 4102 900 4173 ἔδοξαν
926 4101 1138 4161 ἀδικεῖν.
1169 4102 1294 4167 Πῶς
1319 4097 1384 4159 ἂν
1409 4087 1498 4159 οὗν
1525 4100 1618 4159 οὐκ
1641 4098 1704 4159 ἂν
1726 4096 1866 4159 δεινὰ
1881 4098 2106 4179 πάσχοι·

621 4216 679 4267 νς
769 4190 856 4272 (io)
879 4189 987 4252 Καὶ
1015 4193 1363 4269 κατηγοροῦσι
1388 4187 1482 4266 μὲν
1509 4190 1614 4248 τῶν
1636 4185 2005 4269 τετρακοσίων,
2030 4185 2111 4245 ὅτι

548 4216 688 4353 ξζαν·
715 4278 888 4339 κακοί·
913 4276 1085 4337 καίτοι
1112 4280 1256 4355 ὑμεῖς
1291 4276 1438 4335 αὐτοὶ
1467 4274 1759 4345 πεισθέντες
1785 4274 1886 4335 ὑπὸ
1913 4274 2109 4334 τούτων

549 4366 802 4448 παρέδοτε
831 4373 937 4433 τοῖς
975 4362 1440 4444 πεντακισχιλίοις,
1480 4363 1572 4423 καὶ
1608 4366 1654 4423 εἰ
1691 4362 1836 4422 αὐτοὶ
1871 4366 2108 4422 τοσοῦτοι

549 4453 692 4521 ὄντες
714 4451 983 4525 ἐπείσθητε
996 4497 1011 4524 ,
1036 4451 1126 4511 ἕνα
1150 4450 1369 4512 ἕκαστον
1391 4456 1495 4511 τῶν
1517 4449 1866 4532 τετρακοσίων
1888 4452 1947 4508 οὔ
1971 4453 2106 4528 χρῆν

548 4544 853 4616 πεισθῆναις
877 4539 1020 4601 Ἀλλ’
1042 4540 1142 4620 οὗχ
1160 4531 1299 4600 οὗτοι
1326 4541 1610 4617 ἀδικοῦσιν,
1642 4537 1758 4597 ἀλλ’
1772 4535 1823 4597 οἳ
1839 4541 1975 4614 ὑμᾶς
1996 4536 2109 4609 ἐξη-

471 4650 524 4689 25
551 4630 731 4690 πάτων
762 4628 854 4689 καὶ
879 4632 1052 4696 κακῶς
1075 4627 1300 4689 ἐποίουν.
1386 4618 1554 4694 Οὗτος
1574 4628 1620 4686 δ’
1650 4628 1704 4685 ἐν
1723 4626 1933 4691 πολλοῖς
1961 4625 2109 4695 δηλοῖ

552 4723 672 4801 ὑμῖν
701 4718 811 4794 ὅτι,
837 4715 886 4777 εἴ
921 4716 1022 4799 πέρ
1046 4741 1098 4777 τι
1125 4716 1440 4798 νεωτερίζειν
1467 4714 1710 4775 ἐὸούλετο
1738 4716 1808 4783 εἷς
1837 4711 1896 4772 τὸ
1924 4710 2105 4791 ὑμέτε-

553 4830 639 4888 ρον
661 4806 878 4881 πλῆθος,
899 4807 994 4865 οὐκ
1017 4804 1080 4864 ἄν
1103 4804 1218 4865 ποτ’
1240 4806 1292 4864 ἐν
1307 4800 1444 4863 ὀκτὼ
1462 4801 1681 4882 ἡμέραις
1695 4799 1937 4859 εἰσελθὼν
1960 4802 2030 4867 εἷς
2048 4800 2107 4860 τὸ

553 4893 913 4976 βουλευτήριον
937 4892 1109 4974 ᾤχετο
1124 4890 1380 4953 ἐκπλέων.
1434 4890 1521 4970 (17)
1549 4888 1687 4949 Ἀλλ’
1709 4887 1842 4947 εἴποι
1860 4888 1921 4946 ἄν
1940 4911 2014 4955 τις
2028 4886 2107 4946 ὅτι

549 4982 833 5065 κερδαίνειν
862 4984 1127 5059 ἐπιθυμῶν
1156 4978 1458 5048 ἐξέπλευσεν
1480 5021 1497 5050 ,
1521 4975 1698 5058 ὥσπερ
1725 4976 1846 5036 ἔνιοι
1873 4974 2106 5057 ἥρπαζον

547 5072 639 5133 καὶ
653 5071 853 5153 ἔφερον.
886 5068 1074 5135 Οὐδεὶς
1099 5068 1266 5127 τοίνυν
1293 5064 1357 5126 ἂν
1385 5063 1522 5125 εἴποι
1548 5063 1689 5133 ὅπως
1713 5088 1764 5123 τι
1785 5068 1886 5123 τῶν
1915 5062 2108 5141 ὗμετέ-

551 5184 653 5242 ρων
680 5158 791 5241 ἔχει
805 5203 824 5238 ,
849 5156 986 5219 ἀλλὰ
1013 5154 1187 5215 πάντα
1211 5155 1413 5235 μᾶλλον
1440 5158 1814 5234 κατηγοροῦσιν
1843 5150 1878 5224 ἢ
1910 5154 1981 5221 εἷς
2008 5151 2103 5226 τὴν

465 5267 520 5309 ao
547 5247 736 5329 ἀρχήν.
781 5248 888 5309 Καὶ
916 5250 963 5306 οἱ
991 5242 1273 5327 κατήγοροι
1299 5241 1415 5303 τότε
1447 5240 1543 5321 μὲν
1573 5242 1779 5323 οὐδαμῇ
1809 5232 1942 5301 εῧνοι
1966 5239 2105 5308 ὄντες

1497 451 1825 538 [ΛΥΣῙΟΥ]
1880 460 1934 519 Ο
1975 459 2179 521 ΥΠΕΡ
2226 460 2812 526 ΠΟΛΥΣΤΡΑΤΟΥ.

3458 465 3691 551 (Μ)

2202 612 2356 663 quum
2374 613 2542 651 eorum
2559 601 2643 666 qni
2664 600 2893 653 adversus
2921 603 3154 666 populum
3171 604 3447 657 sententiam
3464 606 3579 657 male
3594 607 3701 659 dixe-

2202 678 2334 741 runt,
2348 679 2456 728 tum
2468 679 3091 745 eiusqtiinullam58ipater
3104 683 3705 748 meus,quiperseptuaginta

2202 768 2352 807 annos
2375 756 2427 806 in
2450 770 2539 807 vos
2568 757 2688 807 nihil
2720 759 2965 822 peccavit,
3000 772 3087 823 per
3124 762 3235 811 octo
3258 761 3358 811 dies
3390 765 3655 825 peccarem
3675 765 3706 813 si

2206 847 2293 897 per
2327 836 2482 884 totam
2522 834 2673 885 vitam
2708 836 2793 899 qui
2824 836 3031 900 improbi
3054 838 3280 903 merant,
3302 840 3337 889 ii
3356 839 3467 891 boni
3490 844 3535 892 et
3558 844 3708 892 strenui

2204 910 2333 962 cives
2346 912 2461 962 facti
2472 912 2569 963 sint
2576 912 2629 963 in
2640 914 2776 963 curia
2784 914 3003 965 censoria
3014 932 3030 978 3
3044 916 3129 979 qui
3140 919 3303 967 autem
3312 917 3460 969 bonos
3470 921 3517 969 et
3526 922 3709 970 strenuoe

2204 990 2255 1039 in
2278 994 2439 1041 vestra
2462 991 2715 1041 commoda
2735 1005 2787 1042 se
2807 992 3135 1045 exbibuerunt
3146 1030 3164 1058 ,
3186 996 3219 1045 ii
3242 996 3435 1047 demum
3470 999 3708 1049 renuntien-

2202 1068 2285 1118 tur
2298 1068 2517 1131 improbi.
2584 1070 2685 1133 (11)
2705 1071 2937 1120 Ceterum
2952 1071 3003 1121 in
3024 1071 3161 1123 factis
3170 1076 3313 1123 antea
3329 1074 3549 1126 adversus
3558 1078 3709 1139 patim

2204 1144 2638 1211 criminationibus,
2670 1160 2783 1198 eum
2812 1151 2921 1199 tum
2944 1149 2997 1199 in
3014 1150 3212 1214 reliquis
3242 1151 3367 1201 falso
3386 1151 3709 1217 insimulabant,

2204 1225 2311 1274 tum
2331 1225 2463 1288 quod
2484 1226 2753 1289 Phrynicho
2779 1229 2905 1278 esset
2924 1240 3096 1290 genere
3112 1230 3413 1292 coniunctus.
3470 1234 3665 1283 Attamen
3681 1232 3711 1282 si

2204 1302 2313 1365 quis
2329 1304 2463 1366 velit,
2486 1304 2712 1355 ascendat
2730 1306 2806 1355 vel
2824 1306 2877 1355 in
2892 1319 3001 1357 mea
3016 1319 3161 1370 aqua,
3176 1310 3228 1357 et
3242 1308 3505 1359 testeiam
3522 1308 3631 1361 scire
3646 1312 3709 1361 Po·

2204 1380 2456 1442 lystratum
2477 1382 2748 1445 Phrynicho
2779 1384 2921 1434 fuisse
2936 1385 3275 1435 necessarium.
3338 1386 3431 1437 sed
3466 1387 3587 1437 enim
3620 1388 3710 1437 falsa

2205 1458 2518 1524 accusabant,
2544 1461 2782 1525 siquidem
2801 1461 2882 1511 hic
2902 1462 2973 1513 illi
2989 1475 3148 1526 neque
3165 1475 3195 1512 a
3210 1462 3373 1526 pueris
3390 1466 3528 1515 merit
3546 1466 3709 1515 amicus.

2206 1536 2293 1587 ille
2314 1550 2437 1601 puer
2454 1552 2565 1589 rure
2582 1539 2808 1602 degebat,
2828 1538 2968 1605 inops
2983 1542 3035 1591 et
3060 1541 3228 1591 ovium
3253 1542 3439 1605 pastor3
3458 1543 3534 1593 hic
3554 1544 3601 1593 in
3618 1544 3711 1593 urbe

2206 1613 2527 1666 erudiebatur.
2593 1615 2690 1679 (12)
2722 1616 2909 1668 Deinde
2940 1618 3024 1667 ubi
3064 1617 3129 1668 ad
3158 1619 3349 1670 virilem
3383 1622 3567 1671 aetatem
3598 1621 3711 1671 ambo

2204 1696 2554 1757 pervenerunt,
2593 1694 2674 1743 hic
2705 1695 2894 1746 colebat
2926 1708 3122 1759 agrum,
3159 1697 3242 1747 ille
3280 1699 3476 1749 veniens
3498 1698 3545 1749 in
3574 1698 3711 1749 urbem

2204 1774 2356 1821 artem
2378 1772 2723 1823 accusatoriam
2750 1773 2967 1824 exercuit
2997 1792 3010 1824 ε
3034 1773 3155 1825 adeo
3176 1777 3233 1825 ut
3248 1776 3339 1839 ipsi
3356 1776 3477 1827 inter
3496 1790 3544 1827 se
3562 1787 3711 1840 nequa·

2204 1866 2354 1916 quam
2380 1853 2595 1904 moribus
2620 1854 2951 1905 convenirent.
2985 1856 3097 1905 Jam
3118 1867 3273 1918 quum
3298 1857 3381 1906 ille
3408 1857 3621 1907 mulctam
3646 1858 3710 1907 ha·

2205 1934 2311 1984 buit
2332 1934 2503 1984 aerario
2526 1932 2805 1984 solvendam
2818 1970 2835 1997 ,
2855 1934 2935 2009 hic
2965 1918 3107 1984 illum
3133 1936 3340 1999 pecunia
3368 1950 3455 1987 sua
3486 1950 3577 1988 non
3601 1937 3711 1999 adjti-

2204 2013 2305 2076 vit,
2332 2012 2444 2062 licet
2469 2012 2518 2062 in
2544 2012 2723 2063 talibus
2750 2010 2959 2063 amicitia
2988 2012 3200 2062 maxime
3226 2012 3510 2065 declaretur.
3567 2014 3711 2072 Quodsi

2203 2092 2337 2154 pater
2353 2104 2490 2140 meus
2504 2088 2719 2151 eiusdem
2736 2090 2881 2140 merit
2898 2102 3011 2139 cum
3034 2090 3117 2140 illo
3134 2089 3293 2157 demi,
3316 2105 3414 2143 non
3432 2092 3594 2143 idcirco
3608 2106 3633 2141 a
3648 2105 3711 2141 vo-

2204 2168 2277 2219 bis
2296 2168 2407 2219 laedi
2429 2168 2597 2229 debet3
2611 2166 2703 2217 nisi
2718 2170 2769 2217 et
2790 2180 2880 2218 vos
2898 2168 3005 2219 sitis
3020 2168 3072 2217 in
3094 2170 3238 2233 culpa
3260 2171 3395 2234 quod
3412 2172 3490 2222 ille
3506 2171 3710 2221 vobiscum

2203 2247 2418 2312 eiusdem
2426 2248 2569 2299 tuerit
2580 2246 2803 2297 civitatis.
2817 2245 2914 2311 (13)
2926 2250 3034 2306 Quo
3046 2250 3209 2299 autem
3221 2254 3365 2312 pacto
3376 2250 3539 2314 aliquis
3550 2250 3709 2300 benero-

2202 2326 2397 2377 lentiam
2416 2327 2464 2375 iu
2478 2325 2709 2389 populum
2722 2324 3011 2375 luculentius
3021 2326 3180 2389 potuit
3192 2327 3530 2389 dunenstnre,
3546 2342 3669 2391 quam
3682 2328 3711 2377 is

2202 2406 2304 2469 qui,
2318 2406 2404 2457 ubi
2422 2420 2509 2458 vos
2519 2406 2797 2457 decrevistis
2813 2408 2869 2456 nt
2884 2408 3099 2472 quinque
3114 2409 3331 2461 millibus
3343 2412 3549 2461 virorum
3562 2421 3711 2461 summa

2202 2484 2475 2548 reipublicae
2489 2484 2884 2547 committeretur,
2896 2486 3191 2549 conscriptor
3204 2487 3419 2540 delectus
3424 2502 3585 2539 novem
3596 2488 3710 2537 millia

2202 2562 3711 2627 virorumconscripsitrUtsciiicetsuorumsihidemotarumnano
3754 2550 3756 2567 ¹

2202 2642 2519 2705 succenseret,
2535 2636 2865 2691 conscribebat
2877 2640 3137 2705 volentem,
3155 2640 3343 2694 nolenti
3356 2656 3529 2693 morem
3541 2642 3709 2707 gerebat.

2202 2720 2429 2769 Attamen
2464 2732 2562 2769 non
2580 2718 2650 2769 illi
2668 2719 2894 2769 evertunt
2914 2719 3263 2783 rempublitzam
3282 2721 3370 2783 qui
3386 2721 3711 2785 quamplurimos

2202 2797 2444 2849 asciscunt
2472 2798 2577 2860 eius
2596 2797 3032 2860 administratores,
3064 2798 3149 2849 sed
3184 2800 3274 2863 qui
3304 2814 3370 2851 ex
3390 2800 3593 2864 pluribus
3624 2812 3711 2862 pau·

2202 2877 2353 2927 ciores
2384 2876 2614 2927 efficiunt.
2682 2876 2780 2940 (14)
2813 2879 2978 2935 Quum
3009 2876 3089 2926 hic
3116 2877 3456 2942 conscriptoris
3494 2890 3649 2927 munus
3676 2878 3712 2925 et

2198 2956 2533 3020 iusiurandum
2562 2956 2879 3020 detrectaret,
2912 2956 3073 3019 ipsum
3108 2960 3369 3020 coegerunt
3394 2959 3564 3008 mulcta
3580 2955 3711 3021 grandi

2201 3033 2438 3097 imposita.
2503 3037 2710 3085 coactus
2727 3034 2871 3097 igitur
2893 3034 2943 3084 et
2958 3035 3181 3097 suscepto
3193 3034 3503 3099 jurejurando
3532 3048 3607 3099 per
3626 3038 3711 3085 octo

2202 3115 2303 3165 dies
2324 3114 2375 3165 in
2389 3115 2575 3165 curiam
2591 3116 2857 3177 ingressus,
2876 3114 2938 3164 ad
2964 3116 3201 3165 Eretriam
3232 3118 3499 3180 navigavit,
3526 3115 3709 3179 ibiquein

2200 3194 2450 3245 navalibus
2489 3196 2669 3258 proeliis
2702 3193 3030 3245 fortitudinem
3068 3207 3211 3245 suam
3252 3197 3579 3247 manifestavit.
3630 3198 3707 3245 Do·

2201 3288 2335 3324 mum
2354 3274 2527 3325 deinde
2539 3274 2681 3324 rediit
2705 3275 3012 3337 vulneratus,
3038 3288 3139 3338 quo
3155 3277 3379 3340 tempore
3404 3278 3591 3327 mutatae
3604 3276 3711 3324 erant

2200 3352 2405 3416 publicai
2440 3365 2533 3402 res.
2598 3352 2687 3403 Hic
2712 3352 2875 3416 igitur,
2898 3350 2982 3415 qui
3004 3365 3164 3416 neque
3179 3354 3467 3405 sententiam
3486 3353 3620 3414 dixit,
3642 3364 3709 3400 ne·

2200 3443 2297 3493 que
2321 3430 2449 3480 ultra
2468 3430 2579 3479 octo
2600 3428 2701 3480 dies
2732 3430 3055 3494 frequentavit
3090 3431 3305 3495 curiam,
3328 3434 3562 3483 tantarum
3588 3442 3707 3493 pecu·

2199 3508 2391 3560 niarum
2419 3508 2675 3560 damnatus
2696 3512 2771 3561 est
2778 3526 2795 3571 ς
2820 3508 2939 3559 dum
2957 3523 3127 3560 eorum
3146 3511 3231 3574 qui
3260 3513 3511 3563 sententias
3525 3508 3709 3561 dixenmt

2199 3588 2371 3640 vestris
2390 3588 2656 3639 rationibus
2668 3588 2909 3651 adversas,
2930 3601 3019 3640 nec
3032 3602 3252 3653 unquam
3269 3605 3302 3642 a
3320 3592 3451 3642 curia
3466 3590 3707 3647 abfuerant,

2198 3668 2341 3719 multi
2356 3682 2569 3719 evasere.
2632 3668 2731 3733 (15)
2754 3671 2921 3731 Neque
2954 3668 3049 3719 hoc
3078 3682 3143 3718 ex
3168 3669 3351 3721 invidia
3382 3684 3490 3735 erga
3508 3683 3581 3719 eos
3598 3668 3703 3727 dico,

2198 3747 2284 3798 sed
2310 3746 2725 3799 commiseratione
2751 3760 2863 3809 erga
2879 3759 2985 3797 nos.
3050 3746 3145 3806 Qui
3165 3748 3296 3798 enim
3316 3752 3531 3800 nocentes
3546 3748 3588 3797 in
3600 3744 3705 3807 judi·

2198 3824 2275 3875 cio
2306 3824 2396 3875 visi
2436 3826 2653 3887 fuerant,
2684 3838 2767 3875 eos
2790 3824 3094 3875 condonastis
3114 3825 3343 3887 precibus
3370 3826 3549 3876 illorum
3578 3822 3646 3887 qui
3668 3821 3705 3869 in

2197 3903 2342 3954 rebus
2373 3902 2544 3953 vestris
2564 3902 2778 3953 studium
2812 3903 3238 3965 exprompserunt3
3271 3906 3416 3967 atque
3444 3902 3576 3953 etiam
3595 3900 3623 3949 ii
3640 3898 3705 3962 qui

2197 3996 2251 4034 re
2282 3984 2383 4047 ipsa
2416 3982 2742 4047 deliquerant,
2766 3982 2966 4045 pecunia
2989 3982 3233 4045 corruptis
3256 3983 3616 4041 accusatoribus,
3642 3978 3707 4027 de-

2198 4061 2365 4113 clareti
2390 4063 2505 4111 sunt
2528 4061 2824 4111 innocentes.
2890 4065 2999 4121 Quo
3029 4060 3177 4123 igitur
3201 4056 3349 4111 niodo
3370 4072 3463 4111 non
3484 4060 3705 4109 inclemen-

2196 4149 2270 4199 ter
2300 4146 2551 4197 nobiscum
2574 4146 2739 4196 actum
2760 4145 2913 4195 esset?
2979 4144 3079 4207 (16)
3104 4146 3166 4194 Et
3190 4144 3497 4209 quadraginta
3520 4142 3630 4191 viros
3648 4139 3703 4187 in·

2197 4231 2367 4279 cusant
2392 4225 2736 4291 improbitatis3
2754 4228 2969 4276 attamen
2992 4238 3081 4275 vos
3096 4224 3159 4274 ab
3174 4224 3271 4276 illis
3300 4224 3503 4289 persuasi
3526 4222 3703 4285 quinque

2196 4312 2407 4363 millibus
2420 4311 2538 4361 viris
2558 4312 2748 4361 vosmet
2766 4308 3084 4360 commisistis.
3108 4308 3159 4361 si
3190 4322 3306 4359 vero
3328 4322 3414 4360 vos
3446 4303 3633 4357 universi
3654 4302 3701 4351 ab

2195 4402 2289 4452 illis
2314 4400 2528 4464 persuasi
2555 4398 2741 4462 fuistis,
2760 4400 2847 4461 qul
2866 4410 2991 4449 unus
3012 4410 3075 4446 ex
3102 4394 3469 4459 Quadringentis
3496 4394 3552 4443 ab
3566 4388 3699 4441 iisdem

2196 4500 2293 4537 non
2321 4498 2575 4550 persuasus
2600 4483 2794 4535 suisset?
2824 4486 3008 4533 Verum
3037 4494 3137 4532 non
3167 4480 3199 4530 ii
3232 4484 3348 4531 sunt
3372 4476 3609 4542 culpabiles
3634 4470 3701 4533 <1¹¹i

2195 4574 2383 4638 decepti
2400 4574 2532 4630 suere
2544 4608 2561 4635 ,
2588 4571 2673 4622 sed
2702 4570 2788 4635 qui
2816 4568 2951 4619 vobis
2979 4568 3211 4618 damnum
3228 4565 3499 4630 decipiendo
3518 4560 3697 4612 attala-e.

2196 4656 2493 4720 Polystratus
2514 4654 2675 4703 autem
2692 4651 2745 4702 in
2762 4650 2929 4702 multis
2948 4649 3231 4714 significavit
3252 4662 3307 4700 se
3326 4661 3421 4699 non
3449 4658 3545 4697 esse
3571 4643 3613 4691 in
3629 4648 3698 4687 *⁰⁸

2194 4740 2483 4792 malevolum
2499 4775 2514 4802 ,
2534 4752 2623 4789 nec
2640 4737 2835 4788 ininirne
2852 4736 2964 4800 quia
2976 4774 2992 4800 ,
3014 4736 3057 4785 si
3074 4734 3303 4785 adversus
3317 4731 3539 4796 populum
3553 4731 3701 4775 novare

2195 4841 2271 4878 res
2291 4827 2537 4888 voluerat,
2560 4836 2811 4887 nunquam
2842 4834 2926 4886 per
2942 4824 3053 4871 octo
3074 4820 3234 4870 solum
3262 4818 3363 4869 dies
3390 4820 3439 4867 in
3458 4813 3621 4865 curiam
3646 4806 3701 4855 5¹¹·

2193 4926 2379 4977 gressum
2393 4948 2409 4973 .
2440 4910 2613 4961 deinde
2646 4922 2768 4959 nave
2804 4907 3013 4957 abiisset.
3078 4905 3177 4970 (ιη
3214 4904 3310 4956 sed
3334 4900 3519 4965 objiciat
3554 4890 3701 4979 aliqui?

2194 5010 2309 5047 eum
2330 4993 2452 5045 lucri
2468 4992 2628 5043 studio
2648 4991 2917 5055 proiectum
2951 5002 3078 5050 esse,
3102 4986 3229 5037 sicut
3254 4984 3396 5036 etalii
3418 4978 3617 5033 nonnulli
3633 4984 3701 5035 <1¹¹¹

2193 5080 2348 5133 socios
2372 5082 2562 5130 nostros
2584 5075 2883 5139 diripiebant.
2952 5074 3047 5124 Sed
3077 5084 3220 5123 nemo
3250 5068 3397 5135 possit
3434 5067 3577 5118 dicere
3604 5068 3697 5111 eum

2194 5166 2369 5219 babere
2380 5164 2507 5215 bona
2520 5162 2759 5213 sociorum
2770 5160 3045 5211 nostrorum
3060 5175 3075 5221 ;
3088 5158 3139 5207 at
3147 5155 3307 5207 omnia
3320 5155 3477 5221 potius
3492 5146 3703 5201 criminun·

2192 5249 2274 5299 tur
2292 5256 2441 5310 quam
2467 5254 2579 5307 quae
2594 5241 2637 5293 is
2652 5240 2794 5305 gessit
2810 5239 2861 5289 in
2882 5238 3181 5303 magistratu.
3246 5238 3309 5290 Bt
3329 5236 3428 5300 eins
3448 5228 3701 5283 „wisatum
