3825 5842
77 501 290 590 [ar-80)
1069 508 1482 572 Anooclms
1524 481 1656 572 011ss

24 675 40 706 υ
61 642 272 732 γραφαί
305 643 472 720 τινές
503 643 623 711 εἶσι
657 645 792 742 περὶ
828 651 950 712 τῶν
986 639 1270 732 εὐθυνῶν,
1299 644 1336 719 ἢ
1369 647 1627 741 προστά-

63 749 170 831 Ξεις
201 747 238 821 ’ἢ
269 751 492 846 ἐγγόαι
521 755 682 830 τινές
713 755 830 823 εἰσι
857 763 1346 846 κατεγνωσμέναι
1402 755 1483 832 εἰς
1523 757 1628 822 τὸν

59 856 228 922 αὐτὸν
245 869 474 926 τοῦτον
487 861 717 952 χρόνον·
733 862 834 929 καὶ
848 865 962 928 ὅσα
984 859 1260 952 ὀνόματα
1275 871 1398 926 τῶν
1415 887 1628 955 τετρα-

57 965 276 1030 κοσίων
308 967 484 1043 τινὸς
515 966 1008 1062 ἐγγέγραπται,ἢ
1043 964 1202 1034 ἄλλο
1239 993 1300 1033 τι
1333 967 1475 1060 περὶ
1505 977 1628 1035 τῶν

60 1073 114 1136 ἐν
159 1083 232 1164 τῇ
261 1075 608 1166 ὀλιγαρχίᾳ
635 1079 1020 1168 πραχθέντων
1058 1075 1190 1141 ἐστί
1224 1099 1338 1140 που
1371 1100 1630 1169 γεγραμ-

65 1179 236 1270 μένον
263 1206 278 1219 ·
391 1185 560 1256 πλὴν
621 1185 815 1251 ὁπόσα
874 1185 934 1248 ἐν
994 1185 1247 1258 στήλαις
1293 1182 1630 1276 γέγραπται

61 1295 180 1350 τῶν
218 1290 306 1376 μὴ
353 1279 566 1354 ἐνθάδε
621 1285 1054 1381 μεινάντων,ἢ
1087 1283 1150 1366 ἐξ
1193 1283 1402 1380 Ᾱρείου
1438 1288 1632 1382 πάγου

58 1393 90 1466 ἦ
133 1395 254 1458 τῶν
292 1397 526 1488 ἐφετῶν
565 1394 602 1469 ἦ
644 1401 710 1464 ἐκ
752 1395 1108 1490 πρυτανείου
1146 1392 1184 1468 ἢ
1221 1395 1535 1487 Δελφινίου
1578 1398 1636 1461 ἐ·

21 1494 320 1576 &mico-12
368 1500 406 1576 ἢ
438 1503 554 1569 ὑπὸ
586 1511 709 1571 τῶν
742 1504 1074 1589 βασιλέων,
1123 1499 1160 1575 ἢ
1197 1500 1295 1567 ἐπὶ
1327 1501 1485 1594 φόνῳ
1539 1501 1634 1580 τίς

59 1609 180 1670 ἐστι
213 1611 420 1700 φυγή,
445 1607 482 1682 ἢ
510 1605 760 1687 θάνατος
790 1608 1216 1703 κατεγνώσθη,
1247 1605 1284 1679 ἢ
1313 1617 1634 1700 σφαγεῦσιν

57 1709 92 1782 ἦ
127 1711 446 1804 τυράννοις
468 1733 484 1748 ·
590 1711 744 1807 (79)
777 1713 858 1780 τὰ
885 1709 954 1780 δὲ
985 1710 1152 1780 ἄλλα
1177 1711 1380 1780 πάντα
1413 1711 1637 1795 ἐξαλεῖ·

59 1815 164 1906 ψαι
197 1820 349 1896 τοὺς
383 1819 728 1912 πράκτορας
757 1819 861 1887 καὶ
896 1823 1004 1896 τὴν
1043 1821 1298 1906 βουλήν,
1320 1816 1422 1884 καὶ
1455 1817 1535 1885 τὰ
1565 1820 1640 1886 εἰ·

60 1927 294 2019 ρημένα
333 1928 762 2019 πανταχόθεν,
814 1931 963 1995 ὅπου
1001 1953 1066 1993 τι
1117 1928 1282 1994 ἔστιν
1321 1928 1378 1993 ἐν
1410 1936 1499 2013 τῷ
1528 1919 1638 2000 δη-

63 2032 296 2124 μοσίῳ,
332 2033 440 2100 καὶ
477 2035 529 2102 εἰ
579 2035 946 2130 ἀντίγραφόν
990 2059 1106 2101 που
1138 2034 1309 2119 ἔστι,
1354 2033 1638 2126 παρέχειν

61 2165 198 2218 τους
217 2141 597 2233 θεσμοθέτας
621 2141 723 2209 καὶ
758 2140 871 2220 τὰς
899 2138 1095 2238 ἄλλας
1133 2139 1339 2234 ἀρχάς.
1439 2147 1640 2208 Ποιεῒν

60 2237 128 2312 δὲ
171 2258 383 2315 ταῦτα
408 2257 590 2342 τριῶν
615 2254 888 2342 ἡμερῶν,
925 2251 1029 2314 ἐπε
1009 2240 1174 2314 ιδαν
1223 2240 1372 2338 δόξῃ
1410 2253 1500 2334 τῷ
1533 2237 1643 2321 δή·

13 2393 24 2430 >,
60 2381 181 2444 μῳ.
224 2345 282 2421 Ᾰ
305 2345 366 2420 δ’
396 2353 624 2446 εἴρηται
654 2351 994 2444 ἐξαλεῖψαι,
1035 2356 1117 2445 μὴ
1149 2311 1482 2426 κεκτῆσθαι
1512 2344 1641 2444 ἰδίᾳ

62 2451 295 2550 μηδενὶ
352 2459 564 2542 ἐξεῖναι
605 2451 763 2554 μηδὲ
803 2468 1252 2552 μνησικακῆσαι
1316 2449 1639 2549 μηδέποτε·

61 2567 114 2632 εἰ
152 2561 226 2632 δὲ
265 2569 392 2659 μή,
418 2569 626 2660 ἔνοχον
665 2561 813 2633 εἶναι
835 2566 945 2633 τὸν
974 2560 1427 2660 παραὲαίνοντα
1446 2574 1642 2632 ταῦτα

61 2676 120 2738 ἐν
141 2678 280 2749 τοῖς
318 2677 524 2750 αὐτοῖς
559 2676 620 2740 ἐν
649 2669 858 2767 οἷσπερ
885 2675 945 2740 οἱ
966 2667 1030 2750 ἐξ
1057 2667 1267 2766 λρείου
1291 2669 1486 2763 πάγου
1511 2674 1648 2764 φευ-

59 2797 320 2872 γοντι-τς,
363 2781 534 2854 ὅπως
575 2773 648 2844 ἃν
686 2784 765 2856 ὡς
799 2776 1198 2846 πιστότατα*
1167 2802 1302 2871 εχοι
1329 2771 1645 2854 ΑΘηναίοις

61 2885 162 2950 καὶ
213 2895 326 2952 νῦν
373 2883 483 2951 καὶ
521 2885 604 2962 εἰς
648 2886 754 2952 τὸν
809 2885 1028 2952 Ἱοιπὸν
1057 2883 1293 2979 χρόνον.

143 3040 224 3080 au.
258 3015 427 3079 Κατὰ
447 3017 544 3094 μὲν
561 3041 622 3077 το
647 3016 892 3100 ψήφισμα
917 3017 1060 3077 τουτὶ
1095 3014 1211 3084 τους
1237 3015 1452 3096 ἀτίμους
1479 3015 1644 3076 ἐπιτί-

65 3131 194 3216 μους
215 3106 539 3179 ἐποιήσατε·
623 3104 744 3174 τους
769 3105 824 3165 δὲ
846 3105 1130 3188 φεύγοντας
1160 3105 1279 3164 οὔτε
1318 3103 1644 3188 Πατροκλεί-

65 3197 156 3268 δης
194 3185 320 3254 εἶπε
345 3193 582 3254 κατιέναι
621 3193 730 3254 οὔθ’
757 3199 900 3275 ὓμεὶς
922 3194 1261 3278 ἐψηφίσασθε.
1345 3191 1498 3256 Ἐπεὶ
1524 3191 1568 3251 δ’
1593 3195 1648 3252 αἱ

9 3305 42 3344 [ο
65 3283 304 3343 σπονδαὶ
345 3306 476 3364 προς
517 3282 958 3361 Λακεδαιμονίους
994 3284 1257 3362 ἐγένοντο,
1285 3305 1375 3342 και
1401 3280 1472 3340 τὰ
1494 3280 1646 3362 τείχη

65 3373 373 3447 καθείλετε,
409 3371 503 3432 καὶ
519 3369 638 3439 τους
671 3373 952 3454 φεύγοντας
975 3370 1346 3445 κατεδέξασθε,
1372 3371 1464 3431 καὶ
1491 3369 1648 3430 κατέ-

68 3485 282 3536 στησαν
309 3464 360 3520 οἱ
383 3461 662 3542 τριάκοντα
678 3506 695 3535 ,
718 3461 810 3520 καὶ
836 3459 972 3540 μετὰ
1008 3483 1176 3520 ταυτα
1199 3459 1358 3532 Φυλη
1396 3483 1454 3518 τε
1493 3481 1650 3519 κατε-

67 3549 252 3632 λήφθη
289 3549 598 3631 Μουνυχίαν
621 3573 679 3610 τε
706 3549 1000 3610 κατέλαὸον
1019 3546 1307 3630 ,ἐγένετοε
1288 3551 1409 3626 υμῖν
1433 3537 1507 3606 ὧν
1545 3545 1649 3626 ἐγὼ

67 3639 282 3696 οὐδὲν
251 3638 441 3717 οέομαι
468 3641 765 3716 μεμνῆσθαι
791 3636 898 3696 οὔδ’
937 3635 1354 3714 ἀναμιμνήσκειν
1378 3639 1516 3715 apa<
1545 3639 1648 3695 τῶν

66 3724 443 3806 γεγενημένων
471 3727 673 3790 κακῶν.
757 3726 848 3804 (st)
876 3724 1100 3798 Ἐπειδὴ
1128 3723 1176 3783 δ’
1220 3722 1540 3795 ἐπανήλθετε
1588 3727 1650 3784 ἐκ

69 3813 402 3897 Πειραιέως,
435 3813 708 3894 γενόμενον
733 3814 812 3895 ἐφ’
833 3816 956 3892 ὑμῖν
985 3817 1326 3894 τιμωρεῖσθαι
1345 3811 1536 3891 ἔγνωτε
1559 3814 1650 3872 ἕαν

9 3921 46 3961 ιε
67 3903 136 3962 τὰ
164 3901 529 3983 γεγενημένα,
561 3901 653 3962 καὶ
693 3901 812 3983 περὶ
837 3899 1074 3968 πλείονος
1104 3899 1422 3974 ἐποιήσασθε
1470 3899 1652 3970 σώζειν

69 3993 166 4066 τὴν
185 3993 351 4052 πόλιν
381 3991 418 4063 ἢ
440 3990 535 4059 τὰς
557 3990 691 4058 ἰδίας
717 3989 1006 4072 τιμωρίας,
1033 3990 1125 4050 καὶ
1170 3987 1312 4058 ἔδοξε
1340 3988 1416 4068 μὴ
1461 4011 1652 4067 μνησι-

71 4083 258 4142 κακεῖν
288 4079 542 4152 ἀλλήλοις
577 4082 682 4139 τῶν
715 4077 1095 4159 γεγενημένων.
1149 4077 1386 4147 Δόξαντα
1429 4075 1486 4136 δὲ
1527 4081 1652 4154 ὑμῖν

71 4177 244 4230 ταῦτα
269 4168 476 4230 εἵλεσθε
504 4168 696 4250 ἄνδρας
721 4167 916 4229 εἴκοσι·
993 4165 1204 4235 τούτους
1222 4165 1278 4227 δὲ
1294 4168 1652 4246 ἐπιμελεῖσθαι

69 4264 164 4332 τῆς
189 4259 437 4334 πόλεως,
469 4256 562 4327 ἕως
583 4257 649 4318 ἂν
687 4261 736 4318 οἱ
762 4256 912 4336 νόμοι
932 4257 1156 4318 τεθεῖεν·
1199 4255 1330 4325 τέως
1351 4254 1406 4315 δὲ
1427 4259 1653 4338 χρῆσθαι

71 4359 176 4418 τοῖς
209 4349 462 4417 Σόλωνος
487 4346 666 4426 νόμοις
706 4347 801 4407 καὶ
825 4347 932 4416 τοῖς
960 4347 1253 4429 Δράκοντος
1281 4350 1509 4424 θεσμοῖς.
1555 4345 1652 4425 (ει)

71 4439 138 4499 ’E
139 4436 302 4510 πειδὴ
336 4436 394 4496 δὲ
429 4437 622 4519 βουλήν
646 4459 704 4496 τε
729 4434 1142 4516 ἀπεκληρώσατε
1179 4433 1458 4514 νομοθέτας
1495 4457 1554 4495 τε
1573 4432 1653 4493 εἵ-

71 4529 228 4586 λεσθε
236 4525 612 4606 ,εὓρίσκοντες
641 4528 744 4585 τῶν
771 4523 946 4604 νόμων
968 4528 1070 4584 τῶν
1088 4547 1145 4582 τε
1165 4523 1416 4596 Σόλωνος
1431 4522 1522 4582 καὶ
1551 4526 1652 4582 τῶν

9 4637 54 4676 ει
73 4617 428 4730 Δράκοντος
405 4612 633 4684 πολλους
655 4614 803 4682 ὄντας
823 4605 900 4681 οἷς
927 4613 1114 4674 πολλοὶ
1141 4617 1248 4673 τῶν
1289 4614 1516 4673 πολιτων
1544 4611 1654 4672 ἔνο-

71 4730 138 4786 χο
117 4730 160 4764 ι
185 4698 330 4779 ’ἦσαν
354 4708 464 4765 τῶν
504 4702 758 4786 πρότερον
804 4702 956 4762 ἕνεκα
1006 4701 1328 4782 γενομένων,
1373 4699 1656 4774 ἐκκλησίαν

71 4794 394 4868 ποιήσαντες
417 4787 800 4854 ἕὸουλευσασθε
826 4791 950 4874 περὶ
968 4793 1165 4868 αὐτῶν,
1182 4789 1275 4850 καὶ
1301 4789 1624 4872 ἐψηφίσασθε
1638 4835 1655 4866 ,

73 4883 471 4963 δοκιμάσαντες
513 4881 718 4951 πάντας
745 4879 864 4950 τους
894 4879 1112 4959 νόμους,
1153 4869 1246 4939 εἶτ’
1276 4877 1576 4960 ἀναγράψαι
1601 4879 1654 4936 ἐν

73 4995 138 5053 τῃ
159 4978 295 5054 στοᾷ
323 4971 544 5041 τούτους
577 4975 681 5033 τῶν
709 4969 881 5050 νόμων
910 4967 962 5031 οἳ
991 4968 1055 5029 ἂν
1085 4969 1466 5049 δοκιμασθῶσι.
1545 4965 1658 5027 Καί

77 5085 166 5138 μοι
195 5063 467 5144 ἀνάγνωθι
492 5061 555 5124 τὸ
585 5060 856 5144 ψήφισμα.

679 5207 1061 5264 ΨΗΦῙΣΜΑ.

179 5338 300 5415 83.
337 5330 536 5420 ἤδοξε
562 5349 654 5434 τῷ
667 5332 850 5436 δήμῳ
867 5389 888 5426 ,
920 5339 1256 5434 Τισαμενὸς
1288 5331 1452 5423 εἷπε,
1484 5341 1662 5404 πολι-

1690 510 1790 572 DE
1831 509 2266 575 MYSTERus.
2572 511 2575 514 ’
3200 529 3269 582 et

1717 643 1767 702 si
1789 643 2155 722 quorundam
2182 663 2215 702 e
2237 643 2686 721 Quadringentis
2712 646 2957 706 nomina
2976 649 3040 705 In
3068 646 3285 706 tabulis

1725 731 1911 791 adhuc
1932 733 2253 812 supersint,
2277 747 2377 792 aut
2394 734 2445 793 si
2466 734 2623 812 quod
2647 734 2807 794 aliud
2824 733 3150 815 cujuspiam
3172 735 3287 795 cri-
3312 770 3319 776 ·

1723 848 1852 887 men
1879 828 1989 888 sub
2011 849 2329 908 paucorum
2351 831 2651 890 dominatu
2674 831 3045 892 commissum
3060 832 3286 911 uspiam

1722 939 2057 986 annotatum
2078 929 2187 988 sit:
2210 942 2296 1004 ut,
2316 930 2573 1008 inquam,
2595 931 2851 1011 populus
2858 929 3066 1008 jubeat
3078 929 3287 989 horum

1723 1023 1983 1083 omnium
2010 1026 2247 1083 nomina
2276 1025 2571 1104 (exempta
2614 1039 2803 1084 tamen
2840 1040 3011 1088 sunto
3056 1027 3291 1092 nomina

1723 1120 1882 1177 stelis
1907 1121 2187 1200 inscripta
2214 1141 2412 1179 eorum
2438 1123 2539 1200 qui
2577 1123 2638 1180 in
2675 1121 2857 1182 exilio
2885 1121 3129 1203 degunt,
3152 1140 3293 1202 pro-

1723 1226 1919 1292 pterea
1946 1217 2103 1294 quod
2137 1238 2306 1276 causa
2347 1219 2473 1276 sive
2509 1219 2571 1276 in
2602 1218 2906 1297 Areopago
2937 1220 3065 1277 sive
3099 1239 3289 1278 coram

1723 1311 1963 1392 Ephetis
1990 1315 2115 1375 sive
2156 1320 2214 1374 in
2254 1316 2543 1394 Prytaneo
2571 1316 2696 1375 sive
2726 1317 2787 1374 in
2814 1316 3133 1393 Delphinio
3169 1319 3293 1385 sive

1724 1429 1922 1471 coram
1952 1411 2105 1488 Rege
2131 1414 2371 1488 agitata,
2406 1426 2503 1472 aut
2538 1414 2703 1472 exilii
2732 1426 2830 1472 aut
2875 1416 3080 1474 mortis
3119 1435 3293 1494 poena

1725 1506 1873 1584 ipsis
1897 1507 2006 1565 fuit
2020 1508 2346 1582 adjudicata
2360 1552 2377 1581 ‚
2396 1511 2558 1567 velut
2570 1509 2881 1569 homicidis
2897 1524 2995 1570 aut
3010 1511 3293 1591 tyrannis)

1729 1601 1848 1678 (79)
1883 1613 1947 1659 ut
1978 1601 2181 1678 igitur,
2212 1602 2466 1680 exceptis
2496 1601 2609 1674 his,
2638 1602 3003 1679 reliquorum
3030 1603 3293 1663 omnium

1726 1694 1966 1752 nomina
1998 1694 2231 1753 mandet
2264 1695 2515 1773 populus
2556 1695 2931 1755 exactoribus
2969 1711 3027 1755 et
3068 1697 3301 1757 senatui·

1726 1788 2161 1866 expungenda'
2145 1809 2209 1848 ιιι
2242 1790 2432 1848 aerarii
2471 1788 2810 1864 tabulariis,
2857 1803 2956 1850 aut
2987 1791 3041 1850 si
3067 1792 3296 1870 uspiam

1728 1880 1868 1939 alias
1903 1883 2167 1942 locorum
2196 1882 2485 1962 ejusmodi
2524 1883 2999 1944 documentorum
3029 1884 3297 1964 publico·

1727 1992 1855 2031 rum
1898 1974 2255 2050 exemplaria
2282 1987 2572 2054 prostant,
2602 1988 2668 2034 ιιι
2704 1974 3121 2036 Thesmothetae
3162 1976 3299 2034 reli-

1729 2066 1948 2144 quique
1963 2067 2330 2144 magistratus
2344 2087 2413 2126 ea
2424 2068 2645 2126 senatui
2660 2067 2973 2127 exhibeant
2986 2067 3293 2130 abolenda.

1728 2155 1841 2215 Sed
1868 2172 1933 2218 ut
1954 2159 2077 2220 haec
2112 2163 2268 2220 intra
2295 2161 2553 2221 triduum
2578 2163 2747 2236 fiant,
2778 2183 2853 2222 ex
2891 2183 3009 2241 quo
3046 2165 3301 2242 populus

1729 2248 1878 2310 hanc
1928 2252 2175 2312 sciverit
2238 2254 2634 2334 rogationem,
2699 2259 2749 2315 si
2807 2256 3063 2315 sciverit.
3132 2256 3302 2315 Dicta

1729 2347 1993 2424 exempla
2011 2361 2440 2426 expunguntur,
2462 2349 2799 2428 neminique
2819 2349 2993 2408 liceto
3016 2369 3085 2408 ea
3102 2350 3299 2429 priva-

1734 2437 1836 2495 tim
1866 2457 2061 2498 secum
2089 2440 2323 2514 habere,
2358 2460 2548 2520 neque
2587 2443 2761 2502 liceto
2786 2443 3057 2520 cuiquam
3092 2442 3303 2501 aerario

1734 2531 1883 2591 facto
1911 2532 2063 2592 hanc
2085 2533 2274 2593 labem
2308 2535 2667 2614 exprobrare
2694 2557 2709 2595 τ
2742 2555 2908 2598 secus
2930 2537 3033 2614 qui
3064 2536 3299 2609 fecerit,

1731 2639 1795 2685 ut
1821 2627 1875 2687 is
1903 2629 2099 2706 poenis
2119 2643 2381 2689 teneatur
2403 2629 2641 2709 iisdem,
2661 2631 2877 2709 quibus
2905 2643 3174 2690 tenentur
3196 2629 3301 2708 qui

1732 2723 2021 2780 sententia
2068 2735 2300 2783 senatus
2347 2723 2741 2802 Areopagitici
2804 2724 3059 2804 perculsi
3113 2723 3302 2783 solum

1731 2824 2063 2894 verterunt,
2089 2836 2208 2894 quo
2227 2815 2559 2875 firmissima
2586 2815 3033 2876 Atheniensibus
3062 2817 3214 2875 inter
3242 2834 3305 2874 se

1735 2905 1876 2967 fides
1904 2909 1981 2968 sit
2007 2921 2063 2967 et
2094 2929 2252 2969 nunc
2278 2923 2336 2968 et
2361 2910 2425 2969 in
2456 2910 2715 2970 futurum
2739 2923 2981 2990 tempus.

1797 3027 1876 3074 80.
1897 3025 1989 3073 Per
2010 3023 2104 3074 hoc
2121 3022 2371 3074 decretum
2386 3060 2402 3089 ,
2426 3024 2519 3074 viri
2533 3060 2551 3088 ,
2571 3023 2803 3075 honorem
2814 3023 3014 3087 quidem
3032 3023 3307 3075 reddidistis

1733 3123 1794 3162 eo
1835 3111 2138 3175 carentibus3
2166 3111 2389 3163 exulibus
2421 3113 2585 3162 antem
2616 3113 2673 3162 ut
2701 3111 2847 3164 venia
2878 3110 3075 3163 daretur
3104 3112 3305 3163 domum

1735 3199 1991 3266 redeundi,
2014 3213 2173 3264 nequo
2203 3199 2503 3253 Patroclides
2525 3201 2697 3252 auctor
2716 3199 2859 3250 vobis
2884 3200 3001 3264 mit,
3034 3213 3191 3266 neque
3216 3215 3308 3252 vos

1735 3289 1955 3341 scivistis.
2021 3291 2089 3340 Ut
2109 3291 2273 3341 autem
2290 3327 2305 3354 ,
2325 3289 2531 3340 induciis
2558 3303 2673 3340 cum
2700 3287 3076 3340 Lacedoemoniis
3107 3292 3305 3342 contra-

1736 3369 1828 3417 ctis
1841 3405 1858 3430 ‚
1902 3367 2081 3418 moenia
2113 3367 2379 3420 diruebatis
2392 3405 2409 3432 ,
2450 3369 2621 3420 exules
2658 3381 2855 3432 quoque
2886 3369 3215 3433 recipiebatis,
3257 3371 3309 3421 et

1736 3445 1933 3509 triginta
1957 3446 2152 3509 tyranni
2184 3447 2542 3508 moriebantur,
2568 3449 2618 3498 et
2640 3447 2792 3511 Phyle
2821 3448 3129 3512 postmodum
3161 3461 3307 3497 occu-

1736 3533 1945 3596 pabatur
1974 3535 2026 3584 et
2045 3533 2333 3600 Munychia,
2365 3534 2449 3585 illa
2478 3534 2676 3586 infanda
2698 3539 2993 3601 evenerunt,
3017 3550 3224 3602 quorum
3252 3538 3307 3586 ut

1739 3633 1818 3672 me
1841 3621 2117 3674 meminisse
2148 3622 2217 3673 nil
2231 3622 2398 3687 Juvat,
2432 3624 2500 3674 ita
2522 3627 2737 3676 vestram
2754 3639 2952 3690 quoque
2969 3625 3183 3676 refricari
3210 3637 3309 3676 me-

1738 3711 1946 3762 moriam
1980 3711 2050 3762 nil
2083 3712 2275 3763 attinet.
2342 3712 2442 3777 (81)
2482 3715 2547 3764 ut
2577 3717 2741 3765 autem
2773 3727 2802 3764 e
2834 3714 3017 3766 Piraeeo
3040 3714 3272 3766 tandem
3258 3728 3309 3764 ιιι

1737 3799 1910 3850 urbem
1934 3800 2153 3866 redistis,
2174 3813 2329 3864 quum
2342 3800 2508 3852 liceret
2532 3802 2672 3854 vobis
2691 3816 2859 3867 poenas
2888 3815 3109 3868 sumere,
3139 3802 3307 3854 decre-

1737 3888 1900 3952 vistis,
1922 3902 2225 3953 quoecunque
2241 3889 2526 3942 accidissent
2553 3891 2787 3942 oblivioni
2812 3892 3039 3956 tradere,
3057 3891 3309 3956 plurisque

1740 3977 1916 4028 lecistis
1924 3979 2041 4041 reip.
2056 3976 2262 4030 salutem
2279 3991 2429 4041 quam
2444 3979 2745 4043 privatarum
2762 3979 3068 4031 simultatum
3080 3981 3308 4042 ultiones,

1739 4067 2147 4130 acceptarumque
2169 4064 2457 4128 injuriarum
2474 4067 2769 4118 oblivionem
2792 4069 2897 4132 lege
2917 4068 3159 4119 sanxistis,
3188 4069 3309 4125 Quae

1737 4155 1794 4206 ut
1810 4154 1951 4205 vobis
1966 4153 2148 4218 placuit
2168 4155 2277 4204 rata
2292 4166 2395 4204 esse
2406 4191 2423 4218 ,
2447 4155 2647 4205 creastis
2664 4155 2967 4218 vigintiviros
2976 4191 2992 4218 ,
3016 4155 3101 4218 qui
3122 4153 3309 4203 civitati

1739 4243 2026 4308 praeessent,
2045 4243 2202 4292 donec
2222 4241 2350 4306 leges
2366 4244 2480 4295 latoe
2513 4244 2699 4306 essent3
2734 4241 2929 4294 interim
2956 4241 3141 4306 placuit
3166 4241 3307 4293 Solo-

1739 4333 1814 4383 nis
1834 4331 2019 4395 legibus
2035 4334 2085 4382 et
2102 4333 2357 4386 Dracontis
2374 4333 2570 4384 statutis
2591 4333 2681 4382 uti.
2747 4332 2847 4395 (82)
2875 4333 2942 4382 Ut
2959 4332 3123 4382 autem
3140 4334 3311 4382 senatu

1739 4435 1828 4485 per
1846 4421 2027 4473 sortem
2042 4459 2059 4488 ,
2080 4421 2435 4486 legislatoribus
2451 4423 2615 4473 autem
2632 4435 2719 4486 per
2738 4419 2984 4472 delectum
3010 4421 3185 4472 creatis
3196 4457 3212 4484 ,
3232 4434 3311 4471 re·

1741 4511 1997 4574 periebatis
2024 4511 2076 4561 in
2099 4513 2305 4576 utroque
2338 4524 2513 4575 genere
2542 4511 2703 4575 legum
2742 4515 2841 4561 tam
2860 4523 2890 4560 a
2912 4510 3091 4561 solone
3114 4522 3264 4573 quam
3282 4522 3312 4559 a

1740 4601 1983 4651 Draconte
2000 4599 2327 4664 prosectarum
2363 4601 2519 4652 inesse
2554 4600 2761 4664 multas,
2784 4598 2962 4662 quibus
2983 4599 3166 4649 civium
3189 4598 3313 4648 bene

1743 4689 1884 4740 multi
1902 4689 1967 4740 ob
1993 4703 2051 4740 ea
2078 4703 2191 4754 quas
2212 4690 2264 4741 in
2290 4690 2381 4741 ista
2402 4690 2524 4754 reip.
2556 4689 2769 4752 procella
2791 4687 3061 4739 evenissent
3086 4689 3313 4738 teneren-

1743 4787 1842 4850 tur,
1861 4785 2094 4836 concione
2111 4785 2403 4848 convocata,
2423 4783 2740 4849 proposuistis
2752 4783 2829 4834 his
2852 4782 2914 4833 de
2925 4782 3111 4846 legibus
3127 4780 3311 4832 delibe-

1743 4880 1981 4932 rationem
2000 4917 2016 4944 ,
2049 4881 2198 4944 atque
2226 4877 2506 4929 decrevistis
2536 4879 2593 4927 ut
2616 4877 2745 4940 leges
2775 4889 2945 4926 omnes
2972 4875 3311 4926 examinaren-

1744 4977 1844 5039 tur,
1881 4988 2036 5038 eoque
2056 4973 2107 5024 in
2134 4973 2357 5024 examine
2377 4963 2595 5036 probatae
2620 4969 2673 5020 in
2690 4969 2868 5020 tabulis
2898 4968 3314 5020 conscriberentur

1747 5067 1798 5118 ln
1817 5070 1933 5120 Stoa
1954 5065 2130 5118 Precile
2147 5064 2362 5130 figendis.
2428 5063 2596 5117 Recita
2610 5063 2669 5114 tu
2688 5061 2807 5112 mihi
2819 5061 2914 5112 hoc
2933 5060 3201 5110 decretum.

2343 5183 2705 5246 Dacasrtm.

1827 5340 1929 5399 83.
1978 5338 2207 5397 Placuit
2252 5335 2507 5416 populo,
2554 5333 2897 5392 Tisamenus
2946 5336 3149 5385 auctor
3200 5324 3311 5387 fuit
