3825 5842
571 490 645 545 44
1422 478 1935 540 ΑΝΤΙΦΩΝΤΟΣ
1975 480 2026 542 0
2054 480 2240 543 ΠΕΡΙ
2280 484 2436 544 ΤΟΥ
2477 484 2907 548 ΧΟΡΕΥΤΟΥ.

567 619 766 687 τούτοις
803 617 1162 701 ἰσχυροτάτας
1202 620 1432 698 ἐχρῶντο
1471 616 1562 676 καὶ
1593 615 1769 677 πίστιν
1807 617 2007 692 ταύτην
2028 643 2125 680 σα-

573 707 834 791 φεστάτην
867 708 1176 790 ἀπέφαινον,
1219 705 1338 774 τοὺς
1376 705 1646 788 μάρτυρας
1687 704 1805 774 τοὺς
1849 730 2127 791 καταμαρ.

480 818 536 860 ιιι
567 801 863 879 τυροῦντας·
909 799 1012 855 τῶν
1067 796 1237 853 αὐτῶν
1277 791 1333 852 δὲ
1373 792 1569 852 τούτων
1614 792 2011 875 μαρτυρούντων
2032 840 2048 869 ,
2093 796 2127 854 ἃ

563 885 659 964 μὲν
682 884 786 964 ἐγὼ
811 884 974 963 λέγω,
1012 885 1181 956 ἀληθῆ
1214 872 1346 940 εἶναι
1363 925 1379 955 ,
1409 880 1443 939 ἃ
1471 879 1526 941 δὲ
1552 872 1698 942 οὗτοι
1729 882 1994 963 λέγουσιν,
2032 886 2127 944 οὐκ

563 976 763 1046 ἀληθῆ,
819 973 924 1038 τοῖς
980 970 1074 1049 μὲν
1136 969 1366 1051 μάρτυσι
1422 978 1526 1037 τοῖς
1588 993 1758 1051 μαρτυ
1795 975 1937 1031 οῦσιν
1998 974 2127 1031 ἀπι-

555 1062 694 1121 στεῖν
742 1065 876 1138 ὑμᾶς
912 1057 1241 1132 διδάσκουσι,
1285 1061 1388 1125 τοῖς
1429 1058 1484 1116 δὲ
1531 1056 1704 1135 λόγοις
1742 1083 1770 1117 ο
1791 1082 1814 1125 ς
1849 1058 1997 1119 αὐτοὶ
2029 1058 2125 1120 λέ-

561 1172 710 1229 γουσι
749 1144 1007 1207 πιστεύειν
1053 1149 1188 1224 ὑμᾶς
1233 1168 1362 1227 φασι
1389 1148 1613 1227 χρῆναι,
1639 1144 1727 1212 οὒς
1771 1143 1874 1222 ἐγὼ
1915 1148 1961 1204 εἰ
2005 1144 2121 1206 ἔλε-

559 1259 649 1316 γον
679 1236 800 1295 ἄνευ
830 1234 1108 1315 μαρτύρων
1131 1280 1148 1311 ,
1177 1234 1378 1316 ψευδεῖς
1410 1232 1472 1292 ἂν
1501 1232 1824 1315 κατηγόρουν
1859 1224 2011 1292 εἶναι.
2031 1232 2121 1315 (αν)

563 1324 751 1387 Καίτοι
795 1324 958 1385 δεινὸν
1001 1325 1047 1382 εἰ
1099 1325 1148 1385 οἱ
1186 1323 1334 1382 αὐτοὶ
1379 1322 1474 1399 μὲν
1519 1320 1776 1403 μάρτυρες
1818 1320 2019 1391 τούτοις
2058 1324 2122 1383 ἂν

559 1419 936 1495 μαρτυροῦντες
959 1412 1134 1473 πιστοὶ
1160 1402 1295 1483 ἦσαν
1311 1456 1327 1484 ,
1352 1410 1470 1488 ἐμοὶ
1498 1410 1553 1469 δὲ
1587 1414 1966 1491 μαρτυροῦντες
1993 1410 2127 1499 dim-

479 1531 534 1571 ιο
558 1532 672 1568 ποι
702 1507 926 1569 ἔσονται.
1015 1507 1125 1567 Καὶ
1155 1508 1200 1566 εἰ
1229 1506 1324 1585 μὲν
1351 1505 1490 1566 πάνυ
1509 1504 1583 1584 μὴ
1611 1505 1958 1587 παρεγένοντο
1987 1506 2120 1589 μάρ-

519 1604 528 1610 “
555 1618 736 1677 τυρες,
764 1595 870 1675 ἐγὼ
892 1595 948 1655 δὲ
972 1592 1338 1677 παρειχόμην,
1360 1592 1395 1666 ἢ
1422 1592 1539 1662 τοὺς
1561 1593 2010 1675 παραγενομένους
2043 1594 2119 1673 μὴ

555 1684 922 1765 παρειχόμην,
953 1681 1158 1764 ἑτέρους
1194 1681 1252 1740 δέ
1276 1704 1418 1749 τινας
1439 1726 1456 1755 ,
1499 1680 1710 1749 εἰκότως
1743 1681 1807 1741 ἂν
1848 1685 1895 1742 οἱ
1925 1682 2121 1744 τούτων

551 1770 701 1851 λόγοι
729 1771 1024 1849 πιστότεροι
1071 1764 1208 1843 ἦσαν
1251 1773 1354 1830 τῶν
1381 1772 1522 1847 ἐμῶν
1568 1770 1867 1852 μαρτύρων·
1907 1769 2037 1831 ὅπου
2064 1770 2119 1831 δὲ

521 1878 524 1881 ’
558 1858 829 1941 μάρτυράς
853 1882 910 1918 τε
937 1861 1247 1937 ὁμολογοῦσι
1281 1857 1698 1939 παραγενέσθαι,
1727 1862 1820 1919 καὶ
1855 1858 1962 1939 ἐγὼ
2001 1859 2121 1930 τοὺς

555 1946 1004 2029 παραγενομένους
1027 1945 1354 2028 παρέχομαι,
1373 1944 1462 2004 καὶ
1490 1944 1634 2014 εὐθὺς
1655 1945 1760 2004 ἀπὸ
1781 1947 2119 2029 τῆςοπρώτης

561 2036 756 2117 ἡμέρας
783 2036 874 2096 καὶ
907 2035 1059 2103 αὐτὸς
1085 2034 1189 2116 ἐγὼ
1211 2035 1300 2095 καὶ
1326 2038 1375 2096 οῖ
1405 2035 1663 2117 μάρτυρες
1687 2035 1878 2104 πάντες
1906 2040 2117 2120 φανεροί

555 2126 710 2203 ἐσμεν
757 2124 990 2204 λέγοντες
1018 2120 1154 2204 ἅπερ
1188 2123 1302 2183 νυνὶ
1336 2122 1464 2204 πρὸς
1502 2126 1669 2201 ὑμᾶς,
1700 2124 1855 2185 πόθεν
1898 2124 2003 2205 χρή
2024 2170 2043 2203 ,
2073 2115 2117 2185 ὦ

452 2211 754 2293 145ἅνδρες,
785 2211 820 2285 ἢ
844 2214 1043 2284 τάληθῆ
1068 2210 1231 2271 πιστὰ
1264 2210 1300 2283 ἢ
1321 2210 1388 2270 τὰ
1418 2210 1492 2291 μὴ
1523 2214 1693 2285 ἀληθῆ
1723 2211 1923 2271 ἄπιστα
1951 2221 2115 2272 ποιεῖν

553 2299 766 2359 ἄλλοθεν
784 2298 819 2373 ἢ
841 2302 901 2359 ἐκ
921 2303 1024 2359 τῶν
1038 2297 1282 2363 τοιούτων
1302 2321 1318 2370 ;
1346 2300 1440 2380 (3ο)
1460 2300 1640 2362 “oveco
1657 2298 1753 2379 μὲν
1768 2298 1869 2381 γὰρ
1883 2300 2025 2381 λόγῳ
2043 2325 2119 2371 τις

554 2388 788 2447 διδάσκοι
817 2387 938 2468 περὶ
974 2390 1076 2445 τῶν
1103 2384 1444 2468 πραχθέντων
1461 2432 1479 2462 ,
1505 2387 1772 2469 μάρτυρας
1799 2389 1852 2447 δὲ
1892 2386 1970 2466 μὴ
2002 2412 2117 2447 πα-

555 2479 788 2560 ρέχοιτο,
816 2476 1094 2556 μαρτύρων
1129 2475 1192 2534 ἄν
1229 2499 1304 2543 τις
1338 2474 1456 2544 τοὺς
1487 2477 1668 2555 λόγους
1700 2475 1908 2545 τούτους
1932 2478 2117 2546 ἐνδεεῖς

551 2564 678 2648 φαίη
722 2556 868 2625 εἶναι·
917 2563 1046 2623 ὅπου
1073 2562 1129 2624 δὲ
1163 2563 1430 2645 μάρτυρας
1464 2563 1558 2643 μὲν
1587 2564 1902 2646 παρέχοιτο,
1926 2564 2113 2643 τεκμή-

553 2677 638 2734 ρια
681 2653 735 2713 δὲ
781 2645 848 2713 αὗ
883 2654 988 2720 τοῖς
1026 2658 1376 2733 μαρτυροῦσιν
1423 2650 1580 2730 ὅμοια
1627 2652 1702 2731 μὴ
1749 2652 2114 2734 ἀποφαίνοιτο,

553 2740 718 2803 ταῦτὰ
747 2740 810 2801 ἀν
835 2765 911 2809 τις
933 2741 1046 2822 ἔχοι
1078 2742 1260 2813 εἰπεῖν,
1295 2742 1340 2799 εἰ
1371 2739 1630 2819 βούλοιτο.
1715 2737 1803 2823 (31)
1832 2738 1976 2819 Ἐγὼ
2004 2740 2112 2799 τοί·

487 2844 515 2892 5
549 2856 636 2892 νυν
661 2829 778 2898 τούς
822 2854 880 2891 τε
913 2830 1096 2909 λόγους
1136 2832 1257 2908 ὑμῖν
1283 2828 1484 2896 εἰκότας
1522 2828 1796 2909 ἀποφαίνω
1813 2872 1828 2902 ,
1875 2829 1966 2888 καὶ
2010 2838 2115 2897 τοῖς

548 2920 718 3001 λόγοις
744 2919 860 2987 τοὺς
899 2918 1168 3001 μάρτυρας
1203 2918 1580 2996 ὁμολογοῦντας
1614 2916 1706 2978 καὶ
1740 2917 1845 2985 τοῖς
1885 2915 2113 2999 μάρτυσι

549 3010 615 3070 τὰ
645 3010 773 3092 ἔργα
792 3056 808 3085 ,
837 3009 928 3069 καὶ
969 3006 1231 3089 τεκμήρια
1261 3004 1314 3075 ἐξ
1353 3007 1524 3066 αὐτῶν
1569 3008 1672 3065 τῶν
1703 3004 1884 3087 ἔργων,
1908 3004 2001 3065 καὶ
2036 3004 2113 3064 ἔτι

547 3098 675 3180 πρὸς
699 3098 898 3166 τούτοις
919 3095 1008 3157 δύο
1030 3096 1104 3157 τὼ
1135 3094 1364 3173 μεγίστω
1402 3094 1496 3155 καὶ
1521 3095 1875 3175 ἰσχυροτάτω,
1903 3093 2114 3161 τούτους

549 3188 644 3263 μὲν
678 3185 861 3254 αὐτούς
900 3198 957 3244 τε
1004 3184 1106 3245 ὑπὸ
1155 3188 1300 3264 σφῶν
1347 3184 1520 3241 αὐτῶν
1559 3182 1987 3261 ἐξελεγχομένους
2021 3181 2113 3241 καὶ

549 3273 637 3331 ὑπ’
665 3277 820 3352 ἐμοῦ,
851 3271 942 3348 ἐμὲ
968 3270 1024 3333 δὲ
1048 3271 1148 3331 ὑπό
1175 3295 1232 3329 τε
1259 3268 1454 3329 τούτων
1484 3270 1573 3329 καὶ
1603 3269 1704 3330 ὑπὸ
1727 3272 1956 3347 ἐμαυτοῦ
1976 3272 2111 3329 ἀπο-

549 3356 814 3437 λυόμενον·
871 3357 963 3439 (aa)
1012 3358 1142 3419 ὅπου
1190 3356 1293 3438 γὰρ
1344 3354 1605 3423 ἐθέλοντος
1644 3356 1948 3437 ἐλέγχεσθαι
1981 3358 2111 3435 ἐμοῦ

473 3470 524 3510 ιο
551 3447 668 3528 περὶ
694 3440 767 3507 ὧν
807 3450 1028 3527 ᾐτιῶντο
1071 3436 1218 3505 οὗτοι
1256 3442 1329 3520 μὴ
1367 3444 1550 3517 ἤθελον
1577 3444 1836 3524 ἐλέγχειν,
1877 3442 2109 3518 ἠδίκουν,

547 3535 640 3593 καὶ
665 3534 757 3613 ἐμὲ
797 3535 892 3613 μὲν
929 3534 1096 3608 δήπου
1138 3532 1392 3605 ἀπέλυον,
1422 3531 1568 3591 αὖτοὶ
1597 3530 1652 3589 δὲ
1675 3529 1811 3591 κατὰ
1840 3536 1983 3615 σφῶν
2017 3536 2113 3593 αι’)-

548 3626 652 3682 τῶν
692 3622 950 3706 μάρτυρες
989 3621 1219 3701 ἐγένοντο
1259 3619 1338 3679 ὅτι
1365 3618 1511 3679 οὐδὲν
1554 3618 1749 3680 δίκαιον
1781 3621 1886 3680 οὐδ’
1928 3620 2112 3694 ἀληθὲς

548 3713 790 3789 ᾐτιῶντο.
871 3708 1062 3773 Καίτοι
1099 3711 1144 3767 εἰ
1182 3708 1312 3789 πρὸς
1346 3710 1452 3774 τοῖς
1479 3710 1707 3785 ἐμαυτοῦ
1747 3708 1975 3789 μάρτυσι
1998 3708 2113 3778 τοὺς

549 3797 834 3867 ἀντιδίκους
873 3796 1056 3865 αὐτοὺς
1094 3795 1360 3876 μάρτυρας
1401 3794 1740 3876 παρέχομαι,
1780 3796 1872 3855 ποῖ
1897 3794 1975 3853 ἔτι
2010 3798 2111 3855 ἐλ-

546 3885 700 3945 θόντα
741 3888 820 3945 δεῖ
857 3885 892 3959 ἢ
933 3886 1088 3947 πόθεν
1137 3882 1481 3953 ἀποδείξαντα
1514 3889 1609 3955 τῆς
1651 3883 1818 3952 αἰτίας
1858 3882 2112 3942 ἀπολελύ·

545 3980 698 4035 σθαι·

623 4021 700 4127 33ἷ
747 4062 1011 4143 Ἦγοῦμαι
1036 4062 1130 4139 μὲν
1150 4052 1238 4123 οὖν
1254 4060 1346 4121 καὶ
1367 4064 1426 4121 ἐκ
1448 4063 1550 4120 τῶν
1571 4058 1857 4143 εἰρημένων
1873 4059 1964 4119 καὶ
1985 4063 2111 4119 ἀπο-

547 4151 914 4231 δεδειγμένων,
954 4140 998 4212 ῶ
1037 4149 1252 4231 ἄνδρες,
1302 4147 1512 4217 δικαίως
1544 4147 1606 4208 ἀν
1649 4171 1750 4227 μου
1779 4144 2111 4229 ἀποψηφίσα-

471 4260 519 4301 ιο
542 4246 662 4299 σθαι
681 4244 818 4316 ὑμᾶς
834 4284 850 4312 ,
874 4238 1291 4316 καὶ-ἐπίστασθαι
1321 4238 1556 4306 ἅπαντας
1574 4236 1654 4297 ὅτι
1672 4235 1817 4297 οὐδέν
1834 4258 1923 4314 μοι
1944 4259 2111 4316 προσ-

545 4326 662 4395 ήκει
683 4330 776 4397 τῆς
799 4325 969 4392 αἰτίας
987 4324 1198 4397 ταύτης.
1222 4324 1344 4387 Ἵνα
1367 4327 1414 4383 δ’
1433 4324 1508 4384 ἔτι
1531 4326 1622 4383 καὶ
1651 4326 1864 4403 ἄμεινον
1889 4323 2109 4403 μάθητε,

543 4408 724 4470 τούτου
749 4409 898 4469 ἕνεκα
926 4409 1090 4470 πλείω
1110 4410 1270 4484 λέξω,
1317 4411 1414 4470 καὶ
1444 4411 1698 4480 ἀποδείξω
1726 4414 1848 4487 ὑμῖν
1867 4408 1984 4478 τοὺς
2006 4434 2111 4469 κα·-

543 4498 791 4579 τηγόρους
804 4496 1010 4565 τούτους
1033 4498 1429 4577 ἐπιορκοτάτους
1451 4498 1601 4565 ὄντας
1621 4497 1712 4557 καὶ
1731 4496 2110 4567 ἀσεὸεστάτους

544 4585 854 4666 ἀνθρώπων,
901 4585 991 4645 καὶ
1031 4583 1202 4653 ἀξίους
1234 4586 1292 4642 οὗ
1325 4586 1477 4659 μόνον
1521 4588 1613 4644 ὑπ’
1653 4587 1778 4662 ἐμοῦ
1813 4588 2108 4663 μισεῖσθαι,

544 4672 681 4734 ἀλλὰ
721 4674 812 4733 καὶ
851 4677 937 4755 ὑφ’
968 4675 1113 4750 ὑμῶν
1155 4670 1365 4732 πάντων
1393 4672 1484 4733 καὶ
1512 4677 1616 4733 τῶν
1645 4671 1818 4733 ἄλλων
1859 4672 2109 4750 πολιτῶν,

543 4767 637 4835 τῆς
654 4760 797 4835 δίκης
823 4761 974 4823 ἕνεκα
998 4759 1237 4833 ταυτησί.
1323 4763 1408 4841 (34)
1439 4754 1604 4823 Οὗτοι
1621 4760 1722 4841 γὰρ
1753 4764 1818 4841 τῇ
1845 4756 1940 4837 μὲν
1964 4760 2109 4840 πρώ-

543 4874 608 4931 τῃ
661 4848 832 4930 ἡμέρᾳ
880 4842 917 4930 ᾗ
964 4848 1219 4908 ἀπέθανεν
1275 4852 1304 4907 ὁ
1344 4856 1485 4921 παῖς,
1528 4848 1618 4907 καὶ
1663 4854 1730 4929 τῇ
1776 4846 2026 4927 ὑστεραία
2072 4840 2109 4925 ᾗ

465 4968 523 5007 20
543 4937 844 5021 προέκειτο,
889 4937 997 4999 οὐδ’
1033 4936 1178 4996 αὐτοὶ
1222 4935 1396 5009 ἠξίουν
1424 4940 1686 4997 αἰτιᾶσθαι
1715 4935 1810 5017 ἐμὲ
1853 4935 1960 4996 οὐδ’
1985 4937 2104 4994 ἀδι-

544 5030 654 5089 κεῖν
677 5030 730 5088 ἐν
758 5030 834 5107 τῷ
860 5025 1133 5109 πράγματι
1159 5024 1327 5107 τούτῳ
1350 5023 1524 5103 οὐδέν,
1558 5024 1694 5085 ἀλλὰ
1725 5030 1954 5098 συνῆσαν
1992 5022 2108 5102 ἐμοὶ

544 5118 635 5177 καὶ
665 5115 969 5195 διελέγοντο·
1005 5119 1070 5194 τῇ
1093 5112 1148 5173 δὲ
1173 5113 1319 5194 τρίτῃ
1345 5112 1518 5195 ἡμέρᾳ
1545 5106 1583 5195 ᾖ
1607 5112 1916 5195 ἐξεφέρετοδ
1956 5117 2103 5189 παῖς,

542 5204 709 5285 ταύτῃ
761 5203 824 5277 δὴ
867 5200 1206 5280 πεπεισμένοι
1261 5192 1394 5273 ἦσαν
1453 5202 1554 5261 ὑπὸ
1611 5207 1714 5261 τῶν
1759 5204 1957 5284 ἐχθρῶν
1997 5204 2103 5259 τῶν

548 5292 688 5369 ἐμῶν
706 5338 724 5373 ,
781 5294 872 5353 καὶ
916 5289 1360 5377 παρεσκευάζοντο
1415 5294 1678 5351 αἰτιᾶσθαι
1727 5291 1818 5351 καὶ
1872 5312 2101 5371 προαγο·

3474 490 3732 572 (wo-um)

2217 631 2274 681 ut
2296 630 2348 681 hi
2368 630 2653 683 testimoin'is
2668 633 2769 683 illis
2785 634 3015 697 tanquam
3032 633 3332 685 validissimis
3352 634 3548 699 fideque
3566 639 3735 701 diguiss-

2216 719 2309 769 mis
2325 732 2404 769 me
2420 720 2780 783 impugnarent:
2800 721 2898 785 iam
2912 736 3027 773 vero
3042 722 3248 773 testibus
3262 724 3336 774 his
3354 724 3527 775 iisdem
3540 727 3735 778 aientibus

2215 807 2481 858 orationem
2498 821 2651 859 meam
2668 823 2859 873 mquam
2875 812 2925 861 et
2936 824 3099 861 veram
3114 825 3236 875 esse,
3254 813 3461 862 istorum
3476 816 3735 877 mendacem,
3770 802 3772 851 4

2216 885 2391 936 docere
2428 899 2515 937 vos
2558 887 2885 951 contendunt,
2914 889 3186 939 testimonio
3223 889 3339 939 milii
3374 892 3586 941 secundo
3626 893 3735 944 tidem

2214 987 2409 1025 omnem
2440 990 2542 1027 esse
2570 976 2891 1041 derogandam
2908 1014 2924 1039 ,
2965 977 3016 1027 in
3048 978 3451 1041 praesensionibus
3482 984 3637 1031 antem
3658 996 3682 1031 a
3702 996 3737 1032 se

2215 1062 2433 1115 confictis
2458 1078 2545 1115 vos
2582 1068 2715 1115 (κει-ιε
2742 1064 2839 1131 tide
2872 1065 3049 1115 debere
3078 1066 3413 1129 acquiescere3
3450 1081 3572 1131 quas
3606 1082 3679 1131 qo
3709 1071 3737 1119 si

2214 1154 2477 1213 proferrem
2498 1152 2680 1218 absque
2701 1155 2931 1217 testibus,
2960 1167 3039 1205 noe
3070 1155 3141 1205 illi
3158 1156 3215 1205 ut
3238 1154 3383 1205 salsas
3408 1159 3567 1208 essent
3599 1171 3729 1219 asper-

2217 1243 2397 1293 naturi.
2464 1242 2563 1304 (29)
2599 1241 2747 1306 Atqui
2776 1256 2855 1293 res
2896 1242 3089 1306 indigna
3120 1244 3209 1305 sit,
3240 1244 3281 1295 si
3312 1246 3467 1296 testes
3494 1244 3739 1307 iidem‚ubi

2211 1329 2325 1394 ipsis
2349 1331 2561 1393 faveant,
2584 1332 2691 1381 tum
2716 1330 2863 1381 iidem
2892 1335 3187 1397 mereantur,
3212 1334 3295 1385 ubi
3314 1338 3488 1387 autem
3512 1348 3589 1385 me
3602 1346 3734 1385 secun·

2212 1417 2363 1481 dent,
2382 1419 2487 1469 tum
2516 1420 2716 1470 nullam.
2782 1420 2963 1479 Quodsi
2992 1422 3124 1473 casui
3151 1424 3297 1474 tates
3326 1437 3528 1488 promus
3562 1424 3669 1474 nulli
3682 1423 3734 1471 af·

2212 1506 2436 1571 fuissent,
2460 1521 2547 1571 ego
2564 1510 2727 1558 tamen
2762 1508 2949 1571 aliquos
2968 1509 3317 1575 producerem,
3348 1512 3488 1562 aiens
3522 1525 3600 1562 ens
3624 1512 3733 1561 inter·
3770 1500 3772 1557 1

2211 1593 2383 1657 tuisse,
2416 1597 2503 1645 aut
2540 1596 2613 1657 si,
2644 1608 2799 1659 quum
2832 1597 3161 1649 intermissent
3192 1600 3371 1662 testes,
3412 1612 3503 1662 ego
3536 1612 3627 1649 non
3652 1611 3733 1659 eos,

2210 1684 2295 1746 qui
2334 1696 2447 1733 vere
2482 1684 2836 1749 interfuissent,
2868 1686 2955 1737 sed
2990 1687 3135 1749 alios,
3174 1686 3479 1749 exhiberem,
3510 1690 3631 1737 recte
3662 1686 3733 1735 nti·

2208 1784 2305 1833 que
2329 1784 2417 1821 vos
2445 1772 2677 1834 maiorem
2708 1774 2853 1825 tidem
2870 1775 3064 1825 illorum
3090 1774 3445 1838 praedicationi,
3476 1788 3617 1838 qnam
3646 1776 3736 1823 mus

2208 1859 2413 1910 testibus
2428 1898 2443 1923 ‚
2464 1860 2753 1913 adhiberetis
2784 1882 2795 1913 :
2817 1865 2953 1927 atqui
2976 1864 3187 1913 latentur
3202 1862 3295 1926 ipsi
3310 1864 3465 1914 testes
3485 1864 3659 1926 negotio
3680 1863 3735 1911 iu·

2207 1948 2454 2013 terruisse,
2481 1952 2533 2000 et
2561 1963 2648 2013 ego
2670 1950 2817 2001 testes
2847 1950 3042 2001 eosdem
3078 1950 3285 2002 exhibeo
3301 1943 3391 2014 qui
3418 1964 3531 2002 vere
3554 1951 3739 2001 interfue-

2208 2035 2348 2096 runt,
2372 2036 2422 2084 et
2456 2036 2675 2097 constat,
2708 2046 2883 2098 meque
2908 2036 2959 2085 et
2979 2047 3113 2084 meos
3140 2037 3289 2086 testes
3310 2048 3485 2086 omnes
3506 2034 3737 2085 constanter

2206 2118 2375 2168 eadem
2400 2118 2450 2167 et
2470 2117 2554 2167 illa
2585 2118 2739 2182 prima
2760 2120 2926 2169 statim
2948 2116 3027 2168 die
3062 2132 3169 2182 prae
3203 2120 3343 2171 nobis
3364 2119 3559 2182 tulisse,
3592 2120 3635 2168 et
3670 2118 3735 2165 ho-
3770 2126 3772 2175 ι

2206 2200 2284 2251 die
2300 2215 2401 2265 prae
2426 2203 2567 2255 nobis
2588 2206 2711 2256 serre
2741 2214 2943 2269 :ecquae
2958 2206 3058 2269 iam
3084 2207 3179 2257 alia
3206 2207 3359 2270 ratio,
3380 2206 3583 2269 judiees,
3608 2216 3736 2265 quaeso

2206 2300 2317 2351 vos,
2349 2292 2501 2353 possit
2522 2291 2811 2356 excogitari,
2840 2291 2971 2342 unde
3006 2294 3093 2343 aut
3118 2292 3249 2343 veris
3274 2292 3400 2344 fides
3432 2293 3660 2344 astruatur
3673 2290 3735 2337 aut

2206 2374 2335 2427 salsis
2362 2378 2672 2429 detrahatur?
2717 2381 2815 2444 (3ο)
2853 2384 2975 2432 Nam
3014 2380 3231 2430 oratione
3252 2379 3453 2441 quidem
3486 2380 3525 2430 si
3544 2377 3642 2441 quis
3658 2388 3734 2425 rem

2204 2462 2400 2526 doceat,
2422 2465 2567 2516 testes
2600 2468 2763 2517 autem
2792 2466 2919 2517 idem
2946 2465 3107 2517 nullos
3126 2464 3377 2529 exhibeat,
3407 2464 3631 2529 eiusmodi
3651 2474 3731 2513 ora-
3771 2498 3772 2501 η

2205 2550 2385 2603 tionem
2424 2554 2524 2603 aias
2550 2552 2749 2603 testium
2778 2552 3065 2603 auctoritate
3102 2566 3270 2605 carere
3294 2568 3307 2597 =
3336 2556 3415 2605 sin
3438 2556 3595 2604 autem
3624 2554 3733 2601 teis
3771 2542 3772 2575 ³

2204 2640 2429 2691 exhibeat
2445 2641 2643 2704 quidem
2657 2678 2673 2704 ,
2690 2641 3041 2693 verumtamen
3070 2654 3169 2692 non
3192 2644 3313 2693 item
3348 2642 3541 2693 indicia»
3554 2641 3651 2691 edat
3667 2652 3730 2688 au·
3771 2690 3772 2701 2

2203 2726 2413 2777 ctoritati
2440 2727 2635 2777 testium
2668 2728 3016 2789 consentanea,
3045 2728 3199 2790 possis
3222 2731 3279 2780 tu
3306 2730 3415 2793 pari
3452 2728 3591 2778 modo
3622 2726 3730 2775 udan

2202 2809 2489 2859 indiciorum
2527 2809 2833 2860 desiderare:
2898 2810 3002 2873 (31)
3025 2823 3113 2873 ego
3134 2823 3253 2861 vero
3283 2813 3335 2861 et
3360 2812 3573 2863 oratione
3594 2808 3730 2873 proba-
3770 2808 3772 2871 4

2200 2892 2358 2943 biliter
2380 2905 2481 2941 rem
2509 2893 2691 2955 gestam
2715 2891 2917 2955 exposui
2941 2893 2989 2942 et
3017 2894 3164 2943 testes
3184 2893 3397 2955 produxi
3428 2906 3549 2943 meae
3566 2888 3728 2941 orationi
3771 2876 3772 2885 ¹

2202 2972 2579 3034 consentientes,
2616 2974 2666 3023 et
2700 2972 2829 3023 tacta
2864 2971 3195 3023 demonstravi
3253 2974 3461 3025 testium
3502 2967 3729 3023 auctoritati

2203 3060 2540 3120 consonantia,
2574 3062 2627 3110 et
2650 3058 2939 3121 argumenta
2964 3072 3028 3109 ex
3051 3058 3165 3122 ipsis
3186 3060 3330 3111 rebus
3362 3062 3531 3125 petivi,
3567 3062 3613 3109 et
3634 3070 3727 3121 prae-

2201 3138 2333 3189 terea
2357 3138 2454 3187 duo
2485 3138 2707 3201 quaedam
2734 3138 2826 3187 bac
2858 3139 2909 3189 in
2927 3152 3074 3189 causa
3091 3140 3168 3189 vel
3190 3142 3405 3193 maxima
3426 3136 3727 3195 demonstravi,

2202 3220 2291 3271 hos
2305 3219 2501 3283 quidem
2520 3221 2637 3283 puta
2660 3222 2709 3271 et
2726 3234 2755 3269 a
2777 3234 2856 3272 me
2873 3222 2923 3270 et
2943 3233 2973 3270 a
2986 3223 3139 3271 semet
3156 3222 3269 3285 ipsis
3286 3225 3533 3275 convictos
3544 3261 3559 3286 ,
3576 3235 3645 3271 me
3662 3232 3725 3268 au·

2200 3303 2403 3355 temeta
2420 3316 2498 3353 me
2512 3302 2747 3353 etabillis
2761 3302 2873 3366 ipsis
2886 3302 3084 3352 crimine
3098 3303 3375 3356 ahsolutum
3398 3326 3411 3357 ι
3434 3307 3531 3369 (32)
3548 3317 3618 3355 me
3632 3301 3726 3351 enim

2200 3383 2328 3433 ultro
2358 3382 2676 3434 descendente
2709 3382 2771 3433 ad
2800 3382 3106 3433 subeundum
3152 3386 3475 3449 inquisitionis
3502 3382 3727 3449 periculum
3770 3412 3772 3473 4

2199 3468 2261 3520 de
2287 3468 2565 3519 criminibus
2595 3468 2712 3518 mihi
2738 3466 2967 3531 obiectis,
3002 3470 3053 3519 hi
3084 3470 3301 3521 nolentes
3318 3485 3427 3523 eam
3450 3470 3725 3522 conditionem
3771 3474 3772 3477 ’

2198 3551 2423 3615 amplecti
2436 3588 2451 3614 ‚
2470 3550 2698 3613 iniuriam
2726 3551 2893 3615 utique
2924 3551 3143 3617 mihique
3164 3553 3352 3617 sibique
3390 3555 3481 3619 ipsi
3508 3552 3727 3607 dederunt,

2200 3638 2251 3686 et
2283 3650 2361 3687 me
2381 3638 2577 3700 quidem
2602 3640 2915 3691 absolverunt
2930 3676 2947 3703 ,
2980 3640 3135 3689 semet
3150 3652 3269 3689 vero
3286 3639 3377 3703 ipsi
3394 3631 3729 3691 condemnarunt
3771 3640 3772 3703 J

2199 3732 2433 3787 suamque
2458 3725 2819 3776 accusationem
2852 3738 2943 3776 eeu
2973 3725 3255 3776 mendaeem
3278 3724 3635 3791 dispunxerunt.
3664 3720 3729 3769 At·
3771 3788 3772 3791 Ἴ

2200 3812 2285 3873 qui
2301 3812 2360 3875 si,
2394 3814 2571 3876 pra-ter
2598 3815 2747 3865 testes
2776 3828 2935 3877 meos,
2967 3815 3096 3878 ipsos
3129 3812 3249 3865 adeo
3286 3813 3583 3867 adversarios
3601 3817 3726 3859 caui&

2206 3906 2327 3944 meae
2366 3896 2514 3945 testes
2550 3898 2754 3959 proesto,
2796 3909 2951 3960 ecquo
2988 3896 3084 3945 alio
3114 3909 3280 3959 quaiso
3316 3896 3555 3961 oportebit
3578 3890 3659 3952 ire‘,
3683 3885 3727 3936 nd

2199 3976 2533 4026 arcessendum
2558 3980 2839 4041 argumenta
2864 3977 3213 4028 absolutionis?
3770 3966 3772 4007 ¹

2262 4069 2339 4113 33.
2374 4065 2583 4116 Tametsi
2610 4066 2757 4130 igitur
2776 4068 2977 4116 autumo
2992 4102 3008 4128 ‚
3030 4064 3223 4128 judices
3235 4100 3251 4127 ,
3272 4068 3385 4129 post
3400 4080 3456 4117 ea
3472 4075 3578 4127 qum
3596 4060 3725 4120 dispu-

2204 4160 2331 4223 tavi,
2360 4173 2447 4211 vos
2477 4174 2555 4211 me
2580 4162 2754 4212 merito
2780 4160 3086 4213 absoluturos
3107 4174 3236 4224 esse,
3256 4162 3309 4212 et
3343 4162 3407 4213 ab
3444 4162 3536 4211 hoc
3565 4152 3726 4206 crimine

2197 4264 2395 4315 prorsus
2408 4266 2489 4303 me
2500 4265 2675 4303 vacare
2692 4266 2779 4304 vos
2792 4266 2959 4305 omnes
2974 4253 3297 4304 intellexisse:
3320 4267 3420 4318 quo
3432 4254 3587 4305 tamen
3601 4245 3725 4297 adhuc

2198 4350 2375 4400 certius
2396 4361 2499 4400 rem
2518 4350 2840 4414 cognoscatis,
2864 4350 3065 4413 planum
3084 4350 3231 4400 etiam
3264 4346 3435 4400 faciam
3464 4350 3547 4399 hos
3562 4352 3724 4395 accusa-

2196 4445 2326 4494 tores
2364 4455 2497 4494 meos
2528 4456 2629 4495 esse
2664 4443 2925 4493 hominum
2960 4443 3179 4493 omnium
3212 4442 3425 4493 maxime
3463 4440 3659 4505 perjuros
3690 4430 3723 4478 ei

2198 4540 2399 4603 impios,
2418 4539 2626 4604 odioque
2649 4539 2866 4603 inprimis
2897 4538 3089 4602 dignos,
3121 4552 3219 4588 non
3249 4551 3363 4589 meo
3388 4538 3570 4595 solum,
3598 4536 3724 4589 neque

2197 4634 2392 4695 vestro,
2429 4632 2651 4695 judiees,
2703 4632 2785 4683 sed
2829 4632 3046 4681 omnium
3082 4628 3202 4681 adeo
3231 4630 3441 4691 civium,
3471 4626 3532 4677 ob
3566 4629 3722 4673 morum
3770 4666 3772 4701 4

2196 4723 2552 4788 improbitatem
2571 4724 2623 4774 in
2644 4721 2737 4774 hae
2754 4736 2897 4774 causa
2916 4722 3310 4773 demonstratam.
3350 4722 3449 4785 (34)
3466 4722 3578 4771 Nam
3598 4711 3722 4777 prim⁰

2196 4820 2395 4884 quidem
2416 4820 2495 4870 die
2510 4833 2609 4883 quo
2632 4832 2751 4883 puer
2768 4818 3133 4882 exspiraverat,
3169 4818 3285 4869 item
3314 4818 3467 4869 altero
3494 4826 3584 4878 quo
3604 4804 3719 4857 cada-

2198 4932 2281 4969 ver
2309 4917 2411 4980 eius
2436 4918 2540 4968 erat
2557 4916 2859 4979 expositum,
2899 4928 3097 4979 aequum
3120 4914 3171 4964 lii
3200 4928 3299 4965 non
3321 4910 3573 4965 censebant
3586 4914 3655 4955 me
3669 4896 3723 4947 ul·

2195 5010 2291 5061 lius
2308 5011 2527 5060 incusare
2548 5009 2641 5059 hac
2676 5009 2728 5059 in
2756 5022 2807 5059 re
2826 5008 3069 5059 commissi
3092 5008 3269 5058 erroris
3298 5008 3386 5057 aut
3414 4997 3639 5056 facinoris,
3656 4984 3719 5039 sed

2196 5116 2386 5155 mecum
2423 5100 2853 5166 congrediebantur
2874 5103 2925 5152 et
2958 5113 3203 5151 sermones
3230 5096 3535 5152 conterebant
3568 5106 3581 5141 ε
3605 5080 3719 5137 tertio

2197 5196 2393 5247 demum
2421 5194 2526 5258 die,
2554 5208 2653 5258 quo
2677 5207 2797 5258 puer
2818 5194 3127 5256 efferebatur,
3164 5194 3227 5243 ab
3260 5192 3461 5244 inimicis
3500 5183 3608 5236 mels
3632 5184 3715 5240 1¹⁰¹·

2194 5289 2323 5343 suasi
2355 5290 2592 5342 actionem
2631 5292 2800 5341 contra
2834 5303 2915 5342 me
2950 5289 3187 5355 parabant
3218 5293 3269 5343 et
3294 5290 3521 5343 arcebant
3552 5297 3580 5335 ⁸
3607 5272 3720 5344 i¹¹⁵¹is
