3825 5842
867 489 1258 554 1soanT1s
1302 490 1595 553 οιιΑΤιο
1637 492 1741 552 ΒΕ
1783 444 2411 555 ΡΕιιΜυΤΑΤιοΝις.

96 626 246 694 θέταις
269 622 508 706 περὶτῶν
532 622 724 685 ἄλλων.
837 594 1028 685 Kaleon
1051 628 1314 708 προσῆκεν
1338 622 1523 693 αὐτοὺς
1543 630 1632 685 νῦν

96 720 330 792 μισεῖσθαι
370 714 570 793 μᾶλλον
605 712 641 787 ἢ
683 714 806 773 κατ’
848 714 1042 774 ἐκεῖνον
1085 712 1174 774 τὸν
1218 712 1426 795 χρόνον.
1513 714 1629 794 (ata)

3161 502 3271 555 243

1724 633 1963 686 mandetis
1990 636 2041 687 et
2073 634 2241 687 iisdem
2274 606 2668 697 legumlatoribus
2692 624 2963 685 utamini?
2982 634 3129 699 Atqui
3152 633 3290 685 dec»-

1721 731 1806 783 bat
1827 746 1911 785 eos
1932 747 2061 785 nuuc
2082 734 2133 783 in
2155 733 2269 784 odio
2291 732 2469 795 maiore
2490 746 2595 785 esse
2618 746 2765 796 quam
2798 731 2931 783 olim.
2999 732 3129 797 (316)
3153 735 3290 783 Tunc

91 802 202 864 Τότε
219 802 308 882 μὲν
326 801 430 883 γὰρ
445 805 502 862 ἐν
519 804 626 870 '⁸⁵⁰3‘
645 800 938 881 ἐγκυκλίως
957 800 1113 881 μόνον
1133 801 1226 862 καὶ
1246 810 1356 871 τοῖς
1371 799 1514 862 κατὰ
1531 801 1628 876 Τὴν
1657 803 1700 869 d
1719 828 1848 879 enim
1872 829 1924 879 in
1946 828 2237 894 pervulgatis
2258 830 2417 881 solum
2437 829 2641 893 negotiis
2662 835 2841 881 nostroe
2860 828 2994 880 urbis
3015 833 3067 881 et
3086 827 3289 880 subinde

89 892 216 951 πόλιν
240 891 493 951 ἔὸλαπτον
520 888 638 959 τοὺς
661 890 1214 971 συμπολιτευομένους·
1245 890 1428 965 ἐπειδὴ
1457 890 1504 951 δ’
1532 894 1628 952 αύ-

41 998 61 1039 ⁵
93 976 300 1053 ξηθείσης
315 983 408 1052 τῆς
424 978 626 1047 πόλεως
640 978 732 1039 καὶ
749 976 1016 1051 λαὸούοης
1036 978 1131 1052 τὴν
1151 977 1322 1061 ἀρχὴν
1338 982 1386 1039 οἱ
1404 976 1626 1058 πατέρες

95 1070 234 1145 ἡμῶν,
259 1068 454 1145 μᾶλλον
481 1065 831 1150 θαρρήσαντες
863 1072 954 1127 τοῦ
983 1064 1362 1150 συμφέροντος,
1390 1066 1497 1133 τοῖς
1529 1063 1625 1142 μὲν

91 1156 236 1223 καλοῖς
269 1155 510 1234 κάγαθοῖς
550 1157 654 1215 τῶν
697 1157 896 1238 ἀνδρῶν
936 1154 1029 1216 καὶ
1057 1154 1294 1235 μεγάλην
1335 1151 1428 1228 τὴν
1471 1152 1624 1214 πόλιν

90 1244 306 1316 ποιήσασι
339 1242 424 1303 διὰ
462 1242 560 1313 τὰς
596 1243 898 1313 δυναστείας
930 1242 1243 1326 ἐφθόνησαν,
1283 1246 1526 1324 πονηρῶν
1573 1243 1620 1302 δ’

94 1332 340 1413 ἀνθρώπων
381 1332 472 1393 καὶ
499 1336 707 1411 μεστῶν
749 1331 1068 1415 θρασύτητος
1110 1330 1466 1412 ἐπεθύμησαν,
1508 1332 1622 1412 (317)

39 1436 76 1475 1⁰
96 1420 312 1493 οἰηθέντες
331 1422 444 1489 ταῖς
467 1418 565 1501 μὲν
588 1420 807 1501 τόλμαις
827 1420 920 1481 καὶ
937 1424 1052 1490 ταῖς
1071 1417 1624 1505 φιλαπεχθημοσύναις

1715 928 1765 978 in
1777 926 1949 978 orbem
1960 926 2271 979 redeuntibus
2288 928 2524 978 nocebant
2532 927 2721 979 civibus
2730 944 2747 989 ς
2763 940 2891 978 nunc
2907 940 3022 978 vero
3043 926 3195 977 auctis
3210 938 3288 975 ur·

1714 1025 1790 1076 bis
1798 1026 1973 1091 opibus
1984 1028 2035 1077 et
2048 1025 2247 1091 imperio
2257 1026 2532 1090 impetrato,
2546 1030 2709 1090 patres
2720 1026 2873 1077 nostri
2886 998 3166 1077 audaciores
3176 1023 3287 1075 sacti

1713 1139 1861 1189 quam
1881 1125 2125 1191 oportuit,
2146 1124 2265 1176 viris
2278 1125 2417 1175 bonis
2430 1137 2487 1175 ac
2508 1125 2865 1189 praestantibus,
2882 1138 3089 1189 quorum
3107 1123 3289 1174 virtute

1711 1222 1979 1288 respublica
1996 1225 2073 1273 est
2089 1221 2395 1287 amplificata,
2406 1236 2552 1287 quam
2568 1222 2817 1275 consecuti
2831 1227 2948 1274 sunt
2957 1222 3288 1273 auctoritatem

1711 1321 1988 1374 inviderunt
2006 1324 2055 1371 et
2076 1318 2299 1371 homines
2324 1320 2569 1385 improbos
2596 1320 2893 1385 audaciaque
2917 1320 3083 1385 plenos
3109 1319 3289 1385 expeti·

1711 1422 1906 1482 verunt,
1927 1419 2075 1486 (317)
2090 1420 2271 1485 opinati
2285 1434 2388 1485 eos,
2404 1420 2537 1486 quod
2556 1423 2605 1472 et
2622 1420 2830 1472 audaces
2848 1421 2947 1472 sint
2965 1425 3015 1472 et
3032 1420 3189 1471 nullas
3202 1420 3306 1470 ini·-

97 1506 271 1578 ἱκανοὺς
291 1507 472 1578 αὖτοὺς
501 1508 713 1569 ἔσεσθαι
736 1508 1099 1593 διαφυλάττειν
1128 1510 1224 1584 τὴν
1248 1508 1624 1592 δημοκρατίαν,
1649 1528 1686 1571 e
1710 1520 1916 1571 micitias
1926 1520 2255 1583 reformident,
2268 1521 2549 1586 popularem
2566 1526 2746 1573 statum
2758 1521 3049 1586 possetueri,
3063 1522 3113 1571 et
3132 1533 3287 1585 quum

95 1598 162 1657 διὰ
186 1600 233 1659 δὲ
257 1597 346 1672 τὴν
364 1596 674 1681 φαυλότητα
690 1601 794 1658 τῶν
819 1598 871 1668 ἐξ
896 1600 1063 1681 ἀρχῆς
1088 1601 1262 1667 αὐτοῖς
1283 1596 1622 1680 ὑπαρξάντων

93 1690 138 1747 οὗ
167 1687 288 1769 μέγα
312 1686 586 1771 φρονήσειν
613 1689 722 1747 οὔδ’
757 1688 1097 1768 ἔπιθυμήσειν
1124 1687 1304 1771 ἑτέρας
1328 1687 1624 1762 πολιτείας,

95 1779 142 1835 ἐκ
166 1776 340 1849 ταύτης
370 1781 463 1850 τῆς
494 1774 794 1856 μεταόολῆς
827 1776 882 1836 τί
917 1780 1020 1837 τῶν
1043 1779 1236 1839 Ιδεινῶν
1277 1779 1337 1840 οὐ
1375 1775 1625 1839 συνέπεσε

39 1870 146 1945 ’κίὸτῇ
174 1866 337 1941 πόλει,
367 1866 418 1927 τί
450 1866 512 1927 δὲ
533 1867 638 1927 τῶν
657 1864 918 1946 μεγίστων
934 1870 1114 1927 κακῶν
1133 1870 1184 1929 οἱ
1202 1866 1400 1942 ταύτην
1419 1866 1624 1949 ἔχοντες
1652 1886 1688 1927 a

94 1953 171 2025 τὴν
197 1953 334 2037 φύσιν
359 1956 418 2014 οὐ
446 1953 542 2014 καὶ
568 1953 806 2034 λέγοντες
831 1955 924 2016 καὶ
945 1955 1260 2039 πράττοντες
1287 1956 1616 2032 διετέλεσαν,

96 2044 189 2123 (als)
221 2046 274 2103 οὗ
311 2042 424 2112 τοὺς
457 2041 560 2122 μὲν
595 2042 952 2115 ἐνδοξοτάτους
973 2050 1077 2106 τῶν
1117 2049 1345 2107 πολιτῶν
1382 2045 1473 2106 καὶ
1515 2044 1621 2125 μοί-

1712 1634 1776 1672 ex
1791 1620 1957 1672 intimo
1970 1622 2077 1673 loco
2088 1621 2395 1685 emerserint,
2410 1634 2507 1672 non
2520 1622 2759 1686 superbos
2770 1623 2857 1672 aut
2872 1632 3110 1671 novarum
3126 1632 3287 1670 rerum

1711 1720 1814 1772 fore
1843 1721 2085 1773 studiosos
2107 1740 2121 1773 ι
2141 1735 2201 1773 ex
2234 1722 2327 1773 hac
2357 1721 2625 1772 mutatione
2656 1735 2771 1785 quae
2798 1720 3009 1785 pericula
3042 1720 3092 1769 in
3115 1719 3287 1769 urbem

1713 1834 1810 1872 non
1824 1820 2112 1883 inciderunt,
2132 1834 2343 1885 quoeque
2355 1820 2571 1871 maxima
2588 1820 2716 1871 mala
2730 1818 2835 1871 istis
2848 1818 3051 1883 ingeniis
3067 1818 3285 1869 homines

1711 1920 1914 1973 dicendo
1932 1924 2017 1971 aut
2036 1919 2220 1983 agendo
2243 1920 2296 1971 in
2315 1919 2661 1985 rempublicam
2684 1933 2782 1971 non
2808 1920 3133 1971 invexerunt?
3153 1918 3285 1983 (318)

1710 2037 1868 2074 nonne
1881 2022 2226 2074 laudatissimis
2242 2022 2429 2072 civibus
2444 2026 2494 2072 et
2508 2020 2785 2086 reipublicae
2800 2019 3011 2071 maxime
3025 2017 3288 2084 profuturis

95 2132 221 2192 λιστα
252 2130 559 2212 δυναμένους
603 2131 821 2206 ποιῆσαί
845 2156 898 2194 τι
937 2134 1034 2207 τὴν
1074 2134 1225 2194 πόλιν
1255 2133 1472 2216 ἀγαθόν,
1519 2137 1623 2193 ὀλι.
1709 2125 1982 2190 eligarchiae
1995 2127 2047 2176 et
2064 2128 2310 2176 Laconum
2330 2122 2547 2175 studium
2566 2121 2843 2185 objicientes
2864 2133 2959 2172 non
2980 2119 3112 2184 prius
3134 2118 3284 2170 desti·

98 2220 286 2303 γαρχίαν
301 2220 626 2292 ὀνειδίζοντες
638 2222 729 2282 καὶ
745 2220 1099 2303 λακωνισμόν,
1119 2226 1177 2284 οὐ
1197 2222 1446 2307 πρότερον
1467 2221 1623 2283 ἐπαύ-

43 2325 80 2366 w
100 2330 230 2371 σαντο
259 2310 374 2393 πρὶν
411 2310 723 2389 ἠνάγκασαν
767 2311 975 2391 ὁμοίους
1011 2312 1249 2390 γενέσθαι
1281 2321 1395 2381 ταῖς
1432 2312 1624 2381 αἰτίαις

98 2408 191 2468 ταῖς
205 2400 495 2481 λεγομέναις
513 2400 636 2482 περὶ
659 2403 860 2477 αὖτῶν;
882 2401 1002 2470 τοὺς
1024 2402 1080 2461 δὲ
1099 2402 1410 2485 συμμάχους
1430 2405 1622 2481 λυμαι-

99 2487 268 2567 νόμενοι
301 2490 390 2550 καὶ
427 2496 870 2573 συκοφαντοῦντες
884 2538 904 2569 ,
939 2490 1030 2551 καὶ
1065 2490 1182 2561 τοὺς
1225 2490 1522 2573 βελτίστους
1563 2494 1624 2552 ἐκ

100 2580 182 2637 τῶν
203 2579 344 2641 ὄντων
369 2578 738 2657 ἓκὸάλλοντες,
768 2579 904 2643 οὕτω
932 2580 1164 2641 διέθεσαν
1195 2578 1319 2641 ὥσθ’
1350 2585 1502 2661 ἡμῶν
1528 2580 1622 2661 μὲν
1646 2576 1691 2641 b

103 2670 380 2751 ἀποστῆναΰ,
415 2674 514 2743 τῆς
562 2668 618 2729 δὲ
663 2669 1092 2751 Λακεδαιμονίων
1133 2673 1414 2753 ἐρασθῆναι
1453 2671 1628 2753 φιλίας

46 2773 86 2813 2⁵
105 2757 174 2817 καὶ
196 2759 518 2842 συμμαχίαςς
549 2761 664 2840 (ars)
701 2758 755 2830 ἐξ
795 2751 868 2819 ὧν
906 2761 976 2829 εἰς
1012 2760 1240 2841 πόλεμον
1272 2761 1626 2831 καταστάντες

103 2848 286 2917 πολλοὺς
299 2849 570 2929 ἐπείδομεν
587 2852 692 2910 τῶν
707 2852 936 2910 πολιτῶν
949 2848 1067 2919 τοὺς
1081 2847 1177 2928 μὲν
1195 2849 1626 2925 τελευτήσαντας,

101 2934 190 3003 τοὺς
203 2938 240 2995 δ’
262 2938 342 2998 ἐπὶ
359 2947 465 3007 τοῖς
487 2936 758 3017 πολεμίοις
773 2937 1078 3019 γενομένους
1095 2985 1112 3014 ,
1132 2937 1250 3007 τοὺς
1269 2940 1314 2998 δ’
1340 2940 1414 3007 εἷς
1429 2938 1626 3000 ἔνδειαν

101 3026 183 3083 τῶν
207 3027 486 3107 ἀναγκαίων
515 3027 908 3103 καταστάντας,
935 3026 1013 3087 ἔτι
1049 3026 1105 3087 δὲ
1128 3025 1224 3100 τὴν
1265 3026 1626 3109 δημοκρατίαν

103 3110 161 3179 δὶς
181 3116 542 3177 καταλυθεῖσαν
567 3115 660 3177 καὶ
683 3114 750 3177 τὰ
775 3116 930 3198 τείχη
957 3121 1050 3190 τῆς
1075 3116 1324 3199 πατρίδος
1351 3140 1626 3179 κατασκα-

45 3214 84 3256 ²⁰
104 3196 258 3279 φίντα,
280 3202 336 3263 τὸ
365 3204 420 3263 δὲ
445 3203 712 3286 μέγιστον,
739 3203 868 3279 ὅλην
893 3201 991 3277 τὴν
1019 3203 1172 3264 πόλιν
1209 3203 1330 3287 περὶ
1366 3206 1626 3286 ἀνδραπο-

1711 2224 1902 2283 terunt,
1924 2234 2071 2286 quam
2090 2234 2175 2273 eos
2197 2222 2519 2286 perpulissent
2532 2225 2587 2272 ut
2602 2220 2793 2285 objecta
2814 2218 3013 2270 crimina
3028 2230 3140 2270 vere
3160 2218 3211 2269 in
3232 2231 3288 2269 se

1709 2320 2044 2385 admitterent,
2085 2322 2137 2373 et
2157 2320 2277 2372 tales
2304 2320 2468 2372 flerent
2480 2354 2496 2382 ,
2512 2318 2679 2383 quales
2698 2331 2805 2369 esse
2822 2317 2885 2367 ab
2906 2328 3049 2367 accus
3070 2314 3287 2367 atoribus

1713 2426 2091 2479 dictitabantur?
2134 2425 2291 2477 socios
2344 2437 2463 2476 vero
2510 2422 2731 2475 vexando
2773 2426 2822 2473 et
2865 2420 3199 2472 calumniando
3237 2421 3289 2469 et

1712 2534 1921 2598 optimos
1934 2545 2151 2597 quosque
2167 2545 2220 2583 re
2229 2528 2447 2582 familiari
2463 2528 2712 2594 spoliando
2731 2541 2888 2579 nonne
2902 2540 2961 2578 eo
2983 2525 3284 2589 redegerunt,
3320 2546 3334 2559 ·

1714 2643 1770 2691 ut
1785 2654 1814 2690 a
1834 2639 1974 2690 nobis
1999 2638 2195 2690 alienati
2220 2650 2278 2688 ac
2300 2637 2478 2701 repulsi
2513 2634 3000 2687 Lacaedaemoniorum
3029 2632 3287 2683 amicitiam

1714 2750 1763 2797 et
1779 2746 2057 2797 societatem
2071 2743 2375 2795 ademerint?
2412 2742 2541 2808 (319)
2562 2742 2749 2802 Quibus
2768 2739 2829 2791 de
2842 2739 2985 2791 rebus
3004 2738 3129 2791 bello
3145 2737 3287 2789 nobis

1715 2854 1971 2917 concitato,
1994 2853 2172 2905 multos
2202 2852 2383 2904 civium
2420 2852 2754 2916 conspeximus
2790 2850 2961 2914 partlm
3002 2848 3285 2911 trucidatos,

1715 2960 1890 3025 partim
1904 2964 2071 3025 captos
2094 2959 2155 3011 ab
2180 2957 2423 3020 hostibus,
2446 2957 2617 3022 partim
2640 2955 2709 3007 rei
2732 2954 2973 3005 familiaris
2992 2953 3187 3019 penuria
3205 2964 3289 3017 op-

1715 3080 1907 3133 pressos
1921 3102 1939 3131 ‚
1970 3070 2116 3131 atque
2155 3064 2300 3117 etiam
2334 3063 2613 3130 popularem
2632 3066 2811 3113 statum
2838 3062 2915 3112 bis
2936 3060 3217 3123 abrogatum
3237 3063 3288 3110 et

1715 3174 1882 3240 patriae
1921 3174 2101 3225 moenia
2131 3172 2319 3237 diruta,
2336 3174 2385 3225 et
2424 3171 2557 3237 quod
2584 3170 2856 3221 maximum
2882 3174 2985 3231 est,
3028 3168 3197 3219 urbem
3239 3171 3295 3221 in

103 3286 256 3367 δισμοῦ
269 3292 671 3354 κινδυνεύσωσιν
687 3291 779 3354 καὶ
796 3291 893 3367 τὴν
914 3293 1197 3375 ἀκρόπολιν
1215 3292 1334 3363 τοὺς
1346 3294 1626 3374 πολεμίους
1655 3322 1692 3365 c
1719 3282 1986 3347 periculum
2008 3281 2255 3333 servitutis
2279 3285 2330 3333 et
2365 3279 2538 3331 excidii
2558 3278 2843 3340 adductam,
2866 3279 2919 3330 et
2941 3289 3100 3329 arcem
3124 3275 3185 3327 ab
3203 3274 3285 3326 ho·

102 3378 384 3451 οἰκήσαντας.

165 3486 248 3531 ³20.
296 3468 448 3532 Ἀλλὰ
475 3469 582 3553 γὰρ
607 3469 949 3549 αἰσθάνομαι,
976 3468 1170 3551 καίπερ
1211 3470 1313 3530 ὑπὸ
1338 3474 1432 3545 τῆς
1472 3473 1630 3555 ὀργῆς

105 3554 176 3639 βία
198 3558 492 3641 φερόμενος,
522 3560 584 3620 τὸ
612 3558 707 3639 μὲν
733 3559 873 3642 ὕδωρ
909 3562 1052 3639 ἡμᾶς
1078 3561 1364 3635 ἐπιλεῖπον,
1401 3560 1553 3631 αὐτὸς
1582 3563 1627 3620 δ’

44 3664 84 3707 ta
103 3646 418 3721 ἐμπεπτωκὼς
458 3652 538 3717 εἰς
579 3648 762 3729 λόγους
805 3647 1128 3731 ἡμερησίους
1165 3642 1255 3709 καὶ
1295 3649 1628 3732 κατηγορίας.

103 3731 330 3817 Ὑπερὸὰς
351 3729 438 3798 οὖν
458 3737 523 3799 τὸ
544 3740 739 3811 πλῆθος
759 3740 863 3797 τῶν
888 3742 1169 3821 συμφορῶν
1191 3742 1295 3798 τῶν
1317 3738 1402 3798 διὰ
1421 3738 1632 3809 τούτους

103 3826 444 3903 γεγενημένων,
485 3826 580 3887 καὶ
617 3825 936 3907 διωσάμενος
972 3827 1062 3887 τὸν
1094 3826 1252 3909 ὄχλον
1280 3831 1384 3887 τῶν
1413 3826 1631 3889 ἐνόντων

103 3914 234 3971 εἰπεῖν
269 3918 384 3999 περὶ
409 3922 506 3990 τῆς
532 3914 728 3976 τούτων
754 3915 1100 3999 συκοφαντίας
1116 3962 1137 3996 ,
1166 3921 1365 3998 μικρῶν
1390 3917 1468 3977 ἔτι
1492 3917 1630 3977 πάνυ

105 4004 310 4075 μνησθεὶς
343 4006 446 4078 ἤδη
489 4002 775 4064 καταλύσω
803 4003 893 4063 τὸν
933 4004 1105 4084 λόγον.

49 4104 84 4143 ιο
103 4077 172 4147 οὗν
195 4090 370 4160 ἄλλους
407 4096 516 4175 δρῶ
545 4092 666 4161 τοὺς
692 4092 1075 4162 κινδυνεύοντας
1092 4139 1109 4173 ,
1136 4092 1344 4154 ἐπειδὰν
1381 4095 1501 4176 περὶ
1536 4094 1632 4169 τὴν

104 4178 313 4253 τελευτὴν
335 4171 438 4242 ῶσι
463 4185 560 4255 τῆς
589 4180 874 4261 ἀπολογίας
887 4227 905 4256 ,
941 4181 1294 4257 ἱκετεύοντας,
1331 4181 1600 4260 δεομένους
1615 4228 1631 4257 ,

103 4262 197 4334 τοὺς
215 4270 395 4339 παῖδας
411 4316 432 4349 ,
451 4270 573 4340 τοὺς
591 4269 771 4352 φίλους
793 4267 1284 4350 ἀναὸιὸαζομένους·
1310 4270 1414 4350 ἐγὼ
1436 4272 1486 4330 δ’
1515 4270 1633 4332 οὔτε

105 4355 294 4435 πρέπειν
322 4360 466 4420 οὐδὲν
496 4364 730 4439 ἡγοῦμαι
753 4363 860 4419 τῶν
885 4358 1130 4420 τοιούτων
1155 4368 1260 4428 τοῖς
1285 4358 1634 4436 τηλικούτοις,

107 4444 208 4524 πρός
230 4470 282 4506 τε
315 4453 389 4528 τῷ
426 4454 599 4509 ταῦτα
635 4448 965 4528 γιγνώσκειν,
997 4449 1329 4531 αἰσχυνθείην
1370 4447 1452 4523 ἄν,
1497 4452 1542 4508 εἷ
1570 4451 1635 4509 δι’

49 4552 88 4591 ιε
108 4531 212 4593 ἄλλο
230 4559 277 4595 τι
297 4537 557 4618 σωζοίμην
579 4535 614 4610 ἢ
636 4536 722 4597 διὰ
745 4535 860 4606 τοὺς
881 4537 1063 4616 λόγους
1076 4536 1194 4605 τοὺς
1209 4535 1631 4619 προειρημένους.

107 4612 220 4683 Οἶδα
237 4625 334 4709 γὰρ
356 4626 582 4707 ἐμαυτὸν
606 4626 766 4696 οὕτως
788 4626 942 4695 ὁσίως
963 4628 1053 4687 καὶ
1077 4625 1288 4695 δικαίως
1308 4627 1629 4709 κεχρημένον
1659 4647 1696 4690 e

109 4712 251 4781 αὐτοῖς
273 4716 359 4775 καὶ
384 4716 510 4799 περὶ
533 4716 631 4790 τὴν
660 4716 810 4777 πόλιν
839 4716 931 4777 καὶ
961 4715 1083 4799 περὶ
1105 4716 1222 4784 τοὺς
1241 4716 1523 4799 προγόνους
1545 4718 1636 4778 καὶ

112 4800 310 4891 μάλιστα
332 4806 454 4889 περὶ
479 4804 598 4875 τοὺς
617 4805 760 4875 θεούς
776 4852 794 4886 ,
817 4804 954 4866 ὥστε
968 4852 985 4882 ,
1007 4804 1125 4866 εἴτι
1151 4805 1298 4885 μέλει
1320 4809 1422 4865 τῶν
1445 4808 1638 4889 ἀνθρω-

111 4888 245 4949 πίνων
262 4895 429 4964 αὔτοῒς
447 4894 799 4979 πραγμάτων,
822 4895 935 4955 οὐδὲ
955 4900 1059 4956 τῶν
1085 4900 1173 4955 νῦν
1199 4894 1322 4974 περὶ
1342 4894 1436 4974 ἐμὲ
1462 4918 1636 4977 γιγνο-

43 4974 252 5053 Ὴθμένων
270 4982 409 5043 οὐδὲν
434 4982 620 5051 αὖτοὺς
643 4974 790 5060 οἶμαι
808 4982 1096 5045 λανθάνειν.
1183 4983 1303 5065 (322)
1329 4981 1523 5066 Διόπερ
1545 4988 1640 5046 οὔκ

116 5067 292 5148 ὅρρωδῶ
307 5072 364 5132 τὸ
386 5072 577 5151 μέλλον
598 5071 960 5152 συμὸήσεσθαι
981 5076 1108 5156 παρ’
1127 5076 1292 5151 ὑμῶν,
1309 5069 1445 5132 ἀλλὰ
1466 5075 1640 5154 θαρρῶ

117 5156 186 5215 καὶ
203 5160 386 5231 πολλὰς
403 5162 619 5232 ἐλπίδας
643 5161 755 5244 ἔχω
775 5161 895 5223 τότε
919 5187 1008 5244 μοι
1029 5168 1120 5222 τοῦ
1145 5161 1258 5243 βίου
1280 5160 1376 5235 τὴν
1392 5161 1639 5236 τελευτὴν

121 5242 246 5323 ἥξειν,
263 5247 380 5311 ὅταν
403 5250 570 5332 μέλλῃ
596 5252 848 5313 συνοίσειν
875 5256 1023 5331 ἡμῖν,
1048 5250 1251 5333 σημείῳ
1271 5248 1538 5332 χρώμενος
1559 5250 1639 5311 ὅτι

121 5332 188 5391 καὶ
217 5335 295 5395 τὸν
334 5340 656 5421 παρελθόντα
689 5342 873 5421 χρόνον
909 5340 1046 5401 οὕτω
1078 5339 1324 5420 τυγχάνοι
1372 5338 1638 5420 βεὸιωκὼς

1723 3388 1880 3440 stibus
1902 3386 2187 3439 habitatam.

1779 3490 1887 3535 ³20.
1907 3481 2327 3547 Sedenimsentio,
2343 3493 2617 3547 quanquam
2638 3480 2811 3532 etl'eror
2831 3476 3286 3542 iracundia,aquam

1717 3594 1808 3632 nos
1837 3580 2065 3645 deficere,
2092 3584 2237 3645 atque
2270 3580 2497 3632 incidisse
2519 3592 2599 3631 me
2628 3578 2679 3629 in
2706 3556 2953 3629 materiam
2990 3590 3100 3640 quae
3128 3576 3291 3626 totum

1719 3681 1847 3733 diem
1871 3681 2171 3746 postularet,
2198 3683 2249 3731 et
2270 3680 2333 3731 ad
2355 3678 2708 3731 accusationem
2731 3691 2837 3729 esse
2864 3677 3133 3741 delapsum.
3159 3678 3290 3726 Prae·

1721 3784 1860 3837 terita
1877 3783 2023 3847 igitur
2033 3782 2125 3832 hac
2139 3780 2449 3831 multitudine
2460 3778 2799 3838 calamitatum,
2810 3788 3014 3839 quarum
3027 3774 3108 3824 isti
3122 3774 3293 3824 aucto·

1719 3896 1796 3934 res
1811 3884 1961 3947 fuere,
1982 3887 2034 3933 et
2048 3882 2222 3945 rejecta
2237 3880 2453 3932 molestia
2466 3886 2514 3931 et
2533 3880 2674 3930 turba
2690 3892 2855 3930 eorum
2876 3892 2985 3943 quae
3004 3878 3065 3927 de
3083 3862 3285 3927 istorum

1193 4005 1314 4084 (321)
1355 4005 1491 4073 Τοὺς
1534 4005 1628 4085 μὲν
1654 3997 1697 4063 d
1719 3981 1971 4032 calumniis
1998 3980 2094 4031 dici
2120 3984 2344 4045 possent,
2372 3978 2538 4043 paucis
2561 3977 2761 4028 omnino
2791 3976 2991 4041 adjectis
3020 3975 3289 4027 orationem

1721 4079 2017 4131 concludam.
2083 4079 2213 4144 (321)
2249 4078 2383 4129 Alios
2411 4076 2606 4141 quidem
2635 4088 2745 4125 reos
2768 4073 2937 4136 video,
2960 4072 3046 4123 ubi
3074 4073 3175 4136 jam
3204 4071 3291 4123 de-

1721 4178 1951 4229 fensionis
1980 4176 2125 4227 tinem
2156 4176 2447 4238 attigerunt,
2477 4174 2771 4237 supplicare,
2802 4170 3081 4233 obstesiari‚
3113 4168 3291 4221 liberos

1722 4288 1838 4325 suos
1869 4276 2015 4338 atque
2050 4275 2231 4325 amicos
2263 4273 2327 4323 ad
2352 4270 2700 4335 deprecandum
2732 4270 2993 4335 producere
3016 4282 3142 4333 :ego
3175 4284 3293 4321 vero

1723 4392 1878 4444 neque
1899 4378 2069 4431 decere
2085 4378 2343 4443 quiequam
2368 4375 2513 4426 istius
2530 4374 2719 4437 generis
2750 4374 2874 4425 hanc
2904 4388 3062 4425 meam
3096 4378 3291 4425 aetatem

1723 4478 1964 4540 existimo,
1980 4482 2029 4527 et
2040 4478 2215 4541 praeter
2230 4476 2323 4525 lioc
2341 4474 2469 4539 quod
2488 4474 2556 4524 ita
2573 4473 2726 4523 sentio
2739 4510 2754 4536 ,
2774 4472 2919 4523 etiam
2940 4473 3291 4537 erubescerem,

1726 4574 1767 4625 si
1791 4572 1981 4625 uliares
2000 4572 2146 4624 saluti
2177 4586 2235 4623 ac
2261 4571 2487 4636 praesidio
2513 4570 2631 4621 mihi
2663 4570 2831 4622 suisset
2846 4606 2865 4634 ,
2886 4584 3033 4635 quam
3056 4571 3291 4623 orationes

1725 4674 1837 4722 ante
1859 4683 1890 4720 a
1909 4682 1990 4720 me
2011 4668 2239 4718 recitatae.
2306 4665 2417 4717 Scio
2430 4666 2557 4716 enim
2582 4678 2659 4716 me
2676 4665 2744 4715 ita
2765 4670 2927 4716 sancte
2948 4667 2997 4715 et
3012 4666 3141 4730 juste
3160 4665 3291 4715 locu·

1726 4772 1831 4820 tum
1855 4782 1963 4819 esse
1976 4770 2083 4819 tum
2102 4768 2163 4819 de
2186 4768 2445 4833 republica,
2471 4768 2576 4818 tum
2599 4766 2659 4817 de
2678 4766 2943 4830 majoribus
2963 4765 3158 4828 nostris,
3187 4769 3291 4815 tum

1726 4864 1944 4930 inprimis
1966 4863 2027 4915 de
2047 4864 2351 4926 numinibus,
2369 4864 2453 4927 ut,
2485 4864 2527 4913 si
2549 4876 2645 4928 qua
2676 4862 2769 4913 illis
2796 4874 2955 4913 rerum
2974 4862 3291 4911 humanarum

1727 4970 1841 5009 cura
1849 4962 1943 5021 est,
1954 4971 2041 5009 nec
2050 4971 2106 5009 ea
2114 4971 2225 5022 quoe
2235 4942 2355 5007 mihi
2364 4969 2491 5007 nunc
2500 4956 2739 5017 accidunt,
2750 4954 2811 5005 ab
2821 4952 3093 5017 iisignorari
3104 4955 3288 5018 putem.

1731 5058 1862 5124 (322)
1896 5062 2057 5118 Quare
2084 5056 2204 5108 nihil
2227 5055 2538 5118 exhorresco,
2563 5052 2793 5119 quicquid
2816 5052 2879 5103 de
2900 5064 2980 5102 me
3000 5048 3291 5113 statueritis,

1729 5155 1816 5207 sed
1833 5155 2050 5218 conlido,
2072 5156 2189 5206 etin
2208 5167 2295 5218 spe
2315 5153 2497 5218 optima
2512 5164 2642 5213 sum,
2658 5150 2779 5201 mihi
2801 5153 2913 5200 tunc
2936 5146 3163 5198 ultimum
3176 5146 3301 5196 vitae·

1727 5250 1855 5303 diem
1876 5252 2216 5313 adventurum,
2231 5248 2423 5315 quando
2445 5247 2497 5299 id
2512 5247 2653 5299 nobis
2670 5246 2911 5312 expediet,
2929 5244 3024 5296 hoc
3048 5245 3185 5308 signo
3206 5241 3295 5293 ad-

1727 5347 1898 5397 ductus
1913 5386 1929 5411 ,
1947 5346 2077 5409 quod
2094 5347 2325 5396 hactenus
2343 5344 2486 5399 etiam
2509 5342 2561 5395 in
2578 5342 2708 5394 hunc
2736 5356 2893 5409 usque
2909 5342 3037 5393 diem
3071 5341 3139 5392 ita
3162 5339 3297 5402 vixi,

3066 5442 3135 5483 ιο.
