3825 5842
606 502 719 557 802

600 624 714 685 ὐἱὸν
740 622 865 683 ὄντα
888 620 1252 703 Θεοφράστου,
1282 625 1459 703 σαυτῷ
1485 621 1539 680 δὲ
1578 622 1898 704 ἀδελφιδοῦν,
1929 624 2160 681 ἀποστε-

607 712 709 792 ρεῖς
748 710 783 769 ἅ
828 735 918 788 μοι
945 714 993 770 οἱ
1033 710 1184 788 νόμοι
1214 709 1420 782 ἔδοσαν,
1456 708 1761 790 Ἀστυφίλου
1798 708 1852 767 δὲ
1890 711 2162 773 τεθνεῶτος

604 798 935 881 καταψεύδῃ,
968 796 1059 857 καὶ
1083 796 1143 856 τὸ
1183 795 1323 856 κατὰ
1351 796 1537 856 σαυτὸν
1564 795 1721 877 μέρος
1746 794 1863 863 τοὺς
1900 795 2163 874 ἐχθίστους

604 887 853 961 καθίστης
877 892 981 945 τῶν
1009 885 1202 946 ἐκείνου
1226 883 1591 966 κληρονόμους.
1651 886 1745 965 (αι)
1778 884 1888 944 Καὶ
1915 883 2036 965 πρὶν
2065 883 2160 961 μὲν

526 998 579 1043 ιο
602 976 863 1055 ληχθῆναι
885 982 975 1035 τοῦ
998 974 1195 1055 κλήρου
1215 1021 1233 1053 ,
1262 964 1307 1034 ὦ
1344 973 1552 1054 ἄνδρες,
1580 962 1637 1031 εὖ
1676 971 1823 1040 εἰδὼς
1848 975 1877 1031 δ
1898 970 2164 1053 Ἱεροκλῆς

604 1061 685 1123 ὅτι
710 1062 877 1123 οὐδενὶ
905 1062 1053 1146 ἄλλῳ
1078 1063 1268 1141 γίνοιτο
1289 1060 1357 1122 τὰ
1380 1059 1743 1144 Ἀστυφίλουῆ
1772 1058 1890 1139 ἐμοί
1899 1104 1916 1135 ,
1943 1060 1997 1117 ἐν
2017 1058 2163 1141 μέρει

604 1148 807 1232 ἑκάστῳ
831 1154 933 1210 τῶν
955 1150 1149 1211 ἐκείνου
1178 1147 1479 1222 ἐπιτηδείων
1498 1148 1716 1230 προσῄει
1735 1150 1923 1207 πωλῶν
1947 1146 2007 1206 τὸ
2025 1156 2162 1229 πρᾶ-

604 1263 717 1321 γμα
744 1240 836 1300 καὶ
869 1240 989 1309 τοὺς
1015 1240 1159 1301 οὐδὲν
1195 1238 1551 1321 προσήκοντας
1570 1239 1763 1299 πείθων
1792 1236 2160 1319 άμφισὸητεῖν,

604 1327 771 1407 λέγων
806 1327 888 1388 ὅτι
916 1334 1049 1397 θεῖος
1078 1326 1159 1401 εἴη
1188 1326 1481 1410 Ἀστυφίλῳ
1506 1327 1597 1387 καὶ
1625 1329 1886 1408 ἀποφανοῖ
1912 1326 2164 1399 διαθήκας

605 1418 799 1477 ἐκεῖνον
815 1415 1234 1477 καταλελοιπότα
1248 1460 1267 1493 ,
1299 1416 1346 1476 εἴ
1365 1440 1442 1484 τις
1464 1420 1609 1498 αὑτῷ
1634 1414 1959 1477 κοινώσαιτο·
1981 1411 2161 1486 ἐπειδὴ

606 1505 661 1565 δὲ
696 1504 823 1587 πρὸς
853 1505 1071 1567 Κλέωνα
1113 1503 1541 1582 διωμολογήσατο
1574 1505 1664 1565 καὶ
1691 1508 1793 1564 τῶν
1820 1508 1911 1563 τοῦ
1941 1504 2162 1586 ἀδελφοῦ

530 1616 579 1658 ιε
607 1594 910 1675 ἐμερίσατο,
936 1592 1045 1653 νυνὶ
1072 1596 1142 1660 ὣς
1170 1594 1339 1667 ἀληθῆ
1371 1591 1540 1672 λέγων
1565 1592 1772 1662 ἀξιώσει
1798 1591 2160 1667 πιστεύεσθαι,

606 1684 746 1743 δοκεῖ
768 1682 822 1743 δέ
852 1706 939 1761 μοι
962 1680 1060 1742 κᾶν
1088 1682 1279 1761 ὀμόσαι
1300 1680 1553 1761 ἄσμενος,
1584 1680 1730 1752 εἴτις
1751 1682 1895 1762 αύτῷ
1919 1678 2067 1763 ὅρκον
2086 1683 2163 1740 δι-

608 1772 745 1845 δοίη.
833 1772 923 1852 (25)
962 1768 1069 1831 Καὶ
1094 1769 1214 1848 ἐμοὶ
1248 1768 1344 1849 μὲν
1376 1770 1629 1849 συγγενὴς
1664 1769 1737 1829 ὧν
1774 1770 1891 1830 οὐδὲ
1920 1769 1988 1829 τὰ
2013 1768 2163 1850 γενό-

608 1883 739 1939 μενα
772 1858 934 1919 ἐθέλει
956 1868 1253 1941 μαρτυρεῖν,
1276 1850 1321 1941 ᾧ
1348 1860 1392 1918 δ’
1421 1858 1567 1919 οὐδὲν
1593 1858 1879 1941 προσήκει,
1900 1857 2072 1939 τούτῳ
2097 1855 2165 1917 τὰ

606 1950 771 2031 ψευδῆ
800 1949 1156 2027 συλλαμὸάνει
1182 1947 1275 2008 καὶ
1313 1952 1416 2007 τῶν
1458 1952 1515 2008 οὗ
1543 1948 1879 2030 πραχθέντων
1904 1972 2163 2030 γραμμα-

606 2038 742 2097 τεῖον
768 2036 886 2110 Ιἥκει
913 2036 1098 2118 φέρων·
1120 2034 1253 2096 πολὺ
1281 2034 1383 2117 γὰρ
1410 2038 1833 2119 προῦργιαίτερον
1860 2038 2066 2115 ἡγεῖται
2089 2027 2166 2094 εἷ·-

608 2148 693 2183 ναι
715 2124 775 2185 τὸ
795 2125 1211 2207 χρηματίζεσθαι
1230 2122 1267 2197 ἢ
1295 2124 1391 2197 τὴν
1414 2122 1546 2204 ἐμὴν
1574 2124 1895 2205 συγγένειαν.
1983 2122 2081 2191 Ὦς
2108 2122 2163 2183 δὲ

608 2213 955 2291 ἐπηγγέλλετο
980 2211 1193 2295 περιιὼν
1222 2210 1471 2285 διαθήκας
1498 2212 1821 2295 ἀποφαίνειν,
1846 2212 1996 2281 εἴτις
2023 2214 2164 2293 αὑτῷ

526 2330 579 2371 20
606 2301 945 2384 κοινώσαιτο,
968 2304 1137 2363 αὐτῶν
1159 2302 1281 2383 ὑμῖν
1309 2292 1383 2370 οἷς
1402 2304 1663 2385 προσῆλθε
1690 2300 1976 2384 μαρτυρίας
2000 2299 2163 2383 παρέ-

606 2410 795 2471 χομαι.

1204 2510 1565 2559 HAHTPIAI.

689 2655 762 2697 w.
804 2635 877 2697 Τί
896 2626 983 2696 οἶν
1006 2634 1131 2717 χρή,
1146 2626 1191 2696 ὦ
1206 2636 1404 2719 ἄνδρες,
1420 2636 1582 2717 ὄνομα
1598 2636 1776 2697 θέσθαι
1797 2635 1966 2713 τούτῳ
1985 2637 2062 2716 τῷ
2081 2634 2164 2693 ἄν·

611 2724 695 2805 δρί
711 2770 729 2803 ‚
752 2723 889 2791 ὅστις
917 2723 1075 2783 ἐθέλει
1097 2724 1231 2783 οὕτω
1256 2725 1443 2807 ῥαδίως
1460 2724 1547 2785 διὰ
1569 2724 1627 2785 τὸ
1651 2728 1836 2784 ἑαυτοῦ
1864 2722 2044 2805 κέρδος
2061 2726 2163 2782 τῶν

610 2819 901 2879 τεθνεώτων
930 2818 1062 2887 τινὸς
1104 2820 1547 2903 καταψεύδεσθαι;
1590 2820 1684 2888 Ὡς
1719 2819 1775 2879 δὲ
1807 2818 1924 2879 οὐδὲ
1963 2816 2165 2881 Κλέωνι

609 2910 804 2989 προῖκα
831 2907 922 2976 τὰς
962 2907 1213 2980 διαθήκας
1240 2909 1541 2991 ἀποφαίνει,
1568 2907 1702 2968 ἀλλὰ
1732 2908 1913 2986 μισθὸν
1937 2906 2163 2988 εἴληφεν,

612 2997 745 3071 αὕτη
784 3001 904 3075 ὑμῖν
948 3001 983 3069 ἡ
1032 2996 1293 3078 μαρτυρία
1334 2999 1393 3057 οὗ
1437 2996 1622 3080 μικρὸν
1666 2995 1946 3077 τεκμήριον
1991 2993 2159 3055 ἔσται.

610 3088 845 3146 Τοιαῦτα
870 3084 1045 3163 μέντοι
1062 3090 1206 3165 κοινῇ
1230 3086 1311 3145 ἐπ’
1332 3087 1450 3163 ἐμοὶ
1472 3083 1817 3167 τεχνάζουσιν·
1837 3088 2042 3162 ἡγεῖται
2065 3080 2165 3163 γὰρ

533 3190 588 3231 ει
610 3175 781 3233 αὐτῶν
810 3174 1049 3255 ἑκάτερος
1074 3171 1280 3255 εὕρημα
1314 3171 1451 3255 ἐχειν
1482 3173 1513 3234 ὅ
1537 3198 1589 3233 τι
1622 3171 1685 3235 ἂν
1724 3176 1830 3233 τῶν
1858 3170 2165 3253 Ἀστυφίλου

608 3260 771 3341 λάθῃ.

691 3370 763 3411 27.
810 3348 909 3417 Ὦς
935 3348 1029 3426 μὲν
1051 3342 1137 3408 οὖν
1167 3350 1261 3409 οὐκ
1284 3347 1410 3409 εἰσὶν
1436 3349 1639 3421 ἀληθεῖς
1666 3350 1718 3407 αἱ
1747 3348 2008 3422 διαθῆκαι,
2030 3344 2166 3406 ἀλλὰ

612 3438 795 3499 Κλέων
817 3436 909 3496 καὶ
929 3437 1185 3518 Ἱεροκλῆς
1210 3436 1482 3517 βούλονται
1509 3440 1644 3515 ὑμᾶς
1672 3434 2025 3509 ἐξαπατῆσαι,
2050 3438 2166 3494 καθ’

610 3524 731 3584 ὅσον
759 3525 1017 3602 ἐδυνάμην
1048 3524 1317 3594 ἀπέδειξα·
1344 3528 1414 3592 ὣς
1438 3524 1483 3583 δ’
1510 3528 1555 3584 εῖ
1581 3524 1671 3584 καὶ
1700 3522 1861 3603 μηδὲν
1883 3521 2166 3606 προσήκων

612 3612 715 3672 ἔτυ·
741 3636 795 3672 ον
832 3613 1150 3695 Ἀστυφίλῳ,
1192 3612 1506 3691 δικαιότερός
1545 3616 1653 3689 εἶμι
1695 3610 1832 3691 ἔχειν
1866 3609 1935 3670 τὰ
1973 3612 2166 3672 ἐκείνου

610 3700 647 3773 ἢ
668 3725 695 3761 ο
759 3724 835 3780 οι,
866 3701 1053 3772 διδάξω
1080 3706 1233 3780 ὑμᾶς.
1260 3698 1398 3761 Ὅτε
1420 3698 1520 3781 γὰρ
1546 3697 1811 3777 ἐλάμὸανε
1832 3698 2168 3782 Θεόφραστος

612 3794 641 3849 ὁ
674 3788 795 3869 ἐμὸς
826 3788 1003 3871 πατὴρ
1038 3786 1131 3861 τὴν
1174 3788 1305 3867 ἐμὴν
1336 3787 1541 3868 μητέρα
1566 3786 1659 3847 καὶ
1688 3787 1992 3870 Ἀστυφίλου
2021 3786 2168 3870 παρὰ

534 3900 587 3941 20
610 3876 947 3961 Ἱεροκλέους,
965 3872 1091 3951 ἦλθε
1106 3877 1197 3937 καὶ
1220 3876 1375 3937 αὐτὸν
1394 3878 1587 3937 ἐκεῖνον
1602 3876 1797 3959 ἔχουσα
1824 3875 2009 3959 μικρὸν
2024 3878 2166 3953 ὄντα,

609 3968 701 4028 καὶ
723 3969 937 4048 διῃτᾶτο
960 3966 1084 4048 παρ’
1105 3966 1235 4044 ἡμῖν
1250 3964 1337 4025 τὸν
1360 3963 1569 4025 ἅπαντα
1590 3965 1775 4047 χρόνον
1800 3968 1827 4025 ὁ
1852 3964 2166 4047 Ἀστύφιλος,

611 4055 701 4117 καὶ
720 4054 1000 4128 ἐπαιδεύθη
1020 4054 1121 4114 ὕπὸ
1140 4060 1231 4115 τοῦ
1249 4077 1358 4114 πατ
1465 4058 1553 4114 τοῦ
1579 4056 1723 4131 ἐμοῦ.
1748 4050 1835 4134 (aa)
1857 4052 1966 4115 Καὶ
1989 4052 2166 4125 ἐπειδὴ

612 4144 716 4225 ἐγὼ
744 4142 996 4225 ἐγενόμην
1020 4143 1113 4204 καὶ
1149 4142 1291 4228 ὥραν
1318 4167 1343 4203 ε
1364 4164 1459 4224 χον
1488 4142 1850 4217 παιδεύεσθαι,
1884 4141 1996 4221 μετ’
2028 4142 2166 4201 ἐκεί-

612 4256 699 4293 νου
724 4232 1189 4312 συνεπαιδευόμην.
1224 4232 1372 4295 Aa&
1407 4230 1464 4291 δέ
1494 4256 1583 4310 μοι
1604 4232 1801 4305 ταύτην
1834 4230 1930 4303 τὴν
1960 4252 2167 4311 μαρτυ-

613 4320 747 4402 ρίαν,
771 4312 883 4382 εἶτα
909 4326 1013 4383 τῶν
1037 4319 1360 4382 διδασκάλων
1384 4320 1502 4380 ὅποι
1532 4324 1835 4403 ἐφοιτῶμεν.

1209 4468 1571 4518 ΜΔΡΤΪΡῘΑῘ.

692 4594 773 4656 Τὸ
813 4593 982 4655 τοίνυν
1012 4593 1203 4676 χωρίον
1239 4592 1299 4652 τὸ
1341 4593 1533 4653 ἐκείνου
1561 4596 1821 4673 πατρῷον,
1866 4581 1910 4651 ὦ
1953 4592 2164 4674 ἄνδρες,

613 4680 830 4763 ὁπατὴρ
850 4686 878 4741 δ
893 4682 1015 4759 ἐμὸς
1030 4684 1273 4765 ἐφύτευσε
1299 4682 1390 4740 καὶ
1413 4678 1655 4763 ἐγεώργει
1673 4681 1763 4741 καὶ
1792 4677 1954 4739 ἐποίει
1979 4681 2166 4741 διπλα-

530 4788 583 4830 ae
612 4770 725 4830 σίου
749 4768 908 4840 ἄξιον.
936 4766 1189 4843 Ἀνάὸητέ
1210 4792 1300 4849 μοι
1318 4768 1409 4828 καὶ
1427 4767 1620 4828 τούτων
1642 4766 1916 4851 μάρτυρες.

1189 4902 1207 4915 ”
1238 4916 1579 4965 mamper.

692 5057 766 5101 2⁹.
815 5035 967 5098 Ἐπεὶ
1008 5034 1176 5096 τοίνυν
1217 5032 1529 5113 ἐδοκιμάσθη
1576 5036 1604 5094 ὁ
1648 5031 1890 5116 ἀδελφός,
1932 5029 2168 5092 ἀπέλαὸε

612 5127 787 5187 πάντα
826 5128 985 5207 ὀρθῶς
1011 5124 1102 5184 καὶ
1132 5122 1365 5199 δικαίως,
1390 5122 1527 5183 ὥστε
1567 5123 1757 5183 ἐκεῖνον
1792 5121 1926 5201 μηδὲ
1955 5120 2167 5182 πώποτε

616 5214 779 5294 μηδὲν
806 5215 1087 5294 ἐγκαλέσαι
1108 5216 1183 5294 τῷ
1208 5215 1319 5295 ἐμῷ
1349 5212 1530 5294 πατρί.
1616 5208 1770 5273 Μετὰ
1797 5209 1853 5269 δὲ
1878 5216 2045 5270 ταῦτα
2073 5209 2167 5283 τὴν

615 5301 843 5386 ὀδελφὴν
866 5301 961 5376 τὴν
988 5301 1181 5364 ἐκείνου
1208 5301 1531 5386 ὁμοπατρίαν
1560 5299 1831 5381 ἐνεγύησεν
1860 5302 1887 5359 ὁ
1914 5297 2036 5379 ἐμὸς
2061 5322 2167 5360 πα-

1384 491 1646 552 ΙΣΑΙΟΥ
1685 493 1735 553 Ο
1779 491 1958 553 ΠΕΡΙ
1997 490 2151 551 ΤΟΥ
2191 490 2640 553 ΑΣΤΥΦῙΛΟΥ
2681 492 3009 553 ΚΛΗΡΟΥ.

3491 494 3583 572 (αι

2247 644 2360 682 sum
2393 633 2570 683 sororis
2599 633 2725 683 tilius
2755 644 2786 683 e
2815 632 3172 696 Theophrasto,
3207 644 3263 683 ea
3293 632 3418 685 sorte
3447 633 3486 683 is
3515 634 3630 683 fraud

2249 720 2398 770 quam
2433 708 2561 771 legoe
2583 708 2704 758 mihi
2735 708 2984 770 tribuunt;
3021 706 3084 758 dc
3105 706 3330 759 defuncto
3363 710 3514 759 autem
3543 712 3632 771 asts

2250 782 2498 833 mendacia
2521 785 2701 846 spargis
2713 820 2728 846 ‚
2749 796 2834 847 per
2855 796 2966 847 qum
2989 784 3236 835 contendis
3261 784 3471 847 efficere,
3491 790 3692 849 quantum,

2249 854 2300 902 te
2318 853 2520 915 quidem
2539 857 2612 904 est
2625 891 2640 916 ,
2669 857 2726 904 ut
2747 855 2966 904 homines
2984 855 3228 917 Astyphilo
3246 854 3524 905 infestissimi
3547 856 3648 905 bona

2249 924 2529 974 sortiantur.
2598 925 2698 987 (24)
2723 927 2783 973 Et
2801 926 2912 974 ante
2927 924 3126 988 quidem
3139 962 3154 987 ,
3173 940 3204 975 o
3222 924 3431 990 judiees,
3449 940 3579 991 quam
3596 942 3666 977 con

2249 993 2320 1043 tio
2351 1006 2494 1059 super
2525 996 2617 1045 hac
2637 994 2899 1045 hereditate
2920 996 3261 1059 susciperetur,
3295 997 3476 1046 tametsi
3499 998 3602 1047 bme

2251 1065 2494 1115 Hierocles
2513 1078 2622 1115 eam
2646 1065 2728 1115 alii
2746 1064 2930 1115 nemini
2947 1078 3094 1129 quam
3117 1066 3236 1116 mihi
3253 1069 3541 1131 competere,
3557 1071 3682 1117 tamen

2249 1135 2514 1184 amicorum
2547 1136 2634 1198 qui
2658 1136 2907 1199 Astyphilo
2927 1136 3045 1185 olim
3067 1136 3268 1188 minent
3290 1151 3649 1202 unumquemque

2251 1203 2365 1267 bat,
2399 1205 2548 1255 alium
2573 1219 2637 1256 ex
2657 1207 2780 1269 alio,
2801 1208 2852 1257 et
2875 1206 3156 1258 venditabat
3187 1208 3524 1272 hereditatem,
3553 1212 3597 1259 et
3657 1211 3665 1220 '

2249 1274 2390 1336 plane
2413 1275 2688 1327 hominibus
2718 1277 2951 1328 suadebat
2971 1280 3027 1328 ut
3059 1277 3122 1329 de
3145 1292 3202 1329 ea
3233 1280 3591 1330 controversiam
3616 1292 3698 1328 mov

3611 1290 3734 1609 ἓξ

2223 1406 2228 1409 ⁴
2251 1346 2376 1409 rent,
2395 1346 2525 1397 aiens
2537 1384 2552 1409 ‚
2575 1347 2617 1397 si
2635 1348 2745 1411 quis
2761 1362 2814 1399 se
2829 1348 2978 1399 vellet
2997 1348 3050 1399 in
3068 1350 3458 1401 communionem
3475 1351 3598 1401 sortis

2249 1414 2380 1477 tere,
2416 1428 2496 1476 se,
2533 1418 2828 1467 avunculum
2865 1418 3103 1482 Astyphili
3116 1455 3132 1481 ,
3159 1420 3525 1482 testamentum,
3556 1418 3658 1481 quod

2249 1483 2538 1549 reliquisset,
2553 1486 2886 1537 exhibiturum
2906 1500 3010 1539 esse
3037 1502 3051 1537 ε
3073 1500 3131 1538 ac
3147 1490 3408 1553 postquam
3423 1489 3492 1540 sic
3505 1502 3602 1539 cum

2249 1552 2429 1606 decidit
2455 1558 2602 1621 atque
2625 1557 2740 1607 edm
2771 1572 2828 1608 eo
2853 1559 3012 1610 fratris
3039 1558 3136 1609 mei
3165 1560 3294 1610 bona
3321 1560 3520 1623 pertitus
3545 1562 3627 1620 et,

2249 1625 2396 1676 fidem
2416 1626 2515 1677 suis
2537 1628 2700 1679 verbis
2721 1628 2936 1679 adhiberi
2955 1631 3191 1693 postulat,
3222 1633 3377 1693 atque
3393 1629 3570 1680 videtur
3585 1621 3736 1749 mimi*

2245 1694 2585 1759 iusiurandum
2603 1698 2644 1749 si
2660 1700 2770 1762 quis
2785 1700 2996 1761 deserat,
3019 1700 3226 1751 libenter
3243 1714 3350 1753 esse
3369 1701 3586 1752 dicturus.
3613 1702 3684 1763 (25)

2249 1766 2370 1817 mibi
2405 1768 2627 1834 quidem,
2666 1769 2752 1833 qui
2779 1772 3076 1823 necessarius
3097 1770 3202 1833 ejus
3233 1770 3358 1835 sim,
3384 1772 3464 1823 vel
3493 1784 3546 1821 ee
3563 1785 3650 1834 quae
3665 1779 3738 1831 ree

2251 1838 2378 1888 facte
2399 1840 2514 1889 sunt
2545 1840 2712 1890 testari
2747 1839 2986 1891 detrectat
2998 1856 3013 1903 3
3055 1841 3106 1890 in
3131 1840 3400 1893 mendaciis
3432 1842 3580 1891 autem
3609 1838 3737 1889 inuidis

2251 1922 2446 1971 operam
2481 1910 2649 1960 vendit
2680 1910 2864 1961 homini
2901 1912 2978 1961 vel
3008 1912 3300 1962 alienissimo
3337 1914 3391 1963 et
3423 1912 3591 1962 tabulas
3615 1912 3739 1979 profert}

2251 1979 2387 2041 quasi
2408 1978 2470 2029 de
2496 1979 2642 2030 rebus
2661 1994 2774 2044 quae
2798 1980 3076 2031 constitutos
3103 1994 3363 2044 nunquam
3393 1981 3604 2031 inerunt:
3631 1980 3734 2027 multo

2251 2061 2380 2099 emm
2401 2049 2493 2100 sibi
2517 2050 2668 2113 magis
2688 2051 2913 2115 expedire
2931 2053 3118 2114 censet,
3152 2054 3338 2102 utrem
3368 2055 3555 2115 augent,
3577 2064 3686 2115 quam
3703 2054 3741 2121 ιιἰ

2251 2130 2410 2169 meam
2427 2121 2623 2171 tueatur
2640 2122 3120 2186 consanguinitatem.
3141 2122 3422 2174 Hieroclem
3436 2126 3584 2173 autem
3597 2122 3734 2171 circm-

2251 2192 2566 2243 cursitantem
2587 2206 2784 2257 operam
2806 2206 2944 2244 suam
2965 2194 3016 2243 in
3041 2195 3334 2257 proferendo
3351 2196 3616 2246 testamento
3631 2190 3734 2241 tulii

2251 2264 2401 2326 taase,
2423 2262 2466 2314 sl
2485 2262 2594 2326 quis
2609 2262 2767 2327 ipsum
2797 2264 2848 2314 in
2872 2265 3060 2328 partem
3077 2265 3364 2317 hereditatis
3397 2266 3606 2316 asciseeoe
3623 2257 3743 2315 venet:

2251 2331 2312 2383 de
2323 2345 2382 2383 eo
2399 2333 2730 2383 testimonium
2746 2333 2874 2385 illins
2891 2334 3038 2399 ipsius
3055 2335 3300 2387 exhibebo
3313 2336 3378 2387 ad
3393 2350 3533 2401 quem
3547 2348 3639 2385 cum
3652 2334 3734 2395 eim-

2252 2402 2384 2454 modi
2399 2404 2652 2469 sponsione
2665 2404 2798 2456 adiit.
3744 2448 3745 2457 ,

2799 2520 3230 2567 ‘rsssnnommr
3239 2551 3254 2565 .

2317 2644 2391 2689 26.
2425 2642 2591 2703 Ecquo
2609 2640 2802 2691 nomine
2815 2640 2935 2704 jam,
2951 2640 3164 2703 iudices,
3180 2640 3430 2705 oportebit
3445 2655 3550 2692 eum
3563 2638 3738 2703 appellari,

2251 2719 2336 2781 qui
2358 2718 2433 2769 sui
2462 2720 2733 2784 compendii
2755 2719 2908 2783 gratia
2937 2720 2999 2771 de
3021 2720 3218 2771 homine
3252 2724 3451 2773 mortuo
3477 2722 3580 2773 falsa
3597 2720 3749 2775 commi-¹

2251 2796 2370 2847 uisci
2393 2797 2444 2847 et
2469 2796 2654 2859 iactare
2676 2798 2940 2849 sustineat?
2971 2797 3100 2849 Eum
3131 2800 3302 2850 autem
3334 2813 3398 2851 ne
3431 2800 3583 2851 Cleoni
3609 2798 3749 2861 quidem

2252 2874 2508 2938 gratuitam
2521 2875 2956 2928 sedmercenariam
2969 2876 3250 2939 praestitisse
3262 2892 3462 2942 operam
3475 2879 3522 2928 in
3533 2874 3742 2942 proferendo

2253 2956 2550 3015 testamento,
2561 2954 2904 3007 documentum
2921 2956 3026 3019 eius
3037 2956 3108 3007 rei
3119 2956 3252 3007 baud
3273 2957 3654 3009 contemnendum
3667 2966 3742 3018 με·

2253 3033 2379 3082 stare
2403 3034 2579 3095 poterit
2603 3033 2696 3083 boc
2712 3033 2868 3096 ipsum
2892 3032 3240 3085 testimonium.
3270 3036 3393 3086 Haec
3419 3036 3574 3085 autem
3591 3046 3742 3082 commu·

2253 3106 2425 3157 nicatis
2447 3106 2572 3157 inter
2608 3120 2660 3157 se
2683 3108 2891 3158 consiliis
2909 3107 3140 3158 adversus
3159 3120 3242 3158 me
3259 3108 3616 3159 machinantur:
3639 3106 3746 3155 cisti-

2253 3184 2355 3232 mat
2385 3182 2513 3232 enim
2535 3194 2705 3233 eorum
2735 3183 3094 3246 unusquisque,
3119 3182 3180 3233 de
3207 3182 3354 3234 bonis
3375 3182 3592 3246 Astyphili
3617 3180 3650 3231 εἰ
3669 3174 3746 3242 quid

2255 3258 2568 3323 decerpserit,
2591 3258 2640 3309 id
2659 3260 2850 3309 lucrum
2869 3258 3189 3310 adventitium
3205 3272 3260 3311 se
3279 3260 3552 3311 habiturum
3571 3270 3666 3309 ense·

2317 3352 2394 3401 27.
2427 3350 2788 3399 Testamentum
2805 3348 2970 3411 itaque
2985 3348 3080 3399 hoc
3095 3348 3364 3413 confictum
3381 3362 3507 3412 ωε,
3522 3352 3564 3399 et
3581 3348 3747 3398 Cleonem

2255 3418 2400 3481 atque
2425 3420 2690 3470 Hieroclem
2728 3432 2818 3470 vos
2850 3420 3230 3469 circumventum
3253 3421 3357 3483 ire,
3389 3419 3544 3485 quoad
3569 3414 3746 3481 potnide-

2256 3491 2575 3539 monstratum
2589 3489 2702 3541 dedi
2722 3510 2735 3540 ι
2751 3490 2854 3552 iam
2867 3503 2984 3541 vero
2998 3490 3092 3540 boc
3105 3490 3312 3555 docebo,
3331 3490 3514 3542 etiamsi
3528 3489 3642 3540 nulla
3655 3490 3748 3545 Asis-

2254 3557 2440 3621 philum
2483 3559 2830 3611 necessitudine
2868 3560 3196 3622 contingerem
3211 3597 3227 3624 ,
3282 3562 3445 3624 maius
3487 3564 3632 3611 tamen
3671 3554 3750 3604 m'u‘i

2255 3640 2402 3691 quam
2437 3630 2532 3681 illis
2552 3630 2635 3693 ius
2656 3644 2760 3681 esse
2781 3631 3014 3694 Astyphili
3039 3630 3166 3682 bona
3187 3632 3479 3695 possidendi.
3539 3629 3751 3691 Theopha-

2253 3702 2357 3751 stus
2373 3700 2500 3751 enim
2519 3704 2654 3763 pater
2675 3714 2810 3753 meus
2825 3704 3030 3752 matrem
3049 3714 3208 3753 meam
3227 3702 3414 3755 ducens
3429 3702 3490 3753 ab
3506 3702 3620 3752 illius
3633 3700 3750 3753 [rain.

2254 3771 2349 3821 hoc
2363 3772 2580 3823 Hierocle
2590 3809 2606 3835 ,
2625 3772 2716 3823 sibl
2731 3772 3035 3836 desponsam,
3059 3786 3156 3823 una
3177 3786 3294 3824 cum
3311 3787 3372 3825 ea
3385 3771 3660 3838 Astyphilum
3673 3780 3752 3830 quo·

2254 3854 2351 3905 que
2387 3841 2519 3892 domi
2549 3856 2652 3893 suoe
2679 3843 2860 3907 recepit
2887 3845 2994 3893 tum
3034 3844 3266 3907 temporis
3301 3845 3461 3896 adhuc
3495 3842 3711 3908 parvulum
3735 3848 3752 3883 ε

2254 3911 2412 3975 priore
2438 3925 2540 3963 suae
2556 3913 2724 3964 uxoris
2741 3914 2915 3964 marito
2934 3915 3240 3977 procreatum
3263 3934 3276 3965 =
3307 3916 3372 3967 ab
3398 3930 3456 3967 eo
3473 3914 3576 3965 inde
3593 3914 3752 3972 tanwfl

2253 3994 2442 4045 semper
2463 3982 2596 4033 domi
2617 3984 2796 4034 nostroe
2829 3986 3048 4034 versatus
3082 3984 3364 4049 Astyphilus
3397 3988 3448 4037 et
3479 3998 3508 4035 a
3539 3984 3656 4048 patoe
3679 3990 3751 4028 met

2256 4049 2488 4102 educatus
2526 4054 2616 4103 est.
2679 4054 2778 4117 (28)
2799 4055 2866 4104 ut
2901 4055 3066 4105 autem
3101 4066 3190 4117 ego
3215 4056 3364 4105 natus
3390 4055 3458 4105 t'ui
3481 4047 3752 4115 eamquetde·

2255 4122 2366 4184 ptus
2399 4124 2594 4173 oetatem
2613 4124 2670 4173 ut
2694 4136 2863 4187 capere
2882 4138 3070 4188 possem
3100 4124 3401 4192 doctrinam,
3418 4138 3512 4176 una
3531 4136 3630 4174 cnm
3657 4122 3752 4179 Asty·

2254 4191 2385 4255 philo
2414 4192 2584 4243 eodem
2615 4194 2799 4244 inludo
2811 4208 2920 4245 sum
2939 4194 3170 4246 eruditus·
3189 4198 3324 4261 Cape
3343 4200 3399 4248 tu
3429 4194 3544 4247 mibi
3563 4194 3644 4243 hoc
3657 4187 3752 4239 1613·

2255 4262 2471 4314 monium
2481 4300 2497 4328 ,
2515 4267 2622 4314 tum
2641 4265 2847 4315 alterum
2862 4264 2990 4316 istud
3009 4266 3346 4330 magistrorum
3363 4266 3428 4319 ad
3452 4277 3636 4331 quorum
3654 4258 3752 4310 ludu

2253 4333 2496 4386 itavimus..

2835 4472 3236 4518 TESTIMONIA.

2316 4592 2466 4643 Porro
2483 4590 2716 4656 praedium
2735 4590 2856 4641 illud
2871 4590 3005 4656 quod
3027 4591 3110 4642 ille
3125 4604 3156 4642 a
3171 4592 3307 4655 patre
3323 4604 3415 4641 suo
3433 4586 3643 4647 habebat,
3655 4578 3752 4645 iudi·

2257 4674 2362 4727 ces,
2387 4667 2522 4727 pater
2543 4676 2680 4713 meus
2697 4665 2748 4713 et
2763 4663 2878 4713 satis
2901 4666 2950 4713 et
2983 4663 3236 4713 arboribus
3253 4660 3479 4727 plantatis
3503 4655 3684 4711 excoluit
3699 4650 3752 4699 el·

2256 4734 2466 4798 fecitque
2483 4736 2539 4785 ut
2569 4732 2716 4798 duplo
2735 4733 2886 4797 pluris
2905 4734 3102 4786 valeret.
3137 4734 3296 4785 Etiam
3320 4734 3415 4785 bac
3445 4732 3506 4784 de
3523 4744 3572 4783 re
3594 4739 3666 4779 vos
3683 4723 3752 4774 hm

2256 4806 2526 4869 ascendite,
2553 4805 2638 4870 qui
2661 4805 2778 4855 mibi
2805 4804 3064 4856 testemini,

2909 4934 3130 4979 zrsssrsss
3139 4962 3152 4976 .

2319 5050 2396 5096 29.
2435 5045 2694 5109 Postquam
2709 5042 2879 5095 deinde
2898 5042 3173 5107 Astyphilus
3189 5042 3414 5107 probatus
3430 5040 3626 5101 virisque
3639 5026 3752 5083 ascri·

2257 5136 2368 5198 ptus
2399 5134 2521 5197 tuit,
2542 5134 2885 5198 patrimonium
2911 5146 2940 5184 a
2970 5134 3106 5198 patre
3135 5130 3320 5196 accepit
3351 5130 3445 5181 rite
3473 5126 3752 5191 legitimeque,

2256 5223 2324 5273 ita
2341 5222 2518 5273 ntideo
2531 5235 2781 5287 nunquam
2796 5236 2909 5273 cum
2929 5222 3065 5286 patre
3081 5234 3189 5271 meo
3200 5220 3394 5285 questus
3403 5216 3480 5268 sit.
3493 5208 3752 5267 Postmodum

2254 5320 2467 5361 sororem
2498 5307 2732 5372 Astyphili
2750 5306 2919 5359 eodem
2953 5306 3090 5370 patre
3112 5318 3222 5356 cum
3243 5301 3528 5365 Euthycrate
3545 5308 3665 5349 mam
3693 5288 3752 5339 dt*
