3825 5842
529 458 644 511 216

492 575 598 645 ξεις
638 574 811 659 ῥᾴδιον
844 572 1072 654 γέγονεν,
1116 572 1278 641 οὕτως
1305 564 1457 633 οἶόντ’
1489 562 1622 633 εἶναι
1655 569 1923 649 συντόμως
1960 570 2059 642 δη-

1411 437 1900 500 ΙΣΟΚΡΑΤΟΥΣ
1939 436 1990 498 Ο
2036 436 2221 497 ΠΕΡΙ
2262 431 2789 494 ΑΝΤΙΔΟΣΕΩΣ.

2158 574 2229 625 ita
2260 574 2408 624 etiam
2442 572 2649 625 breviter
2682 586 2763 623 me
2784 571 3026 623 declarare
3046 585 3191 637 posse
3210 574 3379 637 quibus
3406 589 3579 641 qumque
3596 596 3660 633 rei

497 668 668 725 λῶσαι
693 662 814 731 τούς
834 660 1042 742 καιροὺς
1064 666 1118 722 ἐν
1143 654 1217 730 οἷς
1238 662 1436 722 ἕκαστα
1449 660 1646 721 τούτων
1673 660 1913 740 ἐπράχθη
1934 706 1951 737 ,
1970 656 2061 717 καὶ
2158 673 2457 738 temporibus
2476 677 2717 725 tmen
2738 673 2805 724 sit
2828 674 2880 723 et
2908 686 3017 736 que
3036 672 3307 737 reipublice
3324 676 3513 727 conditio
3534 684 3575 728 et
3588 681 3657 730 ιω.

497 752 566 813 τὰ
604 758 700 826 τῆς
741 750 942 819 πόλεως
972 756 1044 819 ὣς
1086 741 1226 831 εἶχε,
1267 750 1358 810 καὶ
1399 750 1492 821 τὴν
1520 753 1622 808 τῶν
1659 746 1926 824 πολεμίων
1966 744 2059 803 δύ-

498 864 684 921 ναμιν·
719 838 853 900 πολὺ
884 838 985 921 γὰρ
1013 837 1078 899 ἂν
1105 844 1226 917 ὑμῖν
1254 837 1314 898 αῖ
1339 839 1386 897 τ’
1415 836 1702 919 εὐεργεσίαι
1735 836 1937 914 μείζους
1962 835 2067 893 κά-

446 947 473 987 ι
501 932 665 996 κεῖνος
698 926 932 994 πλείονος
965 926 1101 997 ἄξιος
1131 926 1297 997 ἔδοξεν
1325 916 1472 987 εἶναι.
1505 927 1622 1007 (us)
1657 929 1768 986 Νῦν
1797 922 1854 983 δέ
1901 927 2067 981 ταῦτα

502 1014 598 1094 μὲν
626 1014 768 1074 ἐάσω
807 1013 892 1073 διὰ
914 1013 976 1073 τὸ
1018 1017 1244 1088 πλῆθος,
1281 1018 1512 1092 ἡγοῦμαι
1548 1014 1593 1071 δ’
1633 1015 1769 1090 ὑμᾶς
1801 1008 1963 1082 ἡδέως
2004 1008 2067 1066 ἂν

501 1106 722 1163 ἀκοῦσαι
739 1101 826 1162 διὰ
841 1101 896 1161 τί
915 1124 1042 1163 ποτε
1062 1105 1164 1162 τῶν
1181 1101 1275 1179 μὲν
1291 1098 1699 1179 εὐδοκιμούντων
1719 1100 1921 1181 ἀνδρῶν
1944 1096 2070 1178 παρ’

505 1196 628 1271 ὑμῖν
655 1191 749 1252 καὶ
775 1192 1074 1269 πολεμικῶν
1098 1182 1231 1250 εῖναι
1257 1190 1543 1251 δοκούντων
1578 1187 1696 1249 οὐδὲ
1723 1186 1909 1267 κώμην
1945 1185 2069 1246 ἔνιοι

505 1278 690 1340 λαὸεῖν
715 1278 1070 1357 ἠδυνήθησαν,
1098 1280 1349 1358 Τιμόθεος
1384 1278 1429 1338 δ’
1448 1276 1566 1338 οὔτε
1585 1277 1681 1350 τὴν
1710 1282 1800 1336 τοῦ
1831 1274 2071 1352 σώματος

429 1385 479 1427 ιο
506 1368 656 1451 φύσιν
689 1367 828 1448 ἔχων
855 1366 1152 1451 ἐρρωμένην
1188 1365 1294 1427 οὔτ’
1323 1370 1377 1428 ἐν
1413 1371 1518 1433 τοῖς
1557 1364 1926 1447 στρατοπέδοις
1958 1366 2068 1430 τοῖς

507 1454 868 1533 πλανωμένοις
888 1454 1394 1535 κατατετριμμένος,
1415 1450 1554 1515 ἀλλὰ
1605 1453 1716 1533 μεθ’
1746 1456 1892 1531 ὑμῶν
1921 1452 2071 1509 πολι-

511 1543 784 1623 τευόμενος
815 1543 1107 1617 τηλικαῦτα
1148 1541 1458 1625 διεπράξατο
1491 1541 1553 1601 τὸ
1592 1541 1824 1620 μέγεθος.
1907 1536 2071 1599 Ἔστι

505 1635 553 1693 δ’
580 1637 609 1693 ὁ
630 1631 782 1713 λόγος
808 1635 837 1690 ὁ
859 1631 980 1712 περὶ
1011 1629 1206 1692 τούτων
1240 1624 1658 1714 φιλαπεχθήμων
1695 1627 1809 1708 μέν,
1851 1630 2072 1710 ῥηθῆναι

508 1722 555 1782 δ’
581 1724 675 1783 οὐκ
703 1720 1022 1803 ἀσύμφορος.
1109 1723 1224 1800 (ne)
1252 1720 1484 1787 Ἐκεῖνος
1509 1718 1610 1799 γὰρ
1635 1716 1802 1798 τούτῳ
1830 1720 1934 1777 τῶν
1974 1716 2067 1775 άλ-

429 1827 479 1866 15
504 1812 610 1870 λων
632 1808 918 1888 διήνεγκεν,
943 1806 1022 1867 ὅτι
1047 1806 1168 1890 περὶ
1189 1812 1294 1866 τῶν
1319 1806 1647 1877 Ἑλληνικῶν
1675 1806 1764 1865 καὶ
1789 1826 2068 1883 συμμαχι-

505 1902 612 1959 κῶν
637 1895 968 1980 πραγμάτων
991 1896 1082 1956 καὶ
1108 1900 1203 1967 τῆς
1225 1894 1524 1973 ἐπιμελείας
1549 1900 1642 1967 τῆς
1667 1891 1860 1953 τούτων
1885 1895 1945 1953 οὐ
1973 1891 2071 1964 τὴν

508 1985 670 2058 αὐτὴν
711 1986 832 2063 ὑμῖν
875 1983 1090 2061 γνώμην
1123 1974 1282 2063 εῖχεν.
1365 1982 1548 2060 Ὑμεῖς
1575 1980 1668 2060 μὲν
1695 1980 1798 2062 γὰρ
1838 2002 2071 2061 χειροτο-

507 2074 639 2131 νεῖτε
665 2070 985 2154 στρατηγοὺς
1011 2070 1128 2140 τοὺς
1160 2069 1578 2152 εὐρωστοτάτους
1603 2070 1711 2136 τοῖς
1739 2066 1951 2145 σώμασι
1978 2066 2071 2127 καὶ

507 2160 762 2227 πολλάκις
797 2162 852 2218 ἐν
883 2166 990 2227 τοῖς
1030 2158 1241 2228 ξενικοῖς
1281 2156 1640 2241 στρατεύμασι
1677 2154 2072 2236 γεγενημένους,

426 2268 486 2308 2⁰
509 2252 578 2316 ὡς
601 2246 686 2307 διὰ
714 2245 910 2308 τούτων
937 2245 1338 2327 διαπραξόμενοί
1363 2271 1414 2306 τι
1443 2250 1547 2305 τῶν
1581 2244 1818 2304 δεόντων·
1839 2248 1867 2303 ὁ
1891 2242 1947 2303 δὲ
1969 2244 2073 2312 τοῖς

509 2332 605 2413 μὲν
627 2334 874 2403 τοιούτοις
893 2336 1137 2415 λοχαγοὶς
1159 2338 1350 2417 ἐχρῆτο
1372 2335 1462 2395 καὶ
1481 2332 1780 2416 ταξιάρχοις
1795 2380 1812 2411 ,
1839 2330 1955 2412 (117)
1978 2334 2071 2391 αὐ-

507 2422 594 2491 τὸς
616 2423 670 2483 δέ
691 2422 814 2504 περὶ
849 2428 1016 2483 ταῦτα
1045 2422 1204 2490 δεινὸς
1238 2413 1320 2495 ἦν,
1354 2421 1476 2503 περὶ
1517 2420 1651 2502 ἅπερ
1685 2420 1790 2501 χρὴ
1824 2419 2070 2502 φρόνιμον

510 2503 643 2571 εἶναι
671 2513 761 2573 τὸν
789 2510 1080 2594 στρατηγὸν
1105 2510 1196 2570 τὸν
1219 2509 1430 2589 ἀγαθόν.
1509 2508 1672 2573 Ἔστι
1695 2508 1938 2568 δὲταῦτα
1957 2507 2071 2567 τίνα

509 2598 728 2676 δύναμιν
759 2598 973 2679 1χοντα,
1012 2600 1094 2658 δεῖ
1121 2597 1222 2680 γὰρ
1252 2600 1353 2678 οὐχ
1379 2599 1558 2666 ἁπλῶς
1578 2600 1762 2670 εἰπεῖν,
1795 2597 1933 2655 ἀλλὰ
1974 2620 2069 2656 σα-

431 2702 486 2743 εε
509 2690 616 2770 φῶς
647 2686 846 2769 φράσαι
863 2687 983 2766 περὶ
1002 2688 1193 2749 αὐτῶν.
1278 2690 1498 2768 Πρῶτον
1528 2687 1623 2765 μὲν
1651 2684 1904 2745 δύνασθαι
1930 2689 2069 2765 γνῶ-

509 2798 596 2835 ναι
621 2774 752 2856 πρὸς
777 2773 920 2842 τίνας
948 2772 1270 2853 πολεμητέον
1292 2772 1549 2841 καὶτίνας
1575 2772 1888 2852 συμμάχους
1918 2794 2071 2845 ποιη-

507 2858 624 2921 τέον
641 2886 654 2900 ·
675 2862 812 2943 ἀρχὴ
836 2860 937 2943 γὰρ
958 2858 1091 2933 αὕτη
1112 2860 1426 2945 στρατηγίας
1447 2861 1607 2940 ἐστίν,
1634 2854 1698 2934 ἧς
1724 2860 1788 2933 ἣν
1805 2860 2069 2943 διαμάρτῃ

507 2972 612 3024 τις,
642 2950 844 3030 ἀνάγκη
884 2948 971 3009 τὸν
1000 2948 1228 3027 πόλεμον
1266 2950 1566 3033 ἀσύμφορον
1594 2949 1685 3009 καὶ
1722 2948 1957 3031 χαλεπὸν
1980 2948 2071 3007 καὶ

507 3038 778 3119 περίεργον
799 3028 948 3099 εἶναι.
1037 3040 1154 3117 (us)
1179 3037 1313 3119 Περὶ
1329 3038 1497 3098 τοίνυν
1516 3037 1613 3110 τὴν
1627 3036 1874 3109 τοιαύτην
1893 3038 2073 3117 προαί-

427 3140 482 3181 ιιο
509 3148 648 3208 ρεσιν
676 3129 734 3185 οὐ
759 3126 914 3206 μόνον
935 3126 1101 3194 οὐδεὶς
1125 3130 1350 3195 τοιοῦτος
1367 3124 1590 3206 γέγονεν,
1615 3124 1732 3183 ἀλλ’
1756 3122 1874 3185 οὐδὲ
1897 3146 2070 3206 παρα-

507 3214 747 3286 πλήσιος.
834 3213 1044 3297 Ῥᾴδιον
1089 3215 1136 3272 δ’
1179 3213 1231 3283 ἐξ
1270 3216 1440 3272 αὐτῶν
1483 3215 1587 3273 τῶν
1635 3210 1799 3293 ἔργων
1847 3216 2069 3294 γνῶναι·

509 3302 782 3372 πλείστους
802 3301 904 3383 γὰρ
935 3303 1194 3380 πολέμους
1222 3301 1344 3361 ἄνευ
1374 3306 1468 3374 τῆς
1490 3300 1688 3369 πόλεως
1727 3302 2037 3380 ἀνελόμενος
2054 3349 2071 3381 ,

511 3388 744 3456 ἅπαντας
789 3391 999 3458 τούτους
1037 3390 1353 3470 κατώρθωσε
1392 3389 1485 3449 καὶ
1525 3389 1737 3457 δικαίως
1766 3390 1936 3450 ἅπασι
1966 3396 2073 3459 τοῖς

507 3476 769 3550 Ἕλλησιν
798 3478 965 3547 ἔδοξεν
994 3476 1178 3546 αὐτοὺς
1213 3478 1551 3549 ποιήσασθαι.
1637 3477 1828 3539 Καίτοι
1855 3485 2073 3544 τοῦκα·

439 3567 616 3633 δειλῶς
644 3562 1022 3645 βουλεύσασθαι
1073 3564 1150 3632 τίς
1194 3564 1258 3624 ἂν
1301 3564 1561 3634 ἀπόδειξιν
1594 3563 1708 3646 ἔχοι
1744 3567 2071 3648 σαφεστέραν

509 3651 603 3713 καὶ
624 3651 786 3730 μείζω
799 3652 993 3726 ταύτης
1005 3652 1368 3734 παρασχέσθαι
1387 3672 1406 3731 ;
1425 3652 1466 3735 (ι
1479 3654 1540 3731 ιο)
1565 3654 1818 3733 Δεύτερον
1836 3654 1888 3713 τί
1909 3678 2071 3738 προσ·

509 3740 627 3814 ήκει
645 3742 730 3801 τὸν
751 3741 1043 3823 στρατηγὸν
1058 3742 1146 3802 τὸν
1162 3744 1262 3821 ἀγα
1269 3740 1380 3816 θόν;
1401 3742 1748 3825 στρατόπεδον
1764 3746 2073 3824 συναγαγεῖν

510 3828 766 3912 ἁρμόττον
788 3835 863 3911 τῷ
890 3830 1104 3913 πολέμῳ
1135 3835 1210 3915 τῷ
1246 3830 1491 3913 παρόντι,
1523 3830 1614 3891 καὶ
1647 3838 1800 3892 τοῦτο
1829 3832 2074 3903 συντάξαι

507 3919 602 3979 καὶ
626 3918 928 4001 χρήσασθαι
955 3916 1338 4001 συμφερόντως.
1365 3919 1458 3987 Ὡς
1487 3918 1581 3996 μὲν
1603 3918 1774 3979 τοίνυν
1811 3921 2073 3993 ἠπίστατο

434 4030 489 4071 ιο
508 4013 738 4089 χρῆσθαι
781 4009 985 4082 καλῶς,
1031 4011 1088 4067 αἱ
1123 4006 1336 4089 πράξεις
1379 4007 1535 4067 αὐταὶ
1576 4006 1964 4080 δεδηλώκασιν·
2005 4013 2075 4078 ὣς

511 4094 685 4155 δὲκαὶ
721 4094 848 4176 πρὸς
888 4094 948 4154 τὸ
988 4094 1497 4176 παρασκευάσασθαι
1542 4098 1953 4177 μεγαλοπρεπῶς
1984 4099 2075 4157 καὶ

510 4188 604 4254 τῆς
628 4182 830 4251 πόλεως
847 4182 1002 4253 ἀξίως
1025 4182 1271 4243 ἁπάντων
1293 4184 1574 4264 διήνεγκεν,
1605 4184 1722 4244 οὐδὲ
1746 4188 1850 4244 τῶν
1875 4188 2072 4267 ἐχθρῶν

511 4273 676 4341 οὐδεὶς
698 4270 763 4331 ἂν
792 4271 963 4340 ἄλλως
990 4273 1152 4333 εἰπεῖν
1191 4272 1521 4351 τολμήσειεν.
1608 4275 1725 4351 (¹20)
1749 4270 1877 4335 Ἔτι
1903 4275 2074 4335 τοίνυν

511 4360 642 4444 πρὸς
668 4360 865 4429 τούτοις
891 4362 1111 4443 ἀπορίας
1128 4364 1353 4441 ἐνεγκεῖν
1383 4362 1734 4442 στρατοπέδου
1762 4363 1854 4424 καὶ
1877 4363 2073 4438 πενίας,

440 4469 494 4510 as
516 4446 608 4506 καὶ
634 4448 794 4509 πάλιν
822 4450 1066 4532 εὐπορίας
1105 4452 1289 4532 εὑρεῖν,
1323 4450 1400 4518 τίς
1431 4452 1526 4511 οὐκ
1557 4450 1619 4511 ἂν
1647 4457 1752 4512 τῶν
1791 4474 2070 4533 συνεστρα-

513 4534 774 4614 τευμένων
802 4535 931 4616 πρὸς
963 4538 1232 4619 ἀμφότερα
1251 4545 1416 4599 ταῦτα
1439 4539 1699 4623 διαφέρειν
1719 4540 1910 4599 ἐκεῖνον
1940 4564 2074 4619 προ-

513 4624 755 4707 κρίνειεν;
776 4624 1012 4685 συνίσασι
1034 4624 1136 4707 γὰρ
1157 4630 1298 4708 αὐτῷ
1324 4626 1462 4688 κατὰ
1489 4628 1584 4707 μὲν
1603 4628 1768 4709 ἀρχὰς
1789 4632 1892 4687 τῶν
1916 4629 2073 4689 πολέ-

516 4737 628 4792 μων
656 4711 744 4773 διὰ
769 4712 830 4772 τὸ
855 4711 1017 4792 μηδὲν
1047 4713 1194 4793 παρὰ
1222 4719 1315 4787 τῆς
1337 4715 1537 4783 πόλεως
1565 4715 1860 4795 λαμὸάνειν
1884 4718 1957 4785 εἷς
1983 4717 2076 4786 τὰς

513 4802 741 4882 ἐσχάτας
764 4802 959 4870 ἐνδείας
998 4801 1376 4882 καθιστάμενον
1395 4852 1411 4881 ,
1440 4806 1500 4864 ἐκ
1519 4804 1574 4864 δὲ
1597 4804 1792 4865 τούτων
1822 4808 1893 4874 εἷς
1924 4814 2077 4867 τοῦτο

430 4899 490 4946 5ο
513 4890 578 4951 τὰ
597 4890 887 4973 πράγματα
915 4890 1243 4971 περιιστάναι
1272 4891 1573 4968 δυνάμενον,
1598 4891 1732 4952 ὥστε
1761 4894 1951 4975 καὶτῷ
1976 4918 2075 4954 πο-

511 4979 658 5062 λέμῳ
680 4981 1064 5061 περιγίγνεσθαι
1085 4980 1302 5048 καὶτοῖς
1321 4980 1663 5060 στρατιώταις
1690 4982 1907 5048 ἐντελεῖς
1937 4985 2073 5043 ἀπο-

511 5067 708 5128 διδόναι
734 5068 853 5138 tois<
883 5068 1113 5147 μισθούς.
1199 5067 1324 5147 (121)
1355 5066 1513 5128 Οὕτω
1540 5067 1710 5128 τοίνυν
1747 5068 1946 5128 τούτων
1977 5094 2071 5144 με·

511 5156 689 5237 γάλων
717 5157 878 5217 ὄντων
901 5156 992 5217 καὶ
1024 5153 1224 5238 σφόδρα
1247 5154 1676 5236 κατεπειγόντων,
1702 5157 1788 5216 ἐπὶ
1816 5158 1923 5228 τοῖς
1952 5161 2073 5240 ἐχο-

513 5244 683 5324 μένοις
721 5244 932 5313 δικαίως
971 5243 1034 5305 ἄν
1069 5267 1148 5313 τις
1185 5244 1341 5305 αὐτὸν
1378 5243 1456 5305 ἔτι
1495 5248 1696 5325 μᾶλλον
1733 5246 2071 5313 ἐπαινέσειεν.

2164 774 2309 825 stium
2350 777 2564 837 potestas
2602 772 2773 837 tuerit,
2814 786 2913 839 quo
2956 773 3203 824 benefacta
3242 776 3413 837 majam
3448 779 3567 839 atque
3602 777 3658 827 ille

2162 871 2313 935 pluris
2334 870 2655 921 aestimandus
2672 871 2809 922 vobis
2822 884 2931 923 esse
2946 871 3207 923 videretur.
3252 874 3373 934 (115)
3390 874 3549 933 Quibus
3564 889 3651 924 nun«

2161 974 2227 1025 ob
2254 975 2610 1028 multitudinem
2631 974 2851 1038 omissis,
2882 989 2972 1026 vos
2993 980 3155 1026 tamen
3182 975 3378 1026 libenter
3408 976 3549 1029 audire
3570 978 3662 1029 veile

2160 1081 2303 1134 credo
2334 1095 2422 1133 cur
2448 1081 2666 1133 nonnulii
2684 1095 2854 1133 eorum
2880 1083 2965 1146 qui
2985 1096 3159 1146 magna
3180 1081 3321 1133 laude
3334 1084 3452 1146 apud
3479 1096 3553 1133 vos
3570 1085 3658 1135 icm-

2161 1186 2337 1237 bantur
2376 1185 2541 1249 reique
2571 1186 2794 1237 militaris
2828 1186 3103 1251 peritissimi
3131 1185 3423 1249 videbantur,
3452 1200 3505 1237 ne
3538 1187 3661 1238 vicum

2160 1289 2357 1355 quidem
2369 1304 2537 1355 capere
2556 1290 2830 1355 potuerint3
2850 1290 3137 1342 Timotheus
3154 1294 3323 1341 contra
3334 1304 3475 1354 neque
3492 1292 3659 1355 corporis

2160 1394 2347 1445 viribus
2368 1394 2563 1457 insignia
2602 1408 2761 1459 neque
2794 1394 2845 1444 in
2867 1396 3002 1458 vagis
3032 1394 3323 1446 exercitibus
3356 1397 3568 1456 versatus,
3598 1396 3661 1445 sed

2162 1496 2413 1548 vobiscum
2431 1497 2551 1549 civis
2571 1498 2697 1548 inter
2708 1498 2837 1549 cives
2852 1500 3042 1549 eutem
3064 1511 3238 1561 agens,
3257 1500 3487 1549 tantasres
3498 1498 3663 1561 gesserit.

2164 1604 2285 1662 Qum
2298 1600 2494 1665 quidem
2515 1601 2749 1665 expositio
2775 1614 3052 1666 quanquam
3071 1602 3253 1654 invidia
3274 1616 3368 1653 nou
3387 1606 3525 1665 caret,
3540 1608 3663 1653 tamen

2162 1718 2259 1755 non
2278 1706 2383 1755 sine
2402 1706 2557 1756 fructu
2576 1706 2813 1757 audietur.
2882 1706 3012 1769 (11⁶)
3037 1706 3129 1757 Ille
3154 1707 3285 1758 euim
3304 1707 3409 1759 ideo
3434 1709 3579 1757 ceteris
3592 1721 3657 1757 an·

2160 1808 2401 1872 tecelluit,
2435 1810 2571 1875 quod
2610 1810 2672 1861 de
2711 1811 2855 1863 rebus
2894 1814 3179 1863 Graecorum
3216 1812 3527 1877 sociorumque
3556 1816 3665 1875 atque

2161 1924 2327 1963 earum
2363 1912 2773 1966 administratione
2802 1928 2833 1965 a
2870 1920 3031 1966 vestra
3064 1918 3309 1968 sententia
3344 1930 3479 1981 quam
3505 1918 3663 1967 maxime

2166 2016 2432 2068 recedebat.
2496 2020 2598 2068 *Vos
2620 2020 2749 2070 enim
2774 2020 3087 2084 imperatores
3126 2022 3297 2085 eligitis
3322 2034 3503 2086 corpore
3519 2022 3666 2071 validis-

2163 2121 2313 2172 simos
2334 2121 2385 2171 in
2407 2124 2806 2187 mercenariisque
2818 2125 3116 2177 exercitibus
3136 2139 3269 2190 sepe
3289 2132 3487 2177 versatos
3500 2164 3514 2188 ‚
3534 2129 3579 2177 ut
3602 2140 3665 2190 per

2163 2224 2254 2275 hes
2274 2226 2403 2289 quod
2426 2240 2453 2277 e
2474 2239 2525 2276 re
2544 2226 2605 2277 sit
2619 2227 2819 2290 geratis3
2841 2227 2917 2278 his
2934 2241 3048 2278 vero
3060 2228 3148 2279 ille
3166 2228 3505 2280 centurionibus
3520 2228 3665 2278 etordi-

2163 2344 2279 2381 num
2298 2331 2580 2384 ductoribus
2606 2332 2855 2395 utebatur,
2876 2334 3007 2399 (117)
3025 2348 3183 2398 quum
3201 2334 3307 2399 ipse
3326 2334 3414 2385 illis
3430 2334 3553 2385 rebus
3572 2339 3665 2383 esset

2163 2436 2397 2500 egregius,
2418 2436 2598 2502 quibus
2628 2438 2911 2502 prudentem
2930 2442 2981 2489 et
3002 2438 3189 2491 bonum
3214 2442 3527 2505 imperatorem
3550 2438 3667 2489 excel·

2161 2540 2259 2591 lere
2276 2554 2471 2593 necesso
2492 2546 2585 2593 est.
2607 2548 2761 2607 Atque
2776 2544 2879 2594 brec
2899 2544 3097 2608 quidem
3122 2558 3377 2609 quamnam
3399 2546 3487 2596 vim
3504 2545 3660 2594 babent?

2163 2657 2277 2708 quae
2302 2658 2399 2695 non
2430 2644 2609 2696 sufficit
2626 2646 2675 2696 ln
2698 2647 2975 2699 universum
2999 2648 3272 2713 indicasse,
3295 2650 3375 2702 sed
3398 2648 3557 2713 singula
3570 2660 3666 2711 que·

2165 2762 2261 2813 que
2295 2754 2523 2801 accurate
2562 2752 2887 2803 enumeranda
2922 2758 3055 2805 sunt.
3126 2755 3341 2806 Primum
3366 2756 3474 2817 boc,
3493 2754 3669 2817 utpossis

2163 2866 2447 2917 cognoscere
2482 2855 2660 2919 quibus
2680 2857 2861 2908 bellum
2884 2858 3193 2910 inferendum
3228 2860 3401 2925 quique
3421 2860 3525 2911 socii
3544 2857 3666 2908 adsci-

2160 2959 2325 3011 scendi
2346 2960 2459 3011 sint.
2525 2962 2909 3013 Fundamentum
2936 2967 3103 3015 autem
3126 2966 3247 3016 illud
3276 2969 3352 3016 est
3379 2964 3483 3015 anis
3512 2964 3667 3026 impen-

2164 3062 2325 3126 toriae‚
2349 3078 2446 3127 qua
2475 3062 2526 3113 in
2544 3078 2595 3116 re
2619 3065 2659 3115 si
2678 3066 2787 3129 quis
2812 3066 2962 3117 salsus
2982 3066 3163 3131 fuerit,
3184 3068 3359 3120 bellum
3382 3067 3669 3119 nwesoeestei

2162 3166 2343 3219 inutile·
2372 3166 2472 3219 fleri
2506 3173 2555 3220 et
2578 3167 2783 3221 arduum
2806 3172 2857 3221 et
2890 3184 3319 3235 supervacaneum.
3380 3174 3497 3237 (118)
3530 3174 3578 3221 ln
3608 3166 3667 3217 lali

2160 3270 2305 3335 igitur
2331 3272 2531 3323 consilio
2552 3286 2697 3324 nemo
2712 3286 2810 3325 non
2832 3274 2976 3325 modo
2996 3276 3109 3327 talis
3122 3313 3140 3338 ‚
3165 3277 3253 3329 sed
3268 3291 3329 3329 ne
3349 3276 3504 3329 similis
3517 3273 3669 3339 quiden

2161 3375 2279 3427 suits
2305 3376 2351 3427 id
2374 3377 2508 3441 quod
2526 3378 2670 3429 rebus
2685 3378 2803 3443 ipsis
2821 3379 2959 3431 facile
2978 3384 3298 3445 cognoscitur.
3358 3381 3555 3434 Plurimis
3572 3378 3668 3428 enim

2161 3482 2298 3533 bellis
2319 3482 2503 3545 iniussu
2525 3485 2705 3537 civium
2726 3487 2959 3553 susceptis
2978 3500 3078 3539 rem
3096 3503 3293 3555 semper
3310 3502 3513 3555 prospere
3530 3486 3669 3549 βω,

2162 3589 2480 3655 omnibusque
2514 3592 2699 3642 Graecis
2739 3606 2797 3643 ea
2827 3594 2935 3657 ium
2971 3595 3145 3648 secisse
3176 3597 3314 3648 visus
3346 3602 3431 3648 est.
3464 3590 3669 3646 Prudentis

2163 3706 2277 3745 vero
2306 3695 2493 3747 consilii
2537 3697 2645 3760 quis
2672 3697 2757 3748 illo
2796 3698 3068 3751 evidentius
3100 3703 3356 3773 majflsque
3384 3702 3663 3763 argumentum

2163 3798 2387 3849 exhibere
2419 3800 2606 3864 possit?
2671 3803 2803 3867 (119)
2823 3804 3041 3854 Secundo
3078 3806 3189 3857 loco
3220 3808 3336 3872 quid
3359 3802 3669 3856 convenitbono

2163 3901 2468 3966 imperatori?
2494 3903 2766 3957 Exercitum
2797 3920 2937 3970 posse
2970 3911 3252 3962 contrahere
3275 3911 3395 3961 bello
3414 3908 3582 3960 instanti
3598 3904 3669 3954 ido

2162 4019 2327 4069 neum,
2346 4012 2491 4072 atque
2504 4010 2744 4073 ordinare,
2765 4024 2976 4077 eumque
2988 4026 3099 4064 cum
3128 4015 3285 4067 fructu
3300 4014 3526 4066 adbibere.
3546 4015 3669 4074 Atque

2163 4111 2361 4163 scivisse
2382 4112 2519 4163 illum
2542 4115 2753 4166 exercitu
2780 4116 2902 4167 beno
2922 4118 3017 4181 uti,
3047 4132 3125 4171 res
3138 4119 3259 4183 ipsae
3280 4119 3544 4170 documento
3554 4118 3667 4173 sunu

2162 4213 2335 4266 deinde
2358 4222 2586 4279 apparatu
2618 4218 2895 4281 magnifico,
2922 4220 2977 4269 ut
3010 4218 3185 4283 dignus
3202 4221 3303 4269 erat
3318 4215 3560 4283 republica,
3578 4224 3667 4263 eum

2162 4318 2389 4369 omnibus
2412 4320 2767 4384 antecelluisse,
2808 4334 2869 4373 ne
2904 4322 3207 4373 inimicorum
3243 4322 3429 4387 quidem
3459 4322 3667 4384 quisquam

2164 4419 2343 4482 estqui
2366 4434 2537 4483 negare
2558 4434 2706 4472 ausus
2734 4422 2815 4473 sit.
2883 4422 3015 4488 (120)
3050 4426 3288 4477 Praeterea
3317 4426 3365 4475 in
3392 4424 3535 4488 inopia
3558 4432 3663 4471 exer·

2163 4524 2287 4574 citus
2310 4524 2555 4576 toleranda
2576 4528 2626 4576 et
2648 4527 2873 4590 penuria,
2898 4534 2948 4580 et
2967 4543 3134 4580 rursus
3157 4530 3305 4595 copiis
3324 4528 3553 4593 parandis,
3580 4522 3665 4587 quis

2164 4628 2547 4680 commilitonum
2585 4643 2698 4681 eum
2736 4631 2788 4681 in
2822 4636 3029 4697 utroque
3063 4633 3341 4684 excelluisse
3374 4646 3463 4683 non
3490 4628 3666 4694 judicet?

2164 4734 2332 4786 Sciunt
2344 4736 2469 4786 enim
2484 4736 2621 4787 illum
2634 4772 2649 4795 .
2666 4749 2816 4801 quum
2840 4738 2933 4789 sub
2946 4739 3133 4790 initium
3149 4740 3378 4791 beliorum
3389 4776 3404 4800 ,
3416 4738 3537 4787 nullo
3548 4735 3598 4783 ab
3608 4746 3667 4781 ur·

2164 4837 2224 4887 be
2234 4842 2502 4888 commeatu
2517 4844 2726 4904 accepto,
2745 4844 2957 4892 extrema
2978 4845 3257 4894 necessitate
3270 4843 3515 4901 laboraret,
3530 4841 3667 4902 postet

2164 4942 2309 4992 resin
2328 4955 2433 4992 eam
2456 4943 2776 5005 conditionem
2800 4945 3076 5009 adduxisse,
3096 4953 3207 4998 utet
3226 4947 3349 4998 bello
3370 4944 3566 5009 superior
3581 4952 3667 4990 eva·

2163 5047 2299 5098 deret
2312 5052 2361 5099 et
2376 5048 2612 5100 militibus
2630 5051 2922 5115 stipendium
2940 5053 3175 5115 integrum
3192 5052 3423 5117 penderet.
3444 5050 3667 5114 (121)οΰἃὶ

2162 5168 2315 5218 quum
2339 5168 2508 5218 magna
2548 5157 2646 5207 sint
2668 5161 2817 5221 atque
2842 5157 2963 5209 adeo
2988 5159 3244 5219 excellant,
3272 5158 3335 5207 ob
3366 5169 3417 5207 ea
3446 5166 3544 5218 quoe
3574 5161 3663 5200 cum

2162 5259 2240 5310 his
2278 5250 2578 5323 eoboereant,
2611 5260 2721 5323 iure
2764 5262 2901 5314 illum
2939 5263 3051 5326 quis
3082 5264 3222 5315 etiam
3255 5262 3399 5324 magis
3426 5255 3636 5323 praedioel·
