3825 5842
554 452 669 505 284

554 661 695 722 νοιάν
734 663 790 720 τέ
820 684 908 737 μοι
931 666 1222 742 παρασχεῖν
1241 703 1259 737 ,
1289 654 1385 716 κᾶν
1428 657 1515 717 ἐπὶ
1555 656 1641 715 τὸν
1675 659 1865 736 κλῆρον
1896 656 2116 723 ἀναιδῶς

556 748 741 816 αὐτοὺς
764 748 931 815 ἰόντας
960 745 1236 827 ἐξελέγχω,
1274 749 1479 824 βοηθεῖν
1510 768 1599 823 μοι
1626 743 1693 803 τὰ
1722 743 1918 805 δίκαια.
1947 742 2112 815 Ποιή-

556 861 718 914 σομαι
763 838 807 895 δ’
845 838 914 903 ὥς
959 833 1021 893 ἂν
1058 833 1207 912 κάγὼ
1235 832 1469 912 δύνωμαι
1512 831 1596 891 διὰ
1627 830 1973 913 βραχυτάτων
1999 829 2116 897 τοὺς

478 954 527 993 25
556 924 736 1003 λόγους
754 970 770 1003 ,
796 922 849 993 ἐξ
872 925 1037 1003 ἀρχῆς
1062 925 1133 989 ὡς
1150 920 1259 1001 ἔχει
1286 919 1353 979 τὰ
1382 919 1633 999 γενόμενα
1664 919 1924 979 διδάσκων
1963 921 2116 995 ὑμᾶς.

637 1034 682 1073 s.
712 1010 937 1080 Εὔπολις
960 1010 1063 1092 γάρ
1078 1056 1095 1084 ,
1117 1000 1162 1069 ὦ
1188 1009 1393 1091 ἄνδρες,
1415 1008 1505 1069 καὶ
1522 1008 1831 1091 Θράσυλλος
1848 1007 1940 1066 καὶ
1967 1006 2119 1077 Μνή-

560 1122 664 1158 σων
693 1098 903 1179 ἀδελφοὶ
934 1090 1068 1170 ἦσαν
1096 1096 1410 1177 ὁμομήτριοι
1438 1094 1525 1155 καὶ
1561 1096 1892 1175 ὁμοπάτριοι.
1979 1099 2030 1157 Τ
2031 1094 2115 1154 ού-

558 1210 662 1255 τοις
681 1186 856 1246 οὗσίαν
880 1190 908 1245 ὁ
925 1186 1101 1264 πατὴρ
1120 1184 1369 1244 κατέλιπε
1388 1183 1609 1259 πολλήν,
1632 1182 1765 1244 ὥστε
1786 1185 1874 1242 καὶ
1896 1186 2120 1264 λειτουρ-

559 1284 665 1354 γεῖν
708 1276 925 1336 ἕκαστον
968 1274 1233 1343 ἀξιοῦσθαι
1275 1276 1401 1355 παρ’
1444 1276 1584 1351 ὑμῖν.
1668 1272 1883 1344 Ταύτην
1933 1276 2117 1332 ἐκεῖνοι

560 1367 695 1443 τρεῖς
722 1361 861 1430 ὄντες
906 1360 1175 1439 ἐνείμαντο
1221 1360 1348 1442 πρὸς
1391 1361 1669 1433 ἀλλήλους.
1756 1360 1972 1422 Τούτων
2014 1364 2118 1420 τῶν

563 1450 652 1509 δύο
680 1448 1100 1522 τελευτησάντων
1126 1446 1247 1529 περὶ
1265 1448 1351 1508 τὸν
1378 1448 1531 1507 αὐτὸν
1549 1448 1767 1529 χρόνον,
1798 1453 1827 1509 ὁ
1850 1448 1946 1527 μὲν
1973 1448 2120 1521 Μνή·

566 1561 670 1597 σων
698 1537 875 1598 ἐνθάδε
907 1536 1109 1615 ἄγαμος
1133 1535 1223 1595 καὶ
1248 1536 1440 1611 ἄπαις,
1470 1540 1497 1597 ὁ
1526 1536 1579 1596 δὲ
1607 1536 1915 1617 Θράσυλλος
1941 1540 2043 1597 τῶν
2069 1540 2122 1596 ἐν

567 1625 783 1707 Σικελίᾳ
802 1624 1104 1705 καταλεγεὶς
1121 1624 1469 1706 τριηράρχων,
1486 1624 1789 1686 καταλιπὼν
1808 1624 1918 1685 υἱὸν
1935 1624 2122 1686 Ἀπολ-

566 1714 791 1794 λόδωρον
814 1714 901 1775 τὸν
925 1712 1019 1791 ἐμὲ
1064 1719 1153 1771 νῦν
1202 1714 1576 1791 ποιησάμενον.
1666 1716 1731 1793 (ο)
1782 1713 2012 1781 Εὔπολις
2035 1704 2122 1773 οὗν

569 1800 721 1879 μόνος
745 1804 913 1862 αὐτῶν
941 1802 1161 1882 λειφθεὶς
1184 1804 1241 1861 οὐ
1270 1801 1432 1883 μικρὰ
1457 1804 1757 1861 ἀπολαῦσαι
1784 1806 1887 1861 τῶν
1909 1801 2124 1882 χρημά-

472 1893 541 1945 64
568 1914 672 1949 των
694 1888 940 1965 ἠξίωσεν,
965 1889 1103 1950 ἀλλὰ
1124 1889 1213 1949 τὸν
1253 1890 1348 1966 μὲν
1378 1890 1648 1963 Μνήσονος
1684 1892 1874 1971 κλῆρον
1894 1937 1910 1968 ,
1948 1882 2008 1949 οὗ
2032 1890 2124 1949 καὶ

561 1977 931 2060 Ἀπολλοδώρῳ
957 1981 1190 2057 προσῆκε
1214 1975 1272 2036 τὸ
1297 1976 1641 2058 ἡμικλήριον,
1661 1976 1834 2036 πάντα
1864 1979 1935 2045 εἰς
1958 1978 2116 2035 αὑτὸν

560 2066 930 2148 περιεποίησε,
960 2065 1173 2149 φάσκων
1204 2068 1345 2146 αὑτῷ
1376 2066 1551 2123 δοῦναι
1573 2065 1659 2124 τὸν
1690 2064 1939 2145 ἀδελφόν,
1967 2064 2122 2123 αὐτὸν

564 2155 609 2214 δ’
630 2156 820 2213 ἐκεῖνον
846 2153 980 2213 οὕτω
1000 2152 1253 2234 διῴκησεν
1280 2151 1627 2235 ἐπιτροπεύων
1650 2150 1785 2212 ὥστε
1803 2156 1958 2233 τριῶν
1982 2154 2123 2233 αὐτῷ

564 2242 833 2301 ταλάντων
860 2241 1006 2315 δίκην
1035 2244 1226 2323 ὀφλεῖν.
1314 2241 1374 2320 (7)
1398 2240 1713 2323 Ἀρχέδαμος
1735 2240 1835 2321 γὰρ
1861 2243 1889 2297 δ
1913 2239 2125 2307 πάππος

502 2344 528 2381 5
566 2328 741 2406 οὑμός,
767 2329 819 2399 ἐξ
832 2321 891 2388 οὗ
910 2327 1003 2401 τὴν
1024 2328 1227 2408 μητέρα
1248 2327 1384 2408 ἔχων
1402 2326 1499 2400 τὴν
1527 2327 1935 2408 Ἀπολλοδώρου,
1962 2326 2122 2400 τήθην

570 2414 624 2474 δὲ
650 2415 781 2493 ἐμὴν
807 2418 937 2495 ὁρῶν
970 2415 1124 2474 αὐτὸν
1149 2414 1353 2475 πάντων
1385 2414 1831 2497 ἀποστερούμενον
1848 2418 1954 2474 τῶν
1989 2436 2119 2495 χρη·

569 2503 777 2581 μάτων,
802 2502 982 2585 ἔτρεφέ
1003 2527 1059 2561 τε
1088 2504 1240 2563 αὐτὸν
1264 2505 1427 2563 παῖδα
1450 2503 1555 2563 ὄνθ’
1570 2507 1639 2572 ὡς
1668 2506 1882 2581 ἑαυτοῦ,
1910 2505 2001 2561 καὶ
2029 2501 2121 2573 τὴν

570 2590 772 2673 μητέρα
797 2592 1145 2669 κομισάμενος
1162 2637 1178 2665 ,
1203 2592 1355 2673 ἀνδρί
1376 2616 1431 2651 τε
1455 2592 1715 2673 γινομένῳ
1736 2590 2124 2669 συνηγωνίσατο

570 2678 661 2738 καὶ
708 2679 979 2759 εἰσέπραξε
1025 2679 1085 2738 τὸ
1113 2680 1423 2761 ἡμικλήριον
1467 2672 1539 2741 ὧν
1571 2682 1799 2752 Μνήσων
1846 2678 2122 2739 κατέλιπεν

569 2766 667 2827 ὅσα
686 2792 743 2826 τε
772 2770 831 2827 ἐκ
854 2772 945 2839 τ’ῆς
979 2770 1260 2849 ἐπιτροπῆς
1286 2767 1642 2849 ἀπεστέρησε,
1671 2768 1815 2835 δίκας
1842 2767 1934 2827 δύο
1961 2765 2122 2839 ἑλών,

566 2854 659 2914 καὶ
696 2852 790 2925 τὴν
814 2854 995 2913 οὐσίαν
1034 2854 1245 2928 ἐποίησε
1274 2856 1593 2935 κομίσασθαι
1620 2856 1711 2927 τὴν
1744 2859 1899 2915 αὓτοῦ
1929 2865 2122 2915 πᾶσαν.

573 2944 636 3020 (ιι)
686 2941 793 3002 Καὶ
839 2940 923 3001 διὰ
972 2947 1137 3002 ταῦτα
1185 2942 1417 3011 Εὔπολις
1459 2941 1555 3021 μὲν
1602 2944 1691 3003 καὶ
1743 2943 2124 3024 Ἀπολλόδωρος

498 3050 545 3089 ιο
566 3032 759 3110 ἐχθρῶς
785 3030 989 3111 ἔχοντες
1015 3032 1104 3091 τὸν
1132 3030 1303 3091 πάντα
1332 3031 1514 3112 χρόνον
1542 3032 1829 3092 διετέλεσαν
1870 3032 1997 3112 πρὸς
2029 3034 2122 3091 ἀλ·

568 3118 755 3190 λήλους
768 3165 783 3191 ,
806 3124 833 3179 ὁ
854 3118 907 3178 δὲ
935 3118 1148 3187 πάππος
1173 3119 1329 3198 οὑμὸς
1354 3118 1443 3179 καὶ
1465 3120 1849 3202 Ἀπολλόδωρος
1873 3122 2088 3202 φιλικῶς
2105 3166 2120 3194 ,

566 3204 746 3287 ὥσπερ
770 3212 1020 3289 προσῆκε.
1103 3212 1229 3276 Τοῖς
1249 3210 1295 3267 δ’
1316 3208 1481 3288 ἔργοις
1504 3208 1567 3267 ἄν
1583 3232 1658 3276 τις
1682 3208 2000 3289 τεκμήραιτο
2019 3207 2122 3285 μά-

566 3295 723 3352 λιστα
752 3292 830 3352 ὅτι
877 3292 1260 3377 Ἀπολλόδωρος
1286 3294 1536 3355 πέπονθεν
1565 3294 1593 3355 ὃ
1635 3297 1951 3355 ἀντευποιεῖν
1983 3294 2124 3367 ἠξίου

570 3378 687 3448 τοὺς
712 3380 895 3439 ἑαυτὸν
920 3381 1375 3461 εὐεργετήσαντας.
1461 3385 1719 3465 Συμφορᾷ
1740 3384 1841 3464 γὰρ
1862 3389 1956 3442 τοῦ
1983 3382 2125 3441 πάπ·

570 3489 671 3526 που
698 3466 1033 3547 χρησαμένου
1065 3472 1154 3528 καὶ
1177 3469 1457 3551 ληφθέντος
1486 3473 1556 3537 εἷς
1585 3470 1702 3538 τοὺς
1729 3471 2006 3547 πολεμίους
2035 3471 2124 3529 καὶ

570 3554 825 3636 χρήματα
876 3556 1186 3634 εἰσενεγκεῖν
1234 3559 1305 3623 εἷς
1336 3556 1501 3638 λύτρα
1538 3556 1629 3615 καὶ
1665 3561 1954 3637 ὁμηρεῦσαι
1995 3557 2124 3637 ὑπὲρ

488 3666 535 3705 ιο
576 3643 734 3701 αὐτοῦ
760 3640 1011 3714 ἠθέλησεν
1026 3687 1044 3715 ,
1068 3644 1162 3711 ἕως
1178 3636 1239 3704 οὗ
1258 3644 1587 3725 εὐπορήσειεν
1618 3644 1806 3713 ἐκεῖνος
1827 3644 2122 3727 τάργύριον.

574 3734 635 3811 (ο)
668 3728 762 3800 ’.Εξ
785 3730 1003 3812 εὐπόρου
1031 3756 1086 3792 τε
1128 3732 1442 3815 ἀπορωτέρω
1483 3734 1811 3816 γεγενημένῳ
1853 3734 2124 3815 συνδιῴκει

572 3818 639 3876 τὰ
669 3817 893 3892 ἐκείνου,
922 3818 1227 3896 μεταδιδοὺς
1278 3808 1350 3880 ὧν
1392 3790 1550 3899 ely-ev.
1638 3822 1731 3889 Εἷς
1772 3820 2021 3903 Κόρινθόν
2068 3846 2124 3881 τε

572 3904 945 3986 στρατεύεσθαι
975 3906 1210 3985 μέλλων,
1240 3909 1359 3967 εἴτι
1380 3908 1565 3983 πάθοι,
1594 3908 1792 3969 διέθετο
1824 3908 1922 3983 τὴν
1945 3910 2123 3971 οὐσίαν

572 3994 663 4055 καὶ
684 3995 845 4055 ἔδωκε
864 4000 929 4076 τῇ
954 3996 1147 4056 ἐκείνου
1168 3996 1262 4074 μὲν
1284 3998 1530 4079 θυγατρί,
1557 4000 1659 4081 ἐμῇ
1684 3998 1738 4057 δὲ
1760 4000 1948 4081 μητρί,
1968 4001 2125 4059 αὑτοῦ

570 4086 627 4142 δὲ
656 4083 882 4164 ἀδελφῇ,
914 4085 1081 4152 διδοὺς
1108 4088 1271 4157 αὐτὴν
1300 4086 1604 4167 Λακρατίδῃ
1633 4090 1708 4169 τῷ
1734 4092 1822 4145 νῦν
1848 4084 2124 4167 ἱεροφάντῃ

570 4170 913 4253 γεγενημένῳ.
994 4176 1242 4243 Τοιοῦτος
1282 4165 1345 4247 ἧν
1373 4176 1561 4242 ἐκεῖνος
1607 4174 1728 4255 περὶ
1751 4180 1892 4252 ἡμᾶς
1931 4172 2048 4241 τοὺς
2074 4172 2128 4243 ἒξ

573 4262 737 4338 ἀρχῆς
762 4259 917 4318 αὗτὸν
950 4258 1235 4328 σώσαντας.
1318 4260 1404 4341 (ιο)
1429 4261 1525 4329 Ὧς
1554 4262 1602 4321 δ’
1633 4264 1799 4334 ἀληθῆ
1832 4258 1970 4338 λέγω
1989 4304 2007 4333 ,
2037 4260 2127 4320 καὶ

488 4368 537 4405 ιο
568 4345 715 4413 δίκας
750 4338 883 4405 εἶλεν
924 4347 1157 4408 Εὔπολιν
1185 4348 1311 4427 δύο,
1351 4348 1445 4421 τὴν
1480 4352 1572 4428 μὲν
1606 4352 1915 4430 ἐπιτροπῆς,
1947 4348 2040 4418 τὴν
2071 4349 2124 4408 δὲ

576 4434 890 4513 ἡμικληρίου
906 4483 921 4508 ,
943 4440 1036 4494 τοῦ
1055 4436 1279 4495 πάππου
1294 4439 1743 4517 συνηγωνισμένου
1764 4436 1853 4495 καὶ
1872 4436 2126 4512 λέγοντος,

572 4520 637 4579 τά
665 4545 723 4580 τε
744 4522 997 4601 χρήματα
1048 4523 1329 4601 ἐκομίσατο
1370 4526 1437 4583 δι’
1474 4532 1615 4603 ἡμᾶς
1658 4534 1748 4584 καὶ
1791 4523 1988 4591 ταύτας
2033 4524 2126 4593 τὰς

572 4609 794 4689 χάριτας
832 4611 959 4687 ἡμῖν
998 4611 1335 4671 ἀνταπέδωκε
1350 4660 1367 4685 ,
1394 4612 1588 4671 τούτων
1630 4616 1833 4692 πρῶτον
1874 4612 2128 4691 βούλομαι

572 4697 935 4776 παρασχέσθαι
963 4697 1081 4765 τοὺς
1110 4698 1395 4779 μάρτυρας.
1434 4700 1543 4761 Καί
1566 4724 1652 4779 μοι
1682 4700 1832 4759 κάλει
1854 4700 2004 4780 δεῦρο
2033 4704 2125 4760 αὖ·

568 4808 707 4851 τους.

1176 4942 1518 4991 ΜΑΡΤΪΡΕΣ.

656 5076 725 5117 11.
766 5060 834 5119 Αἰ
862 5056 958 5137 μὲν
980 5048 1067 5117 οὖν
1097 5064 1221 5137 παρ’
1250 5061 1402 5139 ἡμῶν
1431 5059 1720 5141 εὐεργεσίαι
1756 5064 1996 5119 τοιαῦται
2035 5060 2125 5120 καὶ

574 5149 883 5218 τηλικαῦται
900 5146 961 5207 τὸ
995 5147 1207 5227 μέγεθός
1231 5150 1377 5207 εἰσιν·
1404 5152 1458 5207 αἳ
1489 5147 1543 5207 δὲ
1569 5146 1695 5230 πρὸς
1724 5151 1915 5207 ἐκεῖνον
1942 5147 2124 5228 ἔχθραι

500 5258 546 5299 ir,
574 5232 693 5315 περὶ
726 5234 981 5295 τοσούτων
1017 5235 1305 5317 χρημάτων
1339 5227 1503 5313 ἦσαν,
1542 5235 1602 5304 ἃς
1641 5238 1737 5317 οὐχ
1776 5227 1930 5296 οἶόντ’
1961 5238 2120 5295 εἰπεῖν

1322 437 1584 499 :mor
1624 438 1673 499 ο
1711 438 1891 499 ΠΕΡΙ
1935 437 2090 498 Tor
2130 433 2694 500 ΑΠΟΛΛοΔαΡοΥ
2733 424 3066 499 uapor.

553 578 723 654 ἡμῶν.
753 570 953 649 Δέομαι
981 569 1037 630 δὲ
1058 572 1201 649 ὑμῶν
1223 613 1240 644 ,
1269 558 1313 629 ὦ
1334 566 1511 649 ἄνδρες
1524 612 1541 641 ,
1576 567 1786 627 πάντων
1809 566 1998 644 ὁμοίως
2027 565 2110 626 εὖ·
2206 588 2321 637 vos,
2333 574 2544 638 judiees,
2563 589 2678 639 rogo
2697 576 2962 641 universos,
2983 579 3038 630 ut
3050 592 3188 630 aures
3208 582 3320 631 milii
3333 582 3547 645 prelibatis
3561 585 3661 635 bem..

3405 443 3492 521 (m
3510 448 3652 523 -1u}

2203 663 2338 714 volas
2352 700 2367 726 ,
2406 666 2456 717 et
2486 666 2568 716 ubi
2603 665 2711 717 iilos
2741 680 3000 731 coarguero
3037 668 3086 717 in
3110 668 3406 721 hereditatem
3437 672 3662 735 impudenter

2205 753 2475 805 involantes
2490 791 2506 816 ,
2535 756 2639 805 tum
2671 756 2788 806 mihi
2819 770 2917 821 qua
2942 770 3030 819 par
3048 758 3122 807 est
3149 759 3434 810 succurratis.
3489 762 3664 811 Dissemu

2207 844 2368 892 autem
2393 856 2540 905 quam
2563 846 2732 907 potero
2763 844 3080 907 brevissimis,
3113 859 3214 897 rem
3235 860 3264 896 a
3285 848 3490 911 principio
3511 848 3596 899 inde
3613 864 3664 898 rr·

2205 932 2396 994 petens,
2429 945 2540 995 quae
2562 932 2630 981 sic
2649 931 2809 983 liabet.

2271 1020 2316 1065 5.
2347 1017 2538 1065 Fratres
2574 1016 2712 1065 erant
2743 1014 2793 1064 1ιί
2825 1015 2925 1065 tres
2963 1016 3175 1079 germani
3190 1053 3207 1080 ,
3243 1016 3438 1080 judiees,
3469 1018 3622 1079 Eupolis
3639 1018 3672 1065 et

2207 1093 2486 1156 Thrasyllus
2511 1096 2658 1157 atque
2689 1096 2886 1145 Mneson
2920 1096 2984 1145 ab
3015 1096 3184 1146 iisdem
3219 1098 3308 1147 sati
3335 1096 3674 1161 parentibus3q1i

2207 1177 2523 1227 substantiam
2543 1178 2781 1241 ingentem
2801 1192 2830 1229 a
2847 1183 2984 1243 patre
2997 1180 3214 1231 relictam
3238 1196 3384 1243 quum
3397 1182 3504 1231 inter
3514 1196 3554 1231 se
3569 1182 3676 1230 sortiti

2209 1266 2366 1313 essent
2387 1265 2404 1321 ί
2421 1266 2552 1313 tanta
2575 1266 2736 1313 autem
2757 1267 2863 1315 erat
2881 1265 2987 1327 illa,
3011 1268 3068 1316 ut
3085 1280 3173 1317 vos
3189 1282 3272 1317 eos
3291 1268 3448 1330 dignos
3465 1268 3676 1327 censeretis,

2207 1347 2292 1409 qui
2317 1361 2520 1398 munera
2541 1349 2734 1412 publiea
2761 1353 3046 1413 sumptuosa
3077 1352 3328 1416 ederent),
3355 1353 3448 1401 duo
3463 1366 3598 1401 eorum
3619 1352 3681 1400 suh

2208 1434 2338 1487 idem
2359 1425 2552 1498 tempus
2567 1434 2670 1483 vita
2686 1434 2984 1485 excedebant
2999 1452 3014 1497 ;
3039 1439 3236 1487 Mneson
3259 1436 3444 1499 quidem
3463 1436 3507 1485 in
3521 1436 3610 1485 urbe
3621 1448 3680 1485 ω-

2208 1518 2315 1569 lebs
2333 1520 2383 1569 et
2399 1519 2632 1583 improlis,
2647 1520 2926 1582 Thrasyllus
2943 1522 3105 1571 autem
3124 1522 3176 1572 in
3195 1522 3496 1583 Sieilia,unus
3512 1522 3682 1570 etrier-ar-

2210 1602 2314 1652 etiis
2329 1602 2379 1652 in
2393 1602 2743 1666 expeditionem
2753 1604 2886 1653 illam
2901 1602 3096 1654 delectis
3107 1640 3123 1665 ,
3143 1604 3310 1653 relicto
3329 1603 3422 1654 tilio
3439 1602 3682 1666 Apollodoro,

2211 1687 2295 1751 qui
2317 1702 2397 1737 me
2419 1701 2573 1751 nuper
2595 1688 2858 1752 adoptavit.
2924 1688 2992 1751 (6)
3021 1688 3219 1751 Eupolis
3235 1690 3396 1753 itaque
3415 1690 3530 1739 solus
3547 1689 3684 1737 relictis
3711 1748 3713 1755 Ι

2210 1766 2342 1818 haud
2361 1768 2606 1832 indignum
2623 1781 2674 1819 se
2691 1768 2850 1831 duxit,
2867 1768 2926 1817 ut
2937 1768 3176 1819 bonorum
3195 1772 3378 1833 partem
3395 1770 3514 1819 haud
3528 1770 3684 1829 exiguam

2211 1852 2542 1903 interverteret
2571 1852 2846 1904 :Mnesonis
2873 1854 3003 1903 enim
3027 1854 3372 1916 hereditatem,
3393 1855 3522 1918 euius
3545 1854 3688 1903 semissis

2211 1937 2502 2001 Apollodoro
2537 1939 2866 2003 competebat,
2899 1939 2991 1991 sibi
3029 1942 3187 1992 totam
3227 1942 3484 2005 arrogavit,
3515 1942 3686 2004 praetextu

2211 2039 2326 2076 usus
2347 2040 2454 2077 eam
2471 2028 2560 2077 sibi
2578 2040 2608 2077 a
2629 2028 2778 2079 fratre
2795 2028 3000 2091 legatam
3034 2029 3184 2081 ruisse
3199 2069 3214 2093 ,
3233 2030 3472 2095 ipsiusque
3487 2028 3690 2093 Apollodori

2210 2111 2414 2162 tutelam
2431 2112 2498 2161 ita
2515 2111 2676 2175 gessit,
2697 2113 2753 2161 ut
2769 2124 2914 2162 eausa
2927 2112 3120 2163 caderet
3139 2114 3300 2165 tribus
3315 2112 3499 2164 talentis
3507 2112 3690 2167 muman

2209 2210 2324 2260 qum
2339 2196 2470 2248 illius
2487 2196 2652 2247 tutelae
2675 2196 2869 2247 nomine
2889 2196 2952 2247 ab
2969 2209 3028 2245 eo
3053 2196 3366 2259 petebantur.
3417 2200 3492 2259 ’(7)
3517 2197 3690 2247 Archadi-
3720 2192 3721 2195 ’

2211 2290 2320 2327 mus
2336 2278 2464 2329 enim
2481 2290 2600 2328 avus
2626 2291 2791 2341 meus,
2811 2278 2896 2341 qui
2924 2278 3204 2340 Apollodori
3231 2281 3433 2330 matrem
3451 2281 3495 2328 in
3509 2280 3692 2329 matrim-
3722 2292 3723 2317 1

2211 2368 2295 2418 nio
2311 2368 2508 2430 habuit,
2540 2382 2697 2419 meam
2733 2368 2918 2431 aviam,
2947 2382 3148 2419 cernens
3171 2370 3511 2432 Apollodorum
3537 2383 3562 2419 a
3587 2372 3696 2417 tutore

2213 2448 2350 2499 bonis
2365 2449 2590 2499 omnibus
2613 2448 2820 2513 privari,
2838 2460 2936 2497 una
2955 2460 3069 2497 eum
3087 2447 3195 2509 eius
3213 2450 3371 2499 matre
3387 2462 3494 2499 eum
3513 2449 3618 2498 domi
3631 2462 3698 2497 sua·

2213 2530 2393 2594 recepit
2427 2531 2574 2595 atque
2603 2530 2694 2581 sub
2725 2530 2881 2581 oeulis
2915 2530 3016 2579 suis
3045 2530 3310 2592 educavit,
3345 2530 3586 2594 puberique
3613 2528 3696 2577 iacto

2213 2615 2389 2678 praesto
2409 2614 2502 2665 ruit
2517 2612 2730 2665 actiones
2751 2614 2800 2663 in
2823 2612 3028 2675 Eupolin
3045 2613 3352 2676 exsequenti,
3371 2624 3518 2677 eoque
3537 2610 3700 2674 Eupolidi

2213 2699 2414 2750 extorsit
2435 2700 2542 2749 tum
2568 2698 2809 2748 semissem
2840 2696 3119 2747 hereditatis
3135 2710 3167 2747 a
3187 2700 3416 2747 Maesone
3433 2696 3614 2755 relietae,
3630 2695 3700 2742 tu·
3728 2694 3729 2701 ’

2213 2794 2271 2831 ea
2304 2781 2478 2844 quibus
2515 2783 2648 2831 tutor
2683 2780 2918 2844 pupillum
2961 2780 3299 2843 defraudaret,
3332 2780 3538 2843 adeoque
3569 2776 3704 2827 duabus

2213 2866 2480 2917 actionibus
2507 2866 2660 2916 victor
2693 2865 2852 2916 effecit
2866 2903 2882 2928 ,
2906 2868 2963 2916 ut
3001 2865 3324 2929 Apollodorus
3345 2867 3500 2916 totum
3531 2863 3706 2926 patrimo·
3732 2924 3733 2927 Ἴ

2213 2950 2349 3000 nium
2381 2951 2699 3015 recuperaret.
2768 2950 2834 3011 (8)
2859 2950 3159 3011 Quapropter
3184 2948 3383 3012 Eupolis
3410 2949 3546 3009 atque
3565 2942 3705 3006 Apollo·

2213 3028 2360 3080 dorus
2377 3044 2462 3093 per
2475 3032 2630 3080 totam
2649 3031 2798 3080 vitam
2811 3028 3082 3079 simultates
3097 3028 3226 3079 inter
3243 3043 3297 3079 se
3313 3030 3611 3093 agitavemnt;
3626 3038 3708 3074 aurs

2213 3112 2378 3161 autem
2409 3125 2546 3162 meus
2567 3114 2716 3175 atque
2746 3110 3088 3174 Apollodorus,
3125 3113 3274 3173 prout
3305 3126 3394 3175 par
3419 3115 3515 3163 erat
3529 3149 3543 3175 ,
3571 3122 3708 3171 semper

2216 3200 2348 3251 suere
2363 3200 2754 3262 coniunctissimi.
2821 3202 3006 3249 Verum
3031 3197 3146 3261 ipsis
3165 3212 3196 3248 e
3227 3200 3376 3251 rebus
3401 3200 3536 3263 gestis
3555 3196 3712 3246 maxime

2215 3282 2523 3345 intelligatur,
2543 3296 2688 3346 quam
2724 3282 2893 3332 sedulo
2918 3281 3158 3332 studuerit
3184 3281 3501 3345 Apollodorus
3521 3282 3710 3341 acceptam

2213 3367 2414 3431 gratiam
2440 3366 2688 3417 demereri.
2725 3371 2854 3417 Avus
2877 3366 3008 3415 enim
3024 3378 3082 3415 ea
3098 3378 3256 3428 quum
3283 3368 3408 3416 esset
3436 3364 3552 3415 ictus
3566 3359 3712 3412 calami·

2214 3458 2316 3507 tate
2337 3458 2392 3505 ut
2417 3456 2481 3505 ab
2501 3454 2721 3505 hostibus
2755 3454 3025 3517 caperetur,
3058 3452 3122 3501 ad
3139 3451 3410 3503 redimendi
3437 3452 3534 3513 ejus
3557 3447 3716 3512 pretium

2214 3537 2276 3587 de
2309 3550 2400 3588 suo
2443 3534 2658 3585 conferre
2689 3547 2785 3583 non
2819 3532 3062 3583 dubitavit
3103 3532 3425 3595 Apollodorus
3461 3530 3716 3591 obsidemque

2215 3630 2380 3681 agere,
2405 3615 2556 3666 donee
2575 3616 2655 3666 ille
2683 3616 2836 3665 totam
2861 3626 3101 3665 summam
3119 3613 3228 3663 aeris
3242 3614 3488 3676 coegisset.
3549 3614 3608 3673 (9)
3627 3615 3720 3659 Avo·

2214 3710 2311 3765 que
2329 3713 2357 3750 e
2379 3698 2587 3763 pristinis
2611 3698 2762 3761 copiis
2778 3698 2840 3748 ad
2856 3698 3027 3747 incitas
3045 3696 3266 3759 redacto,
3287 3698 3340 3747 in
3367 3712 3422 3748 re
3443 3697 3540 3759 ejus
3559 3690 3720 3757 gerenda

2215 3792 2410 3848 operam
2429 3782 2655 3843 navavit,
2689 3781 2764 3831 sui
2786 3780 3061 3843 patrimonii
3093 3780 3280 3842 eopiam
3315 3780 3362 3831 ei
3385 3781 3550 3831 faciens
3583 3800 3593 3827 ι
3621 3774 3720 3826 etad

2215 3865 2568 3929 expeditionem
2603 3862 2958 3915 corinthiacam
2992 3862 3326 3925 proficiscens,
3365 3859 3654 3913 constituebat
3677 3854 3722 3903 de

2215 3948 2480 4001 substantia
2505 3954 2592 3998 sua
2605 3984 2620 4009 ,
2655 3960 2858 4011 eamque
2871 3983 2885 4008 ,
2911 3947 2950 3995 si
2985 3946 3102 4009 quid
3133 3946 3224 3996 sibi
3257 3948 3414 3997 secius
3445 3944 3720 4005 contingeret,

2215 4035 2366 4085 sorori
2393 4044 2494 4085 suoe
2511 4072 2526 4097 ,
2549 4046 2659 4097 quae
2691 4032 2858 4083 eadem
2881 4032 2962 4082 avi
2994 4032 3088 4081 mei
3121 4031 3247 4096 iilia,
3273 4035 3324 4082 et
3355 4032 3474 4083 mihi
3494 4033 3630 4080 mater
3645 4032 3720 4085 est,

2216 4114 2401 4177 legabat
2416 4150 2432 4175 ,
2461 4126 2666 4175 eamque
2695 4110 2990 4161 Leocratidae
3003 4147 3018 4172 ,
3051 4110 3137 4173 qui
3171 4123 3304 4160 nune
3339 4108 3628 4172 hierophanta
3645 4106 3722 4163 est,

2214 4192 2422 4255 nuptum
2440 4190 2674 4241 elocabat.
2741 4190 2846 4238 Boe
2867 4188 2948 4238 ille
2974 4187 3136 4239 animo
3154 4200 3268 4250 erga
3293 4200 3384 4237 nos
3411 4187 3522 4247 fuit,
3545 4186 3616 4248 qui
3633 4194 3722 4231 eum

2217 4283 2246 4321 a
2264 4268 2498 4333 principio
2529 4276 2871 4317 servassemus.
2937 4266 3036 4328 (ιο)
3066 4269 3176 4324 Quo
3200 4265 3340 4315 vobis
3369 4268 3527 4314 autem
3550 4260 3718 4313 consid.

2213 4350 2400 4413 judiees
2417 4386 2432 4411 ,
2461 4349 2566 4398 haee
2584 4362 2614 4397 a
2639 4360 2720 4397 me
2738 4358 2852 4396 vera
2872 4344 2966 4394 diei
2980 4380 2994 4406 ,
3027 4348 3078 4394 et
3095 4344 3168 4394 bis
3195 4344 3258 4393 ab
3279 4342 3561 4407 Apollodoro
3577 4338 3720 4387 victum

2217 4430 2266 4478 in
2288 4430 2390 4478 foro
2407 4427 2550 4477 fuisse
2571 4426 2774 4487 Eupoliu
2790 4462 2804 4483 ,
2823 4422 2970 4473 semel
2985 4422 3128 4472 titulo
3149 4422 3272 4472 male
3287 4422 3436 4485 gestae
3454 4418 3629 4475 tutelae,
3641 4418 3720 4462 tum

2217 4521 2385 4561 rursus
2403 4508 2679 4561 interveram
2701 4506 2908 4558 semissis
2925 4506 3165 4555 bonorum
3182 4517 3214 4553 a
3230 4506 3458 4554 Maesone
3473 4501 3719 4551 relictorum.

2217 4604 2308 4642 avo
2347 4602 2456 4639 meo
2492 4596 2686 4638 causam
2724 4584 2997 4648 Apollodori
3036 4586 3254 4633 oratione
3288 4580 3571 4644 adjuvante,
3603 4584 3722 4635 eoque

2217 4670 2357 4733 paeto
2380 4666 2723 4730 Apollodorum
2743 4664 2870 4714 bona
2885 4676 2974 4713 sua
2993 4674 3292 4725 recuperasse
3307 4698 3322 4722 ,
3347 4670 3438 4724 pro
3461 4660 3600 4721 iisque
3613 4653 3724 4702 bene·

2218 4748 2338 4797 liciis
2355 4760 2414 4797 eo
2438 4758 2535 4809 quo
2557 4745 2658 4793 dixi
2679 4741 2825 4791 modo
2869 4741 3047 4803 gratias
3059 4740 3302 4799 retulisse,
3350 4740 3522 4789 horum
3548 4740 3726 4785 ommam

2217 4838 2303 4888 ego
2321 4826 2466 4875 testes
2483 4821 2760 4887 producam.
2825 4820 2931 4869 cita
2948 4820 3003 4868 tu
3021 4817 3138 4867 mihi
3159 4816 3262 4866 lios.

2873 4948 3114 4991 TESTBS.

2281 5068 2357 5125 η.
2392 5066 2510 5113 Haec
2535 5064 2669 5111 tanta
2703 5061 2839 5109 erant
2875 5056 3105 5109 beneficia
3125 5072 3156 5107 a
3177 5056 3312 5107 nobis
3342 5055 3393 5105 in
3425 5048 3728 5116 Apollodorum

2215 5147 2388 5203 collata
2410 5171 2422 5201 ε
2442 5149 2699 5202 simultatis
2717 5162 2849 5211 vero,
2868 5160 2980 5211 quae
2997 5146 3084 5209 ipsi
3104 5160 3214 5196 eum
3235 5142 3464 5207 Eupolide
3481 5132 3728 5191 intercessit,

2213 5240 2264 5292 in
2283 5252 2426 5291 eausa
2449 5232 2540 5291 fuit
2569 5238 2697 5289 fraus
2727 5250 2824 5301 qua
2853 5235 2934 5287 hie
2959 5236 3098 5287 iilum
3123 5248 3176 5285 re
3203 5234 3303 5284 tam
3331 5232 3464 5281 lauta
3487 5224 3728 5279 fraudatum
