3825 5842
447 421 520 473 24
1349 476 1355 485 ,
1552 410 2055 475 ΔΝΤΙΦΩΝἹῸΣ
2095 413 2348 476 ΛΟΓΟΣ
2389 415 2460 475 Ε.

446 541 606 611 ξαντα
634 539 714 602 ὅτι
743 540 1013 601 ἀδικεῖται·
1049 539 1138 602 τόν
1166 563 1224 600 τε
1247 539 1500 622 φεύγοντα
1530 539 1732 602 ἀνόσιον
1757 541 1961 602 ἁλῶναι
1978 587 1995 614 ,

447 629 520 706 μὴ
543 621 781 712 ’φανερῶς
815 627 1126 709 ἐλεγχθέντα
1158 627 1194 687 ἃ
1223 629 1568 692 ἐπικαλεῖται.
1654 630 1750 708 (ιο)
1782 629 1996 692 oswal

443 717 499 778 δὲ
525 721 585 778 ἐκ
606 717 798 786 παντὸς
822 717 1014 800 τρόπου
1034 721 1137 778 τῶν
1159 715 1502 794 ἐγκλημάτων
1529 716 1886 796 ἀπολυομένου
1903 723 1996 779 τοῦ

445 805 656 888 ἀνδρός,
685 809 837 885 ἡμεῖς
863 805 1134 886 ὁσιώτερον
1175 805 1296 883 ὑμῖν
1322 803 1711 885 ἐπισκήπτομεν
1739 806 1869 887 ὑπὲρ
1899 809 1996 866 αὖ-

439 901 563 971 «eoa,
609 895 684 973 μὴ
712 897 798 955 τὸν
843 894 1002 974 φονέα
1043 899 1321 967 ζητοῦντας
1359 893 1596 966 κολάζειν
1634 894 1720 955 τὸν
1765 895 1993 978 καθαρὸν

441 985 780 1046 ἀποκτείνειν.
863 983 935 1043 Ὅ
960 1007 1016 1043 τε
1042 982 1141 1062 γὰρ
1171 983 1477 1054 ἀποκτείνας
1505 983 1685 1045 τούτου
1713 985 1995 1045 ἀποθανόν-

362 1094 413 1134 10
437 1096 521 1141 τος
547 1072 693 1133 οὐδὲν
715 1066 874 1146 ἧσσον
899 1076 1007 1139 τοῖς
1033 1070 1213 1139 αἰτίοις
1232 1072 1614 1154 προστρόπαιός
1645 1076 1785 1134 ἐστιν
1801 1119 1820 1154 ,
1848 1063 1997 1143 οὗτός

436 1188 494 1223 τε
520 1163 736 1231 ἀνοσίως
763 1159 1058 1244 διαφθαρεὶς
1089 1159 1360 1220 διπλάσιον
1389 1161 1664 1236 καθίστησι
1698 1162 1759 1222 τὸ
1784 1161 1994 1241 μίασμα
2048 1236 2053 1242 .

436 1255 541 1311 τῶν
573 1250 850 1332 ἀλιτηρίων
882 1256 990 1318 τοῖς
1024 1247 1388 1308 ἀποκτείνασιν
1425 1248 1602 1313 αὐτόν.
1687 1248 1775 1332 (11)
1809 1253 1995 1313 Ταῦτα

395 1407 400 1414 ,
435 1330 525 1400 οὖν
563 1338 782 1408 δεδιότες
806 1338 893 1399 τὸν
922 1337 1016 1414 μὲν
1044 1337 1272 1419 καθαρὸν
1320 1338 1570 1420 ὑμέτερον
1606 1345 1816 1419 ἡγεῖσθε
1859 1331 1994 1402 εἶναι

435 1426 676 1487 ἀπολύειν
708 1431 800 1498 τ’ῆς
826 1424 1020 1498 αἰτίας,
1048 1423 1136 1485 τὸν
1166 1425 1221 1485 δὲ
1248 1427 1435 1508 μιαρὸν
1463 1430 1538 1509 τῷ
1565 1427 1738 1510 χρόνῳ
1763 1429 1987 1489 ἀποδόν-

433 1538 516 1584 τες
542 1520 700 1597 φῆναι
727 1523 831 1582 τοῖς
859 1513 1072 1594 ἔγγιστα
1115 1519 1456 1595 τιμωρεῖσθαι
1495 1515 1818 1576 ὑπολείπετε·
1857 1517 1994 1576 οὕτω

421 1602 524 1684 γὰρ
553 1602 856 1663 δικαιότατα
879 1601 966 1662 καὶ
1003 1600 1262 1662 ὁσιώτατα
1311 1601 1552 1684 πράξαιτ’
1577 1603 1660 1666 ἄν.

1175 1905 1244 1964 Ε.

358 2078 408 2119 ιε
679 2064 863 2124 ΠΕΡΙ
904 2063 1056 2125 ΤΟΥ
1099 2063 1407 2125 timeor
1450 2065 1739 2127 ΦΟΝΟΥ.

1058 2237 1387 2284 ΥΠΟΘΕΣῘΣ.

349 2401 406 2444 ιο
428 2389 570 2446 Ἕλος
592 2405 660 2445 τις
679 2388 991 2444 Μυτιληναῖος
1020 2387 1134 2452 ἀνὴρ
1169 2387 1216 2444 ἐξ
1243 2388 1444 2446 Ἀθηνῶν
1466 2387 1588 2436 κατὰ
1610 2387 1776 2439 ταύτὸν
1799 2389 1994 2451 ἀνήγετο

490 2459 676 2525 Ἡρώδῃ
698 2459 763 2515 εἰς
780 2459 864 2516 τὴν
891 2457 1026 2508 Αἶνον
1055 2471 1066 2484 ·
1093 2461 1156 2516 ὡς
1183 2459 1233 2508 δὲ
1263 2458 1474 2516 πλέοντες
1501 2459 1710 2520 ἐγένοντο
1739 2458 1788 2510 ἐν
1807 2467 1865 2524 τῇ
1891 2463 1993 2520 Μη·

495 2529 642 2593 θύμνῃ
660 2532 742 2587 τῆς
759 2528 967 2589 Δέσὸου,
977 2528 1136 2586 ἐπειδὴ
1151 2528 1439 2590 ἀστέγαστον
1457 2528 1514 2588 ἦν
1531 2530 1584 2579 τὸ
1595 2530 1776 2592 πλοῖον,
1790 2531 1994 2594 εὑρόντες

493 2600 647 2664 ἕτερον
664 2598 1003 2660 ἐστεγασμένον
1029 2599 1305 2662 μετέδησαν.
1371 2599 1687 2650 Εἰσελθόντων
1710 2601 1758 2650 δὲ
1774 2601 1927 2651 αὐτῶν
1945 2602 1993 2652 έν

493 2671 621 2732 αὐτῷ
635 2669 789 2728 ἐξῆλθε
800 2669 903 2732 περὶ
913 2669 995 2727 τὴν
1007 2669 1205 2732 ἑσπέραν
1225 2671 1252 2718 ὁ
1270 2671 1481 2732 Ἡρώδης
1501 2671 1581 2720 καὶ
1602 2670 1758 2720 οὐκέτι
1768 2672 1990 2731 εἰσῆλθεν.

492 2737 852 2794 Ἐπανελθόντος
892 2737 974 2787 οὗν
1009 2738 1152 2788 αὐτοῦ
1174 2743 1258 2788 τοῦ
1284 2739 1429 2788 ’Ἑλου
1463 2738 1606 2802 μόνου
1619 2777 1634 2802 ,
1676 2742 1722 2788 ol
1761 2747 1993 2804 συγγενεῖς

493 2814 578 2859 τοῦ
594 2809 949 2866 τελευτήσαντος
981 2807 1239 2873 ἐγράψαντο
1263 2807 1346 2871 μὲν
1363 2809 1443 2857 τὸν
1460 2809 1601 2858 ’Ἐλον
1620 2811 1684 2866 ὡς
1701 2815 1963 2874 κακοῦργον
1976 2848 1992 2874 ,

495 2880 544 2928 ἐν
561 2881 611 2929 δὲ
637 2883 706 2942 τῷ
725 2877 1009 2941 δικαστηρίῳ
1029 2877 1358 2941 ἀγωνιζόμενοι
1393 2877 1525 2927 εῐπον
1538 2913 1553 2940 ,
1577 2878 1648 2927 ὅτι
1674 2879 1754 2927 καὶ
1774 2878 1993 2930 ἀπέκτει-

491 2965 565 2998 νεν
590 2947 744 2998 αὐτόν.
809 2948 868 2999 ‘O
889 2947 942 2997 δὲ
961 2948 1016 2997 τὸ
1041 2948 1124 3011 μὲν
1145 2953 1227 3006 τῆς
1244 2947 1526 3008 κακουργίας
1550 2947 1764 3010 ἔγκλημα
1793 2947 1990 3000 ἀπολύε-

493 3036 572 3068 ται
599 3024 961 3084 παραγραφικῶς
978 3054 994 3079 ,
1017 3019 1165 3080 λέγων
1187 3019 1473 3083 κακούργους
1505 3018 1622 3068 εἶναι
1653 3019 1760 3076 τοὺς
1789 3021 1991 3078 κλέπτας

492 3091 573 3138 καὶ
590 3088 888 3150 λωποδύτας,
923 3089 990 3137 ὧν
1017 3091 1149 3138 οὐδὲν
1172 3088 1411 3146 ἀπέδειξαν
1435 3105 1494 3152 με
1530 3089 1795 3149 ποιήσαντα
1809 3105 1824 3119 ·
1849 3107 1984 3155 μετα·

493 3159 641 3209 δαίνει
677 3159 720 3208 δ’
740 3159 816 3208 ἐπὶ
838 3161 923 3218 τὴν
941 3159 1056 3224 ὑπὲρ
1077 3163 1160 3209 τοῦ
1179 3158 1319 3223 φόνου
1338 3159 1618 3222 ἀπολογίαν,
1641 3161 1722 3210 καὶ
1739 3177 1992 3225 στοχαστι-

493 3235 588 3286 κῶς
611 3228 902 3292 ἀγωνίζεται.
967 3230 1040 3279 Τὰ
1057 3230 1106 3278 δὲ
1127 3229 1207 3279 ἀπ’
1229 3229 1372 3293 ἀρχῆς
1405 3229 1512 3293 ἄχρι
1533 3231 1691 3286 τέλους
1712 3231 1864 3280 κοινά.

345 3375 398 3416 25
510 3349 844 3428 Ἐὅουλόμην
877 3350 970 3428 μὲν
989 3397 1004 3423 ,
1033 3340 1076 3410 ὦ
1101 3348 1313 3430 ἄνδρες,
1341 3349 1437 3424 τὴν
1467 3349 1684 3429 δύναμιν
1705 3357 1796 3412 τοῦ
1820 3351 1987 3431 λέγειν

431 3438 521 3497 καὶ
545 3436 636 3509 τὴν
670 3437 943 3518 ἐμπειρίαν
976 3441 1078 3496 τῶν
1107 3437 1435 3520 πραγμάτων
1481 3437 1534 3504 ἐξ
1563 3437 1676 3498 ἴσου
1708 3463 1795 3518 μοι
1827 3446 1987 3500 καθε-

431 3525 619 3586 στάναι
647 3529 712 3604 τῇ
740 3548 797 3584 τε
833 3534 1074 3606 συμφορᾷ
1100 3525 1190 3584 καὶ
1222 3533 1325 3592 τοῖς
1371 3527 1551 3593 κακοῖς
1579 3526 1682 3592 τοῖς
1704 3527 1985 3606 γεγενημέ-

428 3637 531 3683 νοις
546 3633 560 3648 ·
593 3618 679 3673 νῦν
696 3611 749 3672 δὲ
764 3618 853 3672 τοῦ
875 3611 969 3692 μὲν
994 3613 1318 3693 πεπείραμαι
1337 3613 1472 3694 πέρα
1495 3619 1587 3673 τοῦ
1613 3615 1985 3696 προσήκοντος,

349 3735 404 3776 80
429 3706 518 3760 τοῦ
548 3699 602 3759 δὲ
630 3699 803 3772 ἐνδεής
831 3702 938 3778 εἰμι
964 3703 1162 3778 μᾶλλον
1195 3707 1286 3760 τοῦ
1303 3700 1666 3782 συμφέροντος.
1696 3703 1758 3781 (2)
1782 3693 1864 3764 Οἷ
1887 3703 1985 3781 μὲν

371 3781 403 3804 ⁸
427 3788 530 3870 γάρ
558 3811 625 3865 με
643 3787 746 3847 ἔδει
765 3793 1080 3847 κακοπαθεῖν
1103 3792 1180 3870 τῷ
1201 3788 1408 3866 σώματι
1433 3789 1567 3868 μετὰ
1588 3794 1682 3863 τῆς
1704 3791 1871 3859 αἰτίας
1891 3797 1989 3865 τῆς

427 3879 488 3937 οὐ
509 3875 901 3957 προσηκούσης,
925 3878 1160 3937 ἐνταυθοῖ
1183 3873 1329 3937 οὐδέν
1354 3901 1422 3956 με
1447 3878 1762 3959 ὠφέλησενή
1792 3880 1982 3957 ἔμπει-

431 3964 546 4045 ρία·
629 3954 688 4023 οὗ
716 3963 773 4023 δέ
795 3987 861 4042 με
886 3965 961 4022 δεῖ
985 3969 1215 4037 σωθῆναι
1239 3964 1371 4043 μετὰ
1395 3970 1488 4039 τῆς
1507 3965 1752 4038 ἀληθείας
1774 3965 1984 4027 εἰπόντα

426 4051 494 4113 τὰ
516 4051 799 4132 γενόμενα,
831 4054 883 4110 ἐν
907 4050 1076 4134 τούτῳ
1117 4076 1184 4131 με
1216 4051 1437 4133 βλάπτει
1467 4059 1501 4126 ἡ
1542 4059 1632 4114 τοῦ
1661 4052 1828 4131 λέγειν
1858 4056 1986 4114 ἀδυ-

427 4141 610 4224 ναμία.
696 4141 759 4220 (a)
785 4139 984 4200 Πολλοὶ
1009 4140 1111 4222 γὰρ
1151 4141 1252 4214 ἤδη
1280 4145 1383 4201 τῶν
1407 4145 1463 4202 οὗ
1494 4141 1791 4220 δυναμένων
1815 4143 1985 4222 λέγειν

431 4230 639 4288 ἄπιστοι
666 4227 932 4307 γενόμενοι
964 4237 1067 4296 τοῖς
1096 4229 1338 4301 ἀληθέσιν
1359 4274 1375 4302 ,
1409 4233 1582 4299 αὗτοῖς
1607 4229 1804 4300 τούτοις
1832 4231 1983 4292 ἀπώ-

427 4321 606 4389 λοντο,
635 4318 693 4375 οὗ
734 4315 1007 4394 δυνάμενοι
1052 4317 1289 4388 δηλῶσαι
1330 4319 1463 4378 αὐτά
1479 4342 1492 4357 ·
1575 4321 1759 4380 πολλοὶ
1788 4317 1842 4379 δὲ
1879 4325 1981 4380 τῶν

347 4427 400 4469 as
427 4402 596 4484 λέγειν
615 4402 912 4482 δυναμένων
930 4404 1104 4464 πιστοὶ
1121 4404 1385 4483 γενόμενοι
1407 4410 1481 4488 τῷ
1497 4406 1794 4489 ψεύδεσθαι,
1810 4406 1981 4491 τούτῳ

426 4491 698 4565 ἐσώθησαν
721 4537 739 4570 ,
766 4490 895 4552 διότι
935 4491 1237 4574 ἐψεύσαντο.
1319 4493 1544 4574 Ἀνάγκη
1593 4489 1706 4571 οὗν,
1751 4495 1875 4556 ὅταν
1908 4521 1985 4567 τις

427 4581 636 4659 ἄπειρος
662 4570 698 4659 ᾗ
719 4582 811 4637 τοῦ
833 4579 1196 4659 ἀγωνίζεσθαι,
1216 4579 1302 4639 ἐπὶ
1322 4585 1427 4649 τοῖς
1452 4587 1553 4642 τῶν
1581 4582 1884 4664 κατηγόρων
1902 4584 1983 4644 λό·

425 4692 532 4746 γοις
561 4659 691 4726 εἶναι
721 4668 919 4746 μᾶλλον
942 4664 977 4738 ἢ
1006 4669 1087 4748 ἐπ’
1117 4671 1289 4736 αὗτοῒς
1311 4678 1416 4737 τοῖς
1438 4669 1604 4782 ἔργοις
1627 4669 1718 4728 καὶ
1747 4675 1814 4750 τῇ
1843 4669 1979 4742 ἀλη..

425 4757 538 4838 θείᾳ
565 4759 668 4815 τῶν
691 4755 1032 4837 πραγμάτων.
1068 4756 1134 4838 (4)
1162 4757 1307 4836 Ἐγὼ
1329 4749 1436 4832 οὖν,
1459 4783 1503 4818 ω
1533 4758 1732 4840 ἄνδρες,
1767 4757 1977 4831 αἰτήσο·

426 4870 524 4925 μαι
542 4849 678 4923 ὑμᾶς
691 4890 706 4917 ,
721 4846 819 4926 οὔχ
834 4845 966 4926 ἅπερ
991 4849 1037 4905 οἱ
1059 4847 1244 4906 πολλοὶ
1263 4850 1364 4906 τῶν
1387 4845 1775 4926 ἀγωνιζομένων
1786 4851 1977 4927 ἀκροᾶ·

426 4939 545 4995 σθαι
569 4935 714 5014 σφῶν
730 4933 899 4990 αὐτῶν
911 4937 1200 5011 αἰτοῦνται,
1224 4933 1367 5014 σφίσι
1391 4934 1486 5012 μὲν
1507 4937 1678 5000 αὐτοῖς
1698 4938 1976 4994 ἀπιστοῦν-

349 5053 401 5090 to
423 5046 504 5090 τες
522 5067 539 5099 ,
570 5025 713 5099 ὑμῶν
735 5019 790 5078 δὲ
817 5021 1302 5101 προκατεγνωκότες
1330 5019 1506 5081 ἄδικόν
1534 5046 1584 5081 τι
1609 5021 1625 5103 (
1639 5021 1772 5091 εἰκὸς
1797 5021 1897 5104 γὰρ
1922 5026 1976 5083 ἐν

425 5107 642 5187 ἀνδράσι
664 5132 723 5186 γε
749 5111 961 5187 ἀγαθοῖς
974 5109 1064 5168 καὶ
1084 5110 1204 5168 ἄνευ
1227 5115 1318 5182 τῆς
1333 5109 1585 5182 αἰτήσεως
1609 5109 1702 5184 τὴν
1730 5111 1978 5193 ἀκρόασιν

426 5195 674 5276 ὑπάρχειν
701 5205 806 5265 τοῖς
833 5196 1139 5279 φεύγουσιν,
1165 5189 1326 5280 οἷπερ
1361 5197 1450 5259 καὶ
1479 5201 1524 5259 οἱ
1557 5198 1825 5268 διώκοντες
1863 5199 1979 5260 ἔτυ-

3348 417 3636 498 ‹vox-m)

2082 547 2153 598 ita
2180 545 2385 610 impium
2416 545 2561 598 merit
2598 560 2736 598 reum
2773 547 3093 602 condemnare
3109 585 3125 612 ,
3168 549 3251 613 qui
3282 563 3381 601 non
3396 553 3656 617 perspicue

2086 633 2231 687 merit
2269 633 2597 686 incusatorum
2636 637 2907 698 coargutus.
2970 637 3069 701 (ιο)
3096 638 3252 688 Medis
3284 638 3451 703 itaque
3490 641 3653 692 omni-

2082 725 2176 776 bus
2220 723 2352 776 bunc
2400 723 2560 774 virum
2612 724 2675 774 ab
2710 723 2805 774 boc
2856 725 3057 776 crimine
3110 721 3500 793 absolventibus,
3562 743 3656 781 nos

2083 827 2172 878 pro
2197 825 2256 864 eo
2278 812 2544 877 religiosius
2560 812 2697 863 vobis
2722 812 3041 877 injungimus,
3060 815 3145 878 ut,
3168 815 3417 867 studentes
3446 818 3651 868 homiui.

2083 901 2196 952 dam
2222 901 2420 966 punire,
2444 901 2683 952 insontem
2704 901 2872 951 toliere
2898 915 2959 952 ne
2978 903 3255 967 properetis.
3321 907 3444 958 Nam
3470 919 3653 958 manes

2084 989 2319 1054 perempti
2340 989 2400 1053 (Ρ)
2412 1025 2428 1052 ,
2454 989 2549 1040 hoc
2582 991 2803 1052 mortuo,
2837 989 2987 1040 nihilo
3007 991 3173 1043 minus
3195 993 3475 1046 auctoribus
3504 995 3653 1045 cadis

2084 1078 2257 1129 infensi
2276 1079 2421 1128 erunt
2444 1114 2461 1141 ,
2479 1077 2562 1128 bic
2578 1090 2693 1128 vero
2708 1090 2796 1142 per
2808 1077 2943 1129 netas
2964 1072 3201 1144 supplicio
3217 1081 3424 1132 affectus
3440 1082 3649 1134 alterum

2083 1167 2315 1228 excitabit
2339 1167 2585 1230 piaculum
2606 1166 2898 1218 occisoribus
2934 1167 3049 1219 suis.
3117 1169 3159 1232 (ι
3172 1169 3215 1233 1)
3252 1173 3368 1220 Hoec
3383 1183 3474 1224 vos
3498 1172 3647 1226 refor-

2084 1256 2349 1319 midantes,
2386 1255 2657 1307 existimate
2681 1257 2899 1306 vestrum
2930 1269 3034 1308 esse
3048 1293 3065 1321 ‚
3084 1259 3142 1308 ut
3172 1259 3413 1311 insontem
3444 1260 3651 1311 crimine

2082 1345 2369 1406 absolvat-iu
2388 1344 2634 1408 impurum
2658 1357 2772 1395 vero
2796 1344 3002 1408 tempori
3030 1347 3361 1410 permittentes
3388 1347 3650 1412 aliquando

2081 1432 2464 1497 patefaciendum
2476 1469 2492 1495 ,
2511 1431 2769 1496 relinquite
2784 1431 3016 1500 proximis
3032 1435 3267 1497 perempti
3284 1435 3571 1485 necessariis
3588 1435 3651 1485 ad

2082 1521 2317 1572 ultionem
2340 1541 2353 1571 z
2376 1520 2447 1571 sic
2472 1519 2622 1584 agatis
2640 1519 2739 1581 juri
2769 1520 2821 1571 et
2840 1518 3057 1572 humano
3082 1523 3133 1573 et
3154 1521 3323 1573 divino
3352 1523 3649 1573 convenien-

2080 1608 2276 1660 tissime.

2676 1783 3047 1806 *—

2838 1907 2890 1957 5.

2320 2055 2423 2116 DE
2465 2053 2661 2116 NECE
2701 2053 3044 2121 HERODIS
3086 2054 3396 2119 ORATIO.

2650 2237 3079 2284 ARGUMENTUM.

2134 2398 2273 2444 Heius
2316 2397 2509 2454 quidam
2556 2396 2845 2453 Mytilenaeas
2871 2396 3064 2443 Athenis
3084 2396 3247 2442 eadem
3266 2399 3377 2442 navi
3412 2407 3523 2444 cnm
3558 2399 3649 2444 He-

2136 2477 2246 2523 rode
2272 2479 2434 2523 AEuum
2451 2476 2590 2522 solvit
2612 2491 2625 2520 z
2646 2486 2754 2522 cum
2773 2476 3037 2532 navigando
3054 2475 3375 2533 Methymnam
3393 2477 3527 2524 Lesbi
3544 2488 3651 2533 per-

2137 2557 2393 2612 venissent,
2422 2557 2642 2614 quoniam
2682 2555 2815 2600 navis
2842 2557 2961 2602 tecta
2988 2566 3081 2601 non
3118 2557 3238 2609 erat,
3258 2557 3395 2602 aliam
3430 2559 3651 2614 opertam

2135 2637 2416 2682 invenientes
2439 2636 2825 2683 conscenderunt·
2882 2638 3037 2694 Quam
3061 2637 3281 2694 ingressi,
3315 2639 3439 2684 circa
3459 2641 3649 2686 noctem

2134 2715 2319 2762 Herode
2343 2727 2528 2774 egresso
2565 2727 2717 2772 neque
2750 2716 2950 2773 amplius
2976 2717 3287 2773 ingrediente,
3308 2718 3515 2775 Heloque
3538 2719 3651 2774 ipso

2132 2795 2232 2841 solo
2253 2795 2475 2841 redeunte
2488 2827 2501 2850 ‚
2532 2795 2697 2841 aflines
2716 2795 2892 2841 mortui
2906 2796 3074 2842 Helum
3089 2797 3142 2841 ut
3158 2794 3494 2842 malesactorem
3508 2808 3651 2844 accu-

2058 2907 2087 2932 ,
2135 2875 2357 2919 severunt
2380 2887 2393 2917 ε
2414 2875 2461 2918 et
2484 2873 2728 2930 injudicio
2746 2875 2969 2919 certantes
2987 2873 3233 2929 dixerunt,
3270 2885 3377 2922 eum
3409 2875 3649 2923 Herodem

2133 2951 2429 2999 interfecisse.
2487 2953 2573 2999 Hic
2611 2962 2726 2999 vcro
2752 2953 3022 2999 translative
3058 2953 3235 2999 crimen
3272 2953 3433 3009 diluit,
3454 2954 3646 3010 dicens,

2134 3031 2452 3078 malefactores
2488 3033 2583 3078 dici
2610 3031 2737 3078 tures
2772 3034 2821 3078 et
2851 3033 3133 3089 grassatores
3148 3065 3163 3086 ,
3199 3043 3407 3090 quorum
3443 3045 3645 3090 operum

2134 3123 2208 3158 me
2223 3111 2341 3157 nibil
2370 3110 2531 3157 iecisse
2560 3110 2880 3157 ostenderunt.
2914 3111 3102 3158 Transit
3118 3110 3285 3157 deinde
3309 3111 3367 3158 ad
3393 3113 3639 3160 homicidit

2132 3191 2443 3238 defensionem
2456 3221 2470 3243 ,
2488 3192 2533 3236 et
2552 3191 2759 3236 sollerter
2788 3191 2947 3236 certat.
3002 3191 3117 3247 Qun
3146 3191 3303 3237 omnia
3344 3203 3375 3236 a
3406 3193 3641 3249 principio

2134 3282 2282 3328 usque
2298 3271 2359 3316 ad
2386 3271 2529 3316 finem
2548 3271 2660 3317 sunt
2694 3271 2979 3317 communia.

2138 3351 2323 3402 Vellem
2337 3388 2354 3414 ,
2384 3351 2503 3416 viri,
2527 3350 2898 3415 facundiamque
2918 3363 3181 3415 rerumque
3198 3364 3341 3402 usum
3376 3351 3497 3410 mibi
3516 3364 3641 3415 esse,

2076 3442 2391 3506 magnitudini
2425 3443 2667 3496 malorum
2708 3455 2927 3494 meorum
2970 3455 3135 3508 parem
3183 3462 3196 3493 ι
3238 3442 3341 3505 iam
3378 3455 3495 3494 vero
3529 3443 3645 3507 plus

2076 3536 2317 3586 malorum
2351 3537 2578 3600 expertus
2612 3548 2721 3586 sum
2754 3549 2900 3599 quam
2926 3535 3209 3599 oportebat,
3240 3534 3463 3586 facundia
3498 3549 3643 3587 careo

2077 3629 2187 3691 plus
2204 3641 2350 3692 quam
2383 3641 2515 3679 nunc
2542 3627 2842 3692 expediebat.
2912 3627 2980 3692 (2)
3008 3630 3131 3678 Nam
3147 3628 3198 3677 in
3214 3639 3407 3679 camere
3422 3641 3540 3681 usus
3557 3644 3641 3680 re-

2076 3737 2185 3772 rum
2200 3722 2268 3773 nil
2286 3721 2405 3772 mihi
2430 3722 2611 3786 profuit
2625 3759 2642 3785 ,
2664 3721 2746 3771 ubi
2762 3735 2962 3785 corpore
2978 3734 3088 3772 meo
3104 3721 3369 3774 tolerandas
3386 3723 3506 3774 mibi
3522 3725 3633 3774 sue-

2074 3816 2189 3866 runt
2218 3814 2451 3866 molestioe
2466 3853 2483 3879 ,
2505 3815 2569 3866 ob
2586 3814 2769 3866 crimen
2792 3813 2930 3878 cujus
2946 3814 3065 3865 nihil
3095 3813 3157 3864 ad
3178 3827 3258 3866 me
3282 3816 3523 3878 pertinet:
3550 3817 3639 3875 ubi

2074 3909 2237 3958 autem
2256 3907 2387 3958 salus
2410 3919 2519 3956 mea
2538 3908 2753 3956 versatur
2771 3905 2822 3955 in
2840 3907 3141 3960 enarratione
3158 3907 3229 3959 rei
3256 3911 3403 3972 gestae
3418 3922 3533 3962 cum
3550 3889 3651 3961 ve·¹

2073 4000 2215 4050 ritate
2245 3999 2588 4058 consentanea,
2612 3997 2682 4050 ibi
2720 4011 2800 4049 me
2820 3998 2954 4049 laedit
2996 3998 3289 4050 infacundis.
3358 4001 3503 4059 Quod
3537 4003 3640 4055 fieri

2072 4092 2209 4143 solet.
2276 4089 2343 4154 (a)
2374 4090 2515 4141 Multi
2542 4089 2645 4152 jam
2675 4104 2736 4140 eo
2759 4090 2891 4154 quod
2912 4103 3027 4140 vera
3042 4127 3057 4154 ,
3097 4105 3208 4154 quae
3230 4092 3431 4143 dicenda
3464 4107 3553 4158 pro
3587 4109 3639 4148 se

2072 4185 2331 4249 haherent,
2363 4198 2461 4235 non
2488 4187 2684 4248 possent
2708 4183 2885 4234 diserte
2920 4185 3145 4249 proloqui
3158 4222 3175 4248 ,
3202 4185 3349 4236 iidem
3373 4199 3473 4237 non
3498 4189 3637 4238 inve-

2071 4277 2255 4328 nientes
2270 4313 2286 4340 ,
2305 4277 2584 4340 perierunt:
2606 4275 2749 4326 multi
2770 4277 2941 4326 contra
2969 4289 3139 4328 eorum
3162 4277 3249 4340 qui
3280 4277 3506 4330 facundia
3530 4281 3635 4344 pol-

2070 4371 2173 4423 lent
2189 4370 2449 4422 mendaciis
2474 4369 2574 4420 suis
2598 4367 2744 4420 tidem
2761 4368 3069 4420 conciliantes
3080 4407 3096 4432 ,
3110 4382 3181 4422 eo
3199 4370 3301 4434 ipso
3312 4408 3329 4434 ,
3349 4371 3481 4435 quod
3499 4385 3635 4424 men-

2070 4465 2293 4526 tirentur,
2326 4463 2447 4514 salvi
2477 4461 2809 4514 discesserunt.
2866 4464 3065 4514 Necesse
3090 4463 3235 4527 igitur
3258 4465 3334 4514 est
3356 4463 3543 4519 bomini
3576 4466 3636 4518 ab

2070 4570 2163 4608 usu
2198 4556 2484 4620 eloquentiae
2520 4555 2721 4606 sorensis
2736 4554 2968 4606 destituto
2988 4591 3005 4618 ,
3034 4557 3092 4606 ut
3124 4556 3315 4607 fortuna
3352 4571 3458 4620 ejus
3488 4559 3637 4626 magis

2070 4663 2215 4716 penes
2237 4649 2540 4701 accusatores
2565 4661 2713 4711 quam
2741 4660 2886 4711 penes
2912 4662 3075 4698 rerum
3110 4650 3352 4712 gestarum
3378 4650 3635 4703 veritatem

2068 4745 2148 4797 sit.
2179 4743 2246 4807 (4)
2270 4746 2430 4802 Quare
2446 4755 2535 4792 vos
2550 4755 2685 4805 rogo,
2698 4741 2903 4804 judices,
2923 4754 3021 4792 non
3044 4741 3174 4804 quod
3194 4742 3412 4807 plerique
3442 4755 3635 4792 reorum

2070 4849 2235 4900 rogare
2264 4849 2352 4888 vos
2382 4835 2569 4899 solent,
2590 4835 2647 4884 ut
2674 4834 2841 4885 audire
2873 4847 2925 4884 se
2946 4835 3129 4899 velitis,
3152 4836 3297 4898 -quasi
3332 4848 3494 4887 causoe
3532 4849 3635 4887 suae

2068 4929 2341 4980 diffidentes
2378 4929 2688 4992 vestramque
2722 4926 3061 4978 addubitantes
3100 4928 3380 4991 aequitatem
3418 4929 3438 4991 (
3468 4941 3627 4992 quum

2068 5025 2229 5073 tamen
2246 5022 2619 5072 consentaneum
2647 5021 2709 5072 sit
2733 5034 2839 5072 reos
2855 5057 2870 5084 ,
2888 5033 3052 5071 coram
3072 5020 3187 5071 viris
3218 5020 3435 5072 honestis
3456 5019 3625 5072 dicen-

2071 5119 2172 5178 tes,
2212 5117 2356 5166 etiam
2376 5115 2479 5165 sine
2505 5114 2763 5164 audientiae
2786 5115 3118 5177 deprecatione
3140 5114 3190 5163 id
3214 5113 3343 5163 idem
3376 5115 3633 5177 consequi,

2066 5209 2197 5276 quod
2214 5210 2519 5261 accusatores
2530 5208 2711 5272 absque
2732 5208 2955 5271 precibus
2972 5207 3327 5271 adipiscuntur)
3342 5233 3399 5243 —
3420 5225 3433 5258 z
3460 5205 3529 5270 (5)
3550 5205 3634 5256 sed
