3825 5842
25 532 268 615 ‹ew-00>

701 700 1014 753 ΨΗΦῙΣΜΑ.

96 886 174 927 τι.
201 860 404 925 Τουτὶ
426 858 494 919 τὸ
513 856 764 940 ψήφισμα
793 852 822 912 ὃ
847 849 1104 925 ἠκούσατε
1131 844 1485 929 ψηφισάμενοί
1509 864 1627 921 μοι,

19 948 62 1015 ὦ
87 952 420 1025 Ἀθηναῖοι,
451 946 672 1025 ὕστερον
705 942 975 1023 ἀφείλεσθε
999 938 1154 1018 χάριν
1190 933 1350 1016 ἑτέρῳ
1372 931 1628 1013 φέροντες.

21 1041 296 1104 Πείθεσθε
325 1028 434 1097 οὖν
459 1058 589 1113 μοι,
616 1031 708 1091 καὶ
731 1030 834 1103 ἤδη
857 1026 1130 1087 παύσασθε
1157 1020 1206 1081 εἴ
1232 1046 1308 1103 τῳ
1344 1023 1489 1099 ὑμῶν
1512 1017 1624 1077 διά-

23 1130 178 1189 Εολόν
200 1154 264 1187 τι
289 1129 356 1185 ἐν
391 1128 466 1203 τῇ
492 1118 684 1200 γνώμῃ
703 1117 825 1199 περὶ
850 1118 978 1194 ἐμοῦ
1005 1111 1354 1195 παρέστηκεν.
1435 1109 1506 1169 Εἰ
1527 1106 1630 1185 γὰρ

21 1220 122 1279 ὅσα
149 1221 204 1277 οἱ
233 1216 543 1295 ἄνθρωποι
563 1207 748 1289 γνώμῃ
773 1202 1158 1285 ἁμαρτάνωσι,
1186 1202 1248 1257 τὸ
1276 1202 1433 1276 σῶμα
1461 1197 1631 1255 αὐτῶν

23 1309 100 1387 μὴ
119 1305 312 1367 αἴτιόν
344 1306 524 1373 ἐστιν,
555 1300 683 1377 ἐμοῦ
709 1297 770 1355 τὸ
791 1293 884 1373 μὲν
903 1296 1059 1371 σῶμα
1079 1287 1328 1369 τυγχάνει
1350 1283 1537 1346 ταύτὸν
1557 1282 1634 1342 ἔτι

21 1400 102 1471 ὄν,
133 1396 281 1474 ὅπερ
303 1396 419 1463 τῆς
448 1386 627 1454 αἰτίας
661 1384 1028 1457 ἀπήλλακται,
1050 1384 1087 1451 ἡ
1113 1377 1168 1437 δὲ
1195 1374 1380 1455 γνώμη
1403 1372 1520 1433 ἀντὶ
1543 1376 1635 1443 τῆς

24 1485 306 1568 προτέρας
329 1479 506 1559 ἑτέρα
533 1474 644 1535 νυνὶ
663 1472 1014 1555 παρέστηκεν.
1096 1464 1264 1527 Οὐδὲν
1294 1454 1383 1523 οὖν
1404 1461 1482 1521 ἔτι
1508 1463 1635 1519 ὃπο-

23 1576 284 1635 λεὶπεται
319 1568 446 1648 ὅτῳ
475 1564 544 1624 ἄν
565 1584 656 1642 μοι
683 1560 893 1627 δικαίως
915 1554 1278 1633 διαὸεὸλῇσθε.
1309 1554 1402 1631 (aa)
1418 1548 1636 1629 Ὥσπερ

25 1662 82 1721 δὲ
115 1667 219 1735 τῆς
243 1658 392 1718 τότε
418 1651 691 1734 ἁμαρτίας
715 1648 784 1708 τὰ
803 1646 909 1706 ἀπὸ
937 1648 1042 1705 τῶν
1069 1642 1236 1724 ἔργων
1265 1639 1459 1718 σημεῖα
1481 1636 1638 1717 ἔφατε

22 1757 232 1835 γρῆναι
249 1743 582 1808 πιστότατα
605 1738 902 1815 ποιούμενοι
925 1731 1085 1792 κακόν
1109 1754 1174 1807 με
1195 1729 1356 1810 ἄνδρα
1383 1729 1640 1805 ἡγεῖσθαι,

25 1821 172 1900 οὕτω
191 1837 300 1899 καὶ
333 1832 438 1895 ἐπὶ
465 1834 540 1911 τῇ
563 1834 651 1888 νῦν
677 1823 849 1906 εὐνοία
878 1822 954 1901 μὴ
969 1820 1170 1893 ζητεῖτε
1202 1816 1382 1901 ἑτέραν
1408 1813 1638 1897 βάσανον

21 1930 60 2003 ἢ
82 1929 158 1990 τὰ
185 1924 310 1987 ἀπὸ
341 1926 466 1982 τῶν
491 1916 606 1978 νυνὶ
630 1914 794 1996 ἔργων
821 1912 1016 1990 σημεῖα
1038 1910 1159 1988 ὑμῖν
1185 1904 1456 1986 γινόμενα.
1485 1900 1634 1975 Πρλὺ

5 2018 86 2080 ’,δέ
125 2040 228 2096 μοι
260 2007 556 2093 προσήκει
593 2009 760 2063 ταῦτα
807 2000 1008 2079 μᾶλλον
1035 1994 1242 2057 ἐκείνων
1279 1993 1372 2054 καὶ
1398 1995 1473 2075 τῷ
1502 1990 1640 2071 γένει

25 2097 432 2179 συνηθέστερά
459 2098 593 2155 ἐστι.
676 2088 762 2173 (ss)
787 2087 932 2150 Τάδε
967 2084 1070 2167 γαρ
1111 2084 1170 2143 οὔ
1209 2079 1524 2164 ψευσαμένῳ
1553 2100 1642 2157 μοι

21 2198 222 2255 λαθεῖν
242 2181 427 2249 οἶόνέ
455 2182 572 2241 ἐστὶ
583 2178 702 2247 τούς
713 2200 774 2257 γε
795 2172 1179 2257 πρεσὸυτέρους
1197 2173 1368 2249 ὑμῶν,
1394 2166 1475 2227 ὅτι
1500 2170 1528 2225 ὃ
1548 2170 1645 2225 τοῦ

23 2289 170 2364 ἐμοῦ
225 2275 458 2357 πατρὸς
483 2269 700 2336 πάππος
739 2264 1016 2346 Λεωγόρας
1055 2260 1343 2326 στασιάσας
1374 2256 1503 2337 πρὸς
1530 2252 1647 2323 τοὺς

25 2371 348 2453 τυράννους
379 2360 524 2442 ὑπὲρ
549 2362 638 2418 τοῦ
662 2352 856 2432 δήμου,
881 2349 994 2418 ἐξὸν
1015 2350 1157 2431 αὐτῷ
1181 2343 1543 2425 διαλλαχθέντι
1555 2347 1648 2415 τ’ἤς

31 2471 248 2557 ἔχθρας
277 2462 392 2525 καὶ
420 2456 686 2542 γενομένῳ
729 2452 954 2531 κηδεστῇ
975 2446 1126 2529 ἄρξαι
1155 2446 1268 2525 μετ’
1309 2440 1517 2503 ἐκείνων
1543 2444 1646 2500 τῶν

39 2560 265 2640 ἀνδρῶν
299 2555 416 2623 τῆς
441 2544 648 2611 πόλεως
665 2589 684 2619 ,
716 2540 882 2600 εἵλετο
905 2538 1107 2617 μᾶλλον
1133 2532 1370 2593 ἐκπεσεῖν
1399 2528 1534 2608 μετὰ
1559 2532 1648 2587 τοῦ

41 2648 228 2720 δήμου
273 2640 388 2703 καὶ
419 2634 630 2717 φεύγων
657 2632 971 2691 κακοπαθεῖν
995 2626 1194 2703 μᾶλλον
1217 2620 1253 2693 ἢ
1279 2619 1534 2701 προδότης
1556 2619 1652 2676 αὖ·

39 2706 154 2797 τῶν
179 2730 570 2799 καταστῆναι.
648 2718 812 2781 ‘ssot’
843 2714 1020 2794 ἔμοιγε
1042 2712 1134 2773 καὶ
1170 2710 1254 2770 διὰ
1291 2708 1359 2767 τὰ
1392 2711 1495 2767 τῶν
1521 2729 1650 2787 προ·

41 2827 224 2905 γόνων
255 2818 410 2901 ἔργα
432 2810 648 2878 εἰκότως
675 2805 900 2888 ὖπάρχει
938 2803 1204 2883 δημοτικῷ
1226 2790 1385 2871 εἶναι,
1423 2796 1566 2875 εἴπερ
1601 2818 1652 2852 τι

46 2914 200 2977 ἀλλὰ
228 2916 334 2972 νῦν
361 2930 432 2985 γε
461 2904 665 2986 φρονῶν
704 2894 968 2976 τυγχάνω.
1123 2914 1150 2948 ν
1192 2889 1284 2950 καὶ
1333 2888 1483 2948 ἕνεκα
1520 2882 1653 2949 εἰκὸς

45 3008 66 3059 ἱ
79 3012 196 3082 μᾶς
213 3047 233 3074 ,
259 2997 365 3057 ἐὰν
393 2987 631 3074 χρηστὸς
657 2982 728 3044 ὧν
757 2982 886 3062 ἀνὴρ
909 2982 979 3048 εἰς
998 2982 1133 3057 ὗμᾶς
1155 2977 1439 3059 φαίνωμαι,
1462 2977 1654 3055 προθυ-

45 3087 288 3172 μότερόν
316 3106 436 3165 μου
469 3074 819 3156 ἀποδέχεσθαι
838 3069 906 3130 τὰ
935 3066 1288 3150 πραττόμενα.
1373 3065 1466 3143 (27)
1496 3060 1576 3123 Τὸ
1599 3059 1654 3119 δὲ

47 3182 252 3245 δόντας
281 3172 420 3251 ἐμοὶ
439 3165 542 3239 τὴν
561 3164 739 3223 ἄδειαν
769 3157 1048 3240 ἀφελέσθαι
1067 3159 1230 3234 ὑμᾶς,
1253 3144 1310 3213 εὗ
1335 3152 1448 3213 ἴστε
1475 3152 1556 3211 ὅτι
1570 3153 1655 3210 οὗ·

3 3300 24 3339 .
51 3266 350 3331 δεπῶτοτε
365 3252 754 3335 ἠγανάκτησα·
774 3249 904 3308 ὅπου
923 3245 1024 3327 γὰρ
1049 3244 1152 3304 ὑπὸ
1179 3246 1282 3302 τῶν
1305 3242 1506 3323 ἀνδρῶν
1534 3238 1656 3300 τού·

51 3384 174 3419 των
201 3350 369 3414 αὐτοὶ
397 3348 474 3414 εἷς
498 3348 636 3421 ὑμᾶς
671 3336 854 3403 αὐτοὺς
891 3332 1160 3404 ἐπείσθητε
1183 3330 1248 3389 τὰ
1277 3328 1498 3409 με’γιστα
1536 3326 1658 3397 ἐξα-

55 3450 334 3528 μαρτεῖν,
367 3435 518 3494 ὥστε
542 3429 657 3489 ἀντὶ
675 3432 769 3501 τῆς
796 3426 960 3505 ἀρχῆς
977 3422 1208 3481 δουλείαν
1237 3417 1577 3491 ἀλλάξασθαι,
1601 3418 1660 3475 ἰκ

59 3523 464 3611 δημοκρατίας
515 3514 819 3579 δυναστείαν
859 3510 1316 3582 καταστήσαντες,
1365 3506 1416 3568 τί
1467 3505 1530 3565 ἄν
1585 3528 1662 3571 τις

61 3624 236 3703 ὖμῶν
263 3610 542 3690 θαυμάζοι
562 3603 654 3665 καὶ
675 3606 748 3671 εἷς
769 3598 863 3680 ἐμὲ
885 3597 1010 3657 εἴτι
1039 3596 1309 3669 ἐπείσθητε
1337 3592 1662 3675 ἐξαμαρτεῖη

67 3713 176 3791 (ιε)
205 3700 526 3778 Βουλοίμην
557 3690 766 3773 μέντᾶν,
787 3690 966 3769 ὥσπερ
989 3690 1042 3747 ἐν
1069 3692 1172 3754 τοῖς
1205 3682 1470 3765 ὑμετέροις
1492 3683 1660 3741 αὐτῶν

67 3797 441 3881 πράγμασιν,
460 3782 642 3855 ἐπειδὴ
663 3779 894 3850 ἐξουσίαν
914 3774 1155 3851 ἔλάὸετε,
1171 3773 1263 3843 τὰς
1283 3776 1386 3832 τῶν
1403 3770 1663 3844 ἰξαπατη·

67 3888 298 3947 σάντων
323 3883 474 3957 ὑμᾶς
495 3870 712 3952 ἀκύρους
735 3867 871 3929 ἔθετε
897 3864 1116 3949 βουλάς,
1143 3864 1280 3923 οὕτω
1301 3859 1393 3922 καὶ
1414 3862 1466 3919 ἐν
1489 3850 1533 3941 ᾧ
1547 3856 1664 3938 περὶ

3 4007 40 4045 1.
73 3981 218 4037 ἐμοῦ
263 3966 558 4037 ἐπείσθητε
598 3956 794 4040 γνῶναί
848 3982 900 4016 τι
942 3951 1316 4025 ἀνεπιτήδειον,
1357 3949 1520 4022 ἀτελῆ
1569 3944 1666 4018 τὴν

73 4038 312 4141 γνώμην
333 4056 520 4116 αὐτῶν
539 4053 777 4121 ποιῆσαι,
791 4044 882 4105 καὶ
905 4043 1040 4124 μήτε
1059 4044 1112 4102 ἐν
1126 4039 1286 4122 ἑτέρῳ
1306 4064 1383 4120 τῳ
1395 4046 1501 4105 τοῖς
1521 4039 1665 4115 ὑμῶν

83 4154 272 4211 αὐτῶν
293 4144 560 4227 ἐχθίστοις
587 4132 853 4219 ὁμόψηφοί
881 4156 1006 4193 ποτε
1020 4129 1254 4213 γένησθε.

3 4636 72 4673 m
205 4603 401 4666 ΠΕΡΙ
441 4598 598 4661 ΤΗΣ
641 4585 1572 4742 ΠΙὲῗξΗλΙζῧίὲΕΔΑῙΜΟΝΙΟΥΣ

724 4832 1050 4889 moestis.

107 4976 206 5023 'ro-:1
227 4969 510 5027 Ἑλληνικοῦ
548 4962 870 5027 μηκυνομένου
895 4959 1128 5021 πολέμου,
1158 4956 1239 5004 καὶ
1265 4956 1416 5005 πολλὰ
1449 4956 1530 5019 μὲν
1553 4956 1674 5015 Ἀθη·

3 5062 86 5099 25
170 5044 319 5091 ναίων
336 5038 468 5090 κακὰ
484 5036 640 5087 πολλὰ
657 5034 708 5083 δὲ
729 5029 1108 5093 Δακεδαιμονίων
1121 5026 1468 5091 ὑπομεινάντων
1483 5028 1563 5076 καὶ
1580 5032 1675 5079 τῶν

178 5113 410 5175 tna-tepus
433 5106 726 5172 συμμάχων,
758 5105 982 5161 Ἀθηναῖοι
1017 5099 1230 5163 πρὲσὸεις
1264 5098 1538 5148 ἀπέστειλαν
1564 5099 1675 5163 πρὸς

181 5180 582 5245 Λακεδαιμονίους
603 5174 972 5239 αὐτοκράτορας·
1004 5172 1070 5221 ὧν
1089 5172 1186 5220 ἐστὶ
1205 5172 1284 5219 και
1307 5170 1578 5227 Ἀνδοκίδης.
1598 5172 1678 5220 Τι-

182 5258 272 5302 νῦν
293 5255 344 5303 δὲ
355 5251 690 5317 προταθὲπων
703 5246 834 5310 παρὰ
853 5242 1254 5306 Δακεδαιμονίων,
1267 5242 1349 5291 καὶ
1371 5239 1674 5293 ἀποστειλάν-

745 520 1160 589 annotabis
1199 520 1323 581 ΟΒ.
1366 516 1469 577 DE
1511 511 1706 576 PACE
1744 512 1906 575 CUM
1959 510 2585 587 LACEDAEMONIIS.
3185 501 3253 561 77

2314 710 2671 763 DECRETUM.

1781 853 1856 899 24.
1873 849 2018 909 Quod
2034 848 2179 899 modo
2192 848 2408 911 audistis,
2428 850 2753 909 Athenienses,
2766 846 3037 910 decretum,
3051 846 3099 897 id
3116 858 3268 909 quum

1719 928 1808 990 ipsi
1825 941 1982 977 meam
2000 929 2049 977 in
2062 929 2263 991 gratiam
2280 928 2525 989 tulissetis,
2545 940 2709 977 rursus
2725 926 2848 976 alius
2862 926 2913 975 in
2930 927 3129 988 gratiam
3144 926 3264 987 post»

1719 1004 1921 1055 modum
1941 1004 2204 1057 ademistis.
2226 1004 2321 1056 sed
2346 1004 2456 1055 date
2482 1004 2574 1053 hoc
2600 1004 2819 1067 precibus
2836 1003 2984 1065 meis,
3004 1005 3059 1052 ut
3076 1001 3269 1051 tandem

1719 1082 1981 1145 aliquando
2000 1082 2231 1133 desinatis
2254 1082 2370 1131 mihi
2387 1094 2668 1132 succensere
2680 1117 2694 1143 ,
2711 1080 2852 1130 sicui
2874 1083 3087 1131 vestrum
3108 1080 3271 1131 simul-

1721 1160 1832 1211 tatis
1862 1160 2044 1223 aliquid
2069 1160 2273 1211 adhaesit
2294 1174 2357 1210 ex
2384 1160 2558 1221 iniquis
2578 1158 2987 1209 criminationibus
3008 1161 3269 1221 conceptae.

1724 1241 1848 1289 Nam
1882 1238 1923 1289 si
1935 1275 1951 1302 ,
1981 1250 2285 1302 quascunque
2318 1238 2536 1287 homines
2568 1236 2743 1287 mentis
2765 1246 2925 1286 errore
2956 1235 3271 1299 delinquunt,

1723 1331 1896 1369 eorum
1930 1319 2073 1381 culpa
2101 1332 2277 1382 corpus
2314 1320 2457 1367 vacat
2468 1353 2484 1379 ,
2520 1330 2697 1380 corpus
2725 1316 2919 1383 quidem
2959 1330 3119 1366 meum
3132 1352 3148 1379 ‚
3185 1317 3271 1367 etsi

1723 1396 1849 1447 idem
1863 1396 2023 1447 adbuc
2034 1398 2132 1459 est,
2144 1398 2287 1459 culpa
2300 1398 2461 1445 tamen
2475 1398 2616 1444 vacat
2626 1430 2641 1455 ‚
2656 1408 2793 1443 mens
2804 1396 2988 1457 autem,
3007 1408 3119 1457 quae
3132 1396 3275 1457 culpa

1725 1476 1933 1537 tenetur,
1953 1487 2083 1524 nunc
2100 1475 2173 1523 est
2185 1486 2311 1539 nova
2328 1472 2447 1523 mihi
2462 1485 2655 1535 prorsus
2666 1472 2729 1521 ab
2742 1472 2825 1521 illa
2840 1472 3035 1535 pristina
3050 1472 3239 1523 diversa
3260 1492 3273 1523 z

1725 1554 1949 1615 quocirca
1966 1552 2086 1603 nihil
2104 1552 2205 1614 iam
2227 1554 2472 1615 superest,
2491 1550 2557 1600 ob
2586 1549 2715 1613 quod
2741 1550 2913 1601 merito
2936 1551 3055 1601 mibi
3080 1564 3276 1601 succen-

1725 1634 1882 1684 seatis.
1948 1634 2045 1697 (25)
2070 1630 2487 1692 Quemadmodum
2511 1644 2628 1681 vero
2647 1630 2830 1693 pristini
2856 1632 3067 1683 criminis
3088 1633 3184 1683 mei
3208 1632 3276 1682 in·

1727 1710 1852 1761 dicia
1872 1724 1987 1773 vos,
2012 1712 2174 1761 virum
2200 1709 2475 1773 improbum
2495 1722 2575 1759 me
2597 1708 2869 1771 iudicantes
2884 1745 2899 1771 ,
2922 1709 3186 1759 certissima
3221 1724 3275 1760 ea

1728 1801 1842 1851 qum
1867 1802 1896 1838 e
1930 1789 2075 1839 rebus
2091 1790 2209 1839 tunc
2230 1787 2370 1850 gestis
2392 1786 2732 1851 repetebantur
2748 1787 2968 1837 habenda
2988 1800 3091 1839 esse
3112 1800 3278 1839 cense-

1731 1868 1879 1931 batis,
1898 1869 1970 1919 sic
1998 1870 2145 1919 etlam
2172 1866 2422 1932 paesentis
2446 1879 2568 1917 meoe
2586 1866 2639 1917 in
2659 1880 2751 1917 vos
2769 1867 3112 1919 benevolentiae
3134 1868 3279 1919 nolite

1732 1948 1826 1999 alia
1839 1962 2057 2012 quoerere
2078 1948 2367 1999 documenta
2382 1960 2527 2010 quam
2542 1960 2655 2010 quae
2666 1959 2743 1997 res
2754 1960 2885 1998 nunc
2904 1961 2936 1998 a
2952 1961 3032 1999 me
3044 1962 3133 2012 pro
3146 1948 3295 2001 vobis

1730 2027 1873 2089 gestae
1885 2026 2209 2091 suppeditant.
2230 2027 2387 2089 Atque
2400 2024 2505 2076 baec
2516 2024 2713 2088 quidem
2732 2026 2986 2089 praesentia
3001 2027 3159 2078 multo
3176 2039 3282 2077 ma-

1731 2104 1803 2167 gis
1828 2117 1978 2167 quam
1996 2104 2197 2168 pristina
2213 2104 2296 2153 illa
2312 2103 2433 2153 mihi
2451 2104 2747 2155 conveniunt
2766 2106 2892 2155 etex
2910 2118 3049 2157 more
3068 2108 3183 2157 sunt
3198 2118 3283 2168 ge-

1732 2183 1858 2233 neris
1878 2184 1991 2235 mei.
2056 2184 2157 2248 (26)
2175 2182 2367 2234 Mentiri
2394 2182 2592 2247 quidem
2614 2184 2654 2234 si
2679 2184 2834 2247 juvet,
2852 2183 2985 2234 haud
3006 2186 3181 2248 possim
3214 2200 3285 2237 se·

1733 2262 1890 2312 niores
1908 2263 2040 2313 certe
2056 2264 2272 2314 vestrum
2291 2262 2535 2326 quotquot
2550 2261 2759 2313 assident
2781 2262 2945 2313 fallere
2963 2283 2975 2313 ε
2997 2276 3167 2314 verum
3186 2277 3285 2315 non

1735 2342 1943 2393 mentior
1963 2343 2233 2405 affirmans,
2253 2346 2521 2406 Leogoram
2547 2342 2693 2405 patris
2716 2342 2813 2408 mei
2839 2355 2985 2392 avum
3004 2344 3283 2407 paternum,

1736 2436 1888 2485 quum
1910 2424 2145 2487 potuisset
2160 2424 2209 2473 in
2237 2423 2439 2486 gratiam
2461 2435 2573 2473 cum
2588 2421 3071 2487 Pisistratidisredire‚
3087 2422 3285 2485 quibus-

1738 2514 1852 2552 cum
1874 2501 2037 2553 studio
2059 2503 2210 2565 partis
2236 2502 2478 2565 popularis
2504 2499 2778 2564 dissidebat,
2803 2502 3142 2565 contractaque
3172 2515 3297 2573 cum-

1737 2582 1851 2645 ipsis
1859 2581 2093 2633 affinitate
2110 2582 2343 2645 potuisset
2354 2594 2495 2645 sequa
2503 2579 2770 2644 tyrannidis
2787 2580 3005 2644 portione
3012 2580 3174 2645 potiri,
3188 2594 3289 2631 ma-

1740 2659 1886 2711 luisse
1896 2662 2062 2711 tamen
2074 2673 2187 2710 cum
2204 2659 2344 2724 plebe
2360 2658 2605 2709 molestias
2620 2657 2775 2708 exsilii
2791 2658 2997 2711 tolerare
3007 2695 3022 2721 ,
3043 2671 3190 2722 quam
3208 2673 3289 2723 pa·

1740 2739 1849 2811 trite
1868 2739 2084 2803 proditor
2096 2752 2223 2791 esse:
2243 2737 2363 2789 adeo
2384 2740 2438 2788 ut
2454 2738 2597 2787 etiam
2612 2738 2806 2801 propter
2817 2737 3059 2800 maiorum
3070 2740 3292 2803 exempla

1741 2820 1904 2885 populi
1924 2832 2081 2869 causae
2098 2831 2177 2868 me
2194 2818 2353 2868 favere
2370 2817 2741 2867 consentaneum
2756 2816 2836 2880 sit,
2851 2816 3083 2879 siquidem
3095 2819 3301 2877 omnino·

1743 2911 1870 2948 nunc
1886 2898 2017 2950 certe
2034 2896 2267 2946 benevole
2284 2893 2346 2945 de
2362 2908 2422 2943 eo
2438 2894 2609 2945 sentio.
2672 2895 2973 2957 Quapropter
2991 2907 3079 2944 vos
3099 2909 3293 2961 quoque

1743 2976 1880 3027 decet
1891 3014 1907 3039 ,
1927 2975 2013 3025 ubi
2039 2974 2305 3024 constiterit
2326 2972 2465 3023 vobis
2484 2970 2729 3021 hominem
2746 2971 2871 3034 frugi
2888 2985 2968 3021 me
2988 2985 3090 3023 me
3102 3010 3118 3035 ,
3136 2974 3295 3024 studia

1749 3068 1856 3104 mea
1882 3054 1977 3103 hoc
2001 3050 2361 3103 benevolentius
2394 3052 2661 3113 acceptare.
2729 3048 2831 3111 (27)
2870 3050 3230 3100 immunitatem
3264 3065 3296 3102 a

1747 3128 1882 3179 vobis
1902 3128 2049 3179 semel
2066 3125 2184 3176 mihi
2200 3125 2432 3175 tributam
2443 3162 2459 3186 ‚
2474 3122 2607 3188 quod
2622 3136 2787 3173 rursus
2803 3123 3098 3188 ademeritis,
3118 3126 3296 3177 credite

1746 3204 1864 3254 mihi
1883 3202 2168 3264 affirmanti,
2191 3214 2437 3265 nunquam
2453 3200 2503 3250 id
2520 3212 2599 3249 me
2616 3212 2742 3262 oegre
2763 3198 2958 3251 tulisse:
2980 3201 3063 3251 ubi
3085 3202 3213 3252 enim
3235 3203 3298 3253 ab

1747 3278 2020 3329 bominibus
2034 3276 2136 3327 istis
2156 3275 2323 3326 induci
2335 3287 2423 3325 vos
2434 3274 2484 3323 in
2500 3272 2919 3336 perniciosissimos
2939 3274 3077 3324 vobis
3092 3274 3205 3338 ipsis
3217 3288 3296 3324 er-

1749 3369 1880 3407 rores
1896 3351 2207 3419 pateremini,
2224 3350 2345 3401 adeo
2364 3354 2421 3401 ut
2438 3348 2692 3413 imperium
2706 3362 2819 3399 cum
2836 3350 3067 3402 servitute
3084 3354 3299 3403 mutare·

1749 3436 1812 3485 tls
1825 3469 1840 3495 ,
1855 3432 1951 3481 boo
1968 3430 2073 3490 est,
2092 3433 2145 3477 ut
2180 3426 2369 3491 prodita
2401 3426 2621 3477 libertate
2634 3424 2937 3488 optimatium
2954 3426 3004 3475 in
3016 3428 3300 3490 potestatem

1752 3520 1842 3557 vos
1855 3501 2095 3555 deden-etis
2106 3538 2121 3565 ,
2140 3500 2279 3551 eccui
2290 3499 2511 3551 mirabile
2526 3497 2675 3564 possit
2689 3497 2839 3549 videri
2856 3536 2872 3563 ‚
2891 3498 2932 3550 si
2950 3500 3035 3564 qui
3052 3500 3183 3553 vobis
3197 3515 3301 3566 per·

1751 3582 2033 3642 suaserunt,
2060 3580 2117 3630 ut
2146 3577 2209 3629 de
2242 3591 2323 3628 me
2344 3590 2537 3641 quoque
2560 3576 2769 3639 iniquius
2800 3576 2981 3640 aliquid
3000 3578 3303 3630 statueretis?

1752 3659 1878 3727 (28)
1926 3654 2272 3707 verumtamen
2284 3690 2301 3715 ‚
2349 3650 2757 3715 quemadmodum
2792 3652 2843 3701 in
2885 3651 3056 3701 vestris
3090 3652 3303 3717 ipsorum

1753 3736 1915 3795 rebus,
1929 3733 2183 3795 postquam
2193 3728 2463 3779 libertatem
2486 3726 2797 3791 recuperastis
2814 3762 2829 3789 ,
2844 3727 2979 3777 irrita
2998 3727 3172 3779 fecistis
3194 3743 3305 3793 quoe

1753 3809 1906 3864 dolosi
1925 3806 2142 3858 homines
2170 3804 2300 3855 male
2335 3803 2473 3854 vobis
2486 3804 2735 3853 suaserant
2751 3822 2764 3852 ι
2786 3802 2853 3851 ita
2878 3802 3025 3853 velim
3042 3816 3128 3852 vos
3148 3804 3211 3854 de
3225 3818 3305 3855 me

1753 3898 1949 3954 quoquc
1963 3919 1979 3946 ,
2010 3882 2051 3933 si
2080 3880 2200 3945 quid
2232 3878 2565 3929 inclementius
2596 3878 2751 3928 alieno
2772 3878 2910 3926 motu
2936 3878 3221 3943 statueritis,
3256 3881 3307 3930 id

1753 3963 2009 4025 abrogare,
2036 3966 2330 4019 operamque
2358 3953 2473 4004 dare
2486 3988 2502 4015 ‚
2534 3954 2589 4002 ιιι
2620 3964 2779 4014 neque
2800 3950 2891 3999 hac
2918 3950 2967 3999 in
2993 3964 3046 4001 re
3076 3964 3233 4015 neque
3256 3954 3307 4005 in

1757 4038 1856 4088 ulla
1877 4035 1973 4085 alia
1988 4046 2101 4095 cum
2118 4026 2456 4081 inimicissimis
2473 4027 2621 4078 vestri
2642 4024 2918 4076 bominibus
2939 4027 3207 4077 consentire
3232 4030 3307 4079 vi-

1755 4110 1980 4164 deamini.

2367 4288 2685 4317 ψ

2485 4417 2587 4477 111.

1939 4580 2039 4642 DE
2092 4576 2285 4639 PACE
2328 4572 2493 4634 CUM
2534 4566 3134 4631 LACEDAEMONIIS

2382 4658 2695 4723 ORATIO.

2314 4830 2534 4879 ARGUM
2541 4827 2769 4877 ENTUM.

1765 4958 1890 5005 Bello
1902 4958 2163 5003 Graecormn
2182 4953 2229 4997 in
2248 4952 2432 5007 longum
2454 4948 2679 5007 producto
2692 4980 2706 5002 ‚
2728 4942 3155 4999 ameniensibusqm.»
3170 4945 3217 4987 et
3234 4944 3292 4985 La

1819 5026 2101 5073 oedaemoniis
2118 5024 2259 5069 multa
2279 5022 2396 5067 mla
2426 5020 2563 5077 passis
2578 5052 2591 5074 ,
2609 5022 2657 5064 et
2684 5020 2979 5071 utrorumque
3006 5013 3161 5067 sociis,
3181 5010 3315 5055 Athe-

1817 5098 1997 5142 nienses
2029 5094 2087 5139 ad
2126 5090 2483 5137 lacedemonios
2514 5088 2683 5144 legatos
2716 5086 2954 5137 miserunt,
2986 5080 3146 5137 quibus
3166 5078 3317 5123 omnia

1818 5166 2113 5225 permiserant
2127 5179 2139 5207 ε
2154 5172 2345 5219 quorum
2358 5171 2475 5205 unus
2492 5156 2743 5204 Andocides
2755 5158 2866 5201 erat.
2919 5149 3191 5205 Quibusdam
3206 5158 3315 5193 vero

1818 5239 1951 5282 antea
1960 5232 2177 5281 ordinatis
2188 5242 2216 5277 a
2230 5229 2573 5275 Lacedaemoniis
2582 5258 2597 5280 .
2612 5226 2688 5283 qni
2702 5224 2783 5281 ipsi
2796 5230 2972 5279 quoque
2982 5228 3087 5263 suos
3100 5217 3315 5262 miserunt

181 5339 276 5373 των
295 5320 532 5373 κάκείνων
549 5318 698 5375 ἰδίους
723 5316 964 5381 πρίσὸειςί,
985 5314 1138 5373 ἔδοξεν
1163 5313 1288 5363 ὥστε
1307 5310 1424 5364 εῑσω
1440 5309 1676 5376 τεσσαρά-
1822 5308 2013 5365 legatos,
2028 5304 2175 5352 visum
2199 5307 2267 5351 ent
2296 5304 2413 5349 intra
2436 5298 2731 5359 quadraginta
2759 5294 2853 5339 dios
2876 5290 3091 5348 populum
3122 5288 3181 5333 de
3206 5297 3315 5345 paee
