3825 5842
61 501 333 582 ‹ww—m)

7 635 146 700 ιθκαὶ
165 632 414 713 Ἡρώδης
461 631 734 710 ἐπλέομεν,
771 635 976 714 πρῶτον
1005 630 1100 709 μὲν
1135 630 1404 700 εἷσὸοίντες
1452 633 1523 698 εἷς
1569 627 1626 687 τὸ

57 724 232 782 πλοῖον
279 719 540 802 ἠρεύνων,
584 720 674 780 καὶ
703 718 881 790 ἐπειδή
928 742 979 776 τι
1021 709 1154 794 αἷμα
1192 711 1361 800 εὗρον,
1403 723 1621 777 ἐνταῦθα

57 811 256 892 ἔφασαν
285 807 534 867 τεθνάναι
558 807 646 865 τὸν
677 807 867 888 ἄνδρα·
884 805 1063 877 ἐπειδὴ
1081 805 1136 864 δὲ
1157 803 1332 874 αύτοῖς
1357 811 1510 866 τοῦτο
1525 809 1618 866 οὐκ

59 897 338 980 ἐνεχώρει,
369 899 486 956 ἀλλ’
523 894 759 978 ἐφαίνετο
783 899 886 954 τῶν
912 891 1192 977 προὸάτων
1225 894 1282 954 ὃν
1315 887 1477 974 αἷμα,
1502 897 1626 954 ἄπο·

59 987 384 1070 τραπόμενοι
423 987 610 1047 τούτου
635 992 728 1047 τοῦ
772 986 928 1065 λόγου
952 984 1297 1053 συλλαὸόντες
1323 985 1624 1054 ἒὸασᾶνιζον

59 1077 174 1146 τοὺς
203 1077 530 1158 ἀνθρώπους.
618 1077 727 1140 Καὶ
769 1074 825 1135 ὃν
857 1073 952 1153 μὲν
979 1072 1093 1134 τότε
1122 1079 1454 1157 παραχρῆμα
1497 1073 1625 1132 ἐθα-

7 1185 26 1224 5
63 1166 306 1240 σάνισαν,
337 1157 490 1234 οὗτος
528 1165 622 1244 μὲν
649 1164 793 1225 οὐδὲν
823 1155 937 1223 εἶπε
971 1163 1092 1243 περὶ
1120 1165 1249 1241 ἐμοῦ
1284 1165 1541 1245 φλαῦρον·
1570 1159 1626 1218 ὃν

61 1255 108 1314 δ’
130 1253 358 1335 ἡμέραις
391 1253 605 1334 ὕστερον
642 1255 860 1321 πολλαῖς
885 1252 1222 1326 ἐὸασοίνισαν,
1255 1251 1458 1333 ἔχοντες
1482 1247 1629 1331 παρὰ

61 1343 240 1424 σφίσιν
278 1345 458 1410 αὐτοῖς
481 1341 569 1400 τὸν
596 1341 817 1422 πρόσθεν
837 1339 1041 1421 χρόνον,
1068 1331 1213 1408 οὗτος
1231 1331 1295 1412 ἦν
1343 1343 1370 1398 ὁ
1407 1337 1631 1404 πεισθεὶς

63 1432 163 1491 ὑπὸ
183 1429 388 1491 τούτων
411 1429 503 1490 καὶ
529 1427 992 1510 καταψευσάμενος
1018 1431 1164 1505 ἐμοῦ.
1247 1425 1556 1507 Παρέξομαι
1575 1424 1630 1484 δὲ

63 1521 262 1579 τούτων
287 1519 410 1586 τοὺς
437 1517 726 1598 μάρτυρας.

639 1635 990 1683 ΠᾸΡΤΥΡΕΣ.

143 1745 215 1786 at.
263 1723 360 1794 Ὧς
388 1724 486 1804 μὲν
513 1725 730 1807 ὕστερου
751 1723 919 1806 τούτῳ
946 1726 1020 1804 τῷ
1047 1720 1220 1804 χρόνῳ
1241 1725 1270 1782 ὁ
1291 1722 1421 1802 ἀνὴρ
1437 1719 1632 1781 ἐδασα-

65 1814 218 1887 νίσθη
238 1860 256 1892 ,
292 1813 699 1896 μεμαρτύρηται
715 1814 862 1891 ὑμῖν·
883 1810 1168 1893 προσέχετε
1188 1811 1242 1870 δὲ
1265 1809 1352 1870 τὸν
1366 1815 1486 1870 νοῦν
1502 1809 1633 1888 αὐτῇ

65 1902 418 2051 w&
547 1901 877 2049 *xm
926 1897 1241 2069 &23:335
1259 1888 1636 1979 '³

195 2015 214 2048 ι
256 2014 322 2050 το
519 2015 546 2050 ν
673 2015 702 2049 υ
735 2013 760 2048 ε
1355 2012 1384 2045 υ

71 2077 275 2145 τούτοις
305 2069 374 2150 ἦν
400 2015 705 2138 egicanem
731 2012 1053 2156 κεκούμενον
1083 2033 1256 2151 αὐτόν’,
1281 2073 1407 2142 ἴσως
1427 2073 1511 2132 ὑπ’
1535 2075 1634 2150 ἀμ·

73 2173 188 2248 φοῖν
229 2167 464 2234 πεισθεὶς
503 2163 862 2248 κατεψεύσατό
898 2188 1032 2244 μου,
1070 2161 1165 2235 τὴν
1215 2162 1309 2241 μὲν
1349 2159 1638 2241 ἐλευθερίαν

73 2252 294 2322 ἐλπίσας
321 2253 582 2327 οἴσεσθαι,
623 2257 715 2324 τ’ῆς
754 2252 810 2311 δὲ
840 2250 1070 2332 βασάνου
1100 2250 1169 2319 εἰς
1203 2249 1263 2308 τὸ
1300 2253 1636 2330 παραχρῆμα

75 2339 393 2419 βουλόμενος
419 2337 637 2413 ἀπηλλ’
678 2344 782 2401 θαι.
867 2338 962 2417 (32)
992 2327 1164 2415 Οἶμαι
1190 2337 1234 2395 δ’
1258 2340 1392 2413 ὑμᾶς
1420 2334 1639 2395 ἐπίστα-

73 2434 197 2487 σθαι
221 2434 403 2503 τοῦτο,
427 2427 507 2487 ὅτι
529 2361 723 2510 ἐφἀξῖς
756 2424 819 2486 ἂν
857 2426 917 2486 τὸ
959 2427 1206 2485 πλεῖστον
1237 2421 1388 2506 μέρος
1421 2429 1514 2496 τῆς
1549 2428 1638 2504 βα-

76 2518 266 2591 σάνου,
295 2517 430 2600 πρὸς
455 2516 651 2577 τούτων
676 2515 804 2576 εἰσὶν
829 2517 877 2574 οἱ
903 2513 1299 2595 βασανιζόμενοι
1338 2513 1507 2593 λέγειν
1535 2512 1568 2572 ὅ
1591 2537 1640 2571 τι

7 2629 50 2670 ιε
77 2605 142 2664 ἂν
157 2605 373 2673 ἐκείνοις
398 2605 632 2683 μέλλωσι
663 2607 960 2685 χαριεῖσθαι
977 2623 992 2638 ·
1021 2604 1076 2662 ἐν
1102 2601 1299 2671 τούτοις
1339 2599 1441 2682 γὰρ
1470 2603 1641 2668 αὐτοῖς

81 2697 224 2754 ἐστιν
255 2698 290 2764 ἡ
315 2693 572 2774 ὠφέλεια,
619 2691 790 2759 ἄλλως
816 2714 873 2750 τε
907 2689 1009 2751 κᾶν
1056 2687 1130 2767 μὴ
1165 2689 1417 2770 παρόντες
1441 2688 1642 2768 τυγχά-

80 2804 240 2840 νωσιν
268 2772 344 2840 ὃν
376 2779 442 2839 ἂν
477 2779 928 2862 καταψεύδωνται.
1013 2780 1080 2838 Ei
1115 2775 1218 2858 γὰρ
1256 2775 1358 2856 ἐγὼ
1387 2775 1482 2855 μὲν
1527 2775 1640 2836 ἐκέ-

85 2875 238 2931 λευον
263 2869 421 2930 αὐτὸν
438 2869 719 2950 στρεὸλοῦν
749 2871 820 2936 ὡς
845 2869 904 2926 οὗ
927 2868 1130 2940 τάληθῆ
1159 2865 1374 2944 λέγοντα
1389 2910 1406 2939 ,
1427 2863 1550 2933 ἴσως
1579 2864 1643 2924 ἂν

81 2963 136 3019 ἐν
157 2963 304 3041 αὐτῷ
324 2959 494 3040 τούτῳ
514 2961 648 3016 ἀπετ
679 2954 830 3016 έπετο
853 2955 1015 3033 μηδὲν
1034 2953 1150 3014 κατ’
1173 2955 1301 3032 ἐμοῦ
1321 2952 1642 3034 καταψεύδε·

84 3056 239 3126 σθαι,
258 3053 350 3107 νῦν
374 3046 432 3107 δὲ
452 3045 599 3106 αὐτοὶ
665 3067 762 3104 σαν
788 3043 880 3103 καὶ
910 3041 1225 3123 βασανισταὶ
1259 3041 1352 3102 καὶ
1390 3043 1639 3118 ἐπιτιμη-

83 3138 175 3197 ταὶ
209 3139 314 3196 τῶν
357 3135 532 3218 σφίσιν
583 3134 756 3200 αὐτοῖς
791 3131 1178 3214 συμφερόντων.
1264 3130 1352 3208 (aa)
1374 3127 1520 3198 Ἕως
1549 3129 1643 3208 μὲν

84 3217 174 3286 οὖν
207 3225 344 3305 μετὰ
363 3227 598 3306 χρηστῆς
625 3227 718 3296 τῆς
743 3221 949 3288 ἐλπίδος
972 3218 1220 3300 ἐγίνωσκέ
1249 3242 1349 3296 μου
1377 3221 1641 3300 καταψευ-

7 3343 60 3384 2⁰
88 3315 338 3393 σᾶμενος,
370 3311 544 3394 τούτῳ
577 3310 920 3392 διισχυρίζετο
945 3312 1020 3391 τῷ
1047 3307 1217 3389 λόγῳ·
1247 3304 1426 3379 ἐπειδὴ
1469 3305 1524 3366 δὲ
1549 3306 1648 3386 ἐγί·

87 3425 288 3463 νωσκεν
311 3398 751 3478 ἀποθανούμενος,
771 3400 971 3457 ἐνταῦθ’
993 3396 1097 3469 ἤδη
1111 3400 1179 3476 τῇ
1205 3393 1420 3476 ἀληθείᾳ
1435 3396 1644 3474 ἐχρῆτο,

87 3493 182 3553 καὶ
209 3491 385 3570 ἔλεγεν
421 3493 502 3549 δτι
522 3487 757 3559 πεισθείη
784 3485 883 3545 ὑπὸ
918 3484 1117 3545 τούτων
1153 3487 1282 3562 ἐμοῦ
1321 3481 1648 3564 καταψεύδε-

89 3589 233 3643 σθαι.
325 3583 415 3658 (34)
455 3573 869 3656 Διαπειραθέντα
895 3575 940 3634 δ’
969 3572 1126 3633 αὖτὸν
1160 3570 1227 3631 τὰ
1258 3572 1422 3652 ψευδῆ
1457 3570 1646 3650 λέγειν,

91 3669 308 3750 ὕστερον
327 3667 383 3727 δὲ
406 3669 608 3738 τάληθῆ
629 3663 845 3742 λέγοντα
862 3707 880 3740 ,
909 3661 1155 3743 οὐδέτερα
1189 3659 1486 3742 ὠφέλησεν,
1529 3661 1642 3720 ἀλλ’

93 3757 405 3818 ἁπέκτειναν
421 3757 630 3834 ἄγοντες
641 3751 728 3811 τὸν
746 3750 926 3833 ἄνδρα,
941 3749 1028 3810 τὸν
1043 3747 1294 3829 μηνυτήν,
1318 3739 1362 3830 ᾧ
1381 3747 1650 3808 πιστεύον-

94 3869 178 3914 τες
221 3844 318 3922 ἐμὲ
349 3841 628 3918 διώκουσι,
670 3838 984 3899 τούναντίονΔ
1001 3837 1311 3910 ποιήσαντες
1343 3833 1378 3907 ἢ
1415 3839 1464 3894 οἱ
1503 3835 1652 3895 ἄλλοι

19 3958 76 3998 2³
96 3935 380 4015 ἄνθρωποι.
467 3931 539 3991 Οἳ
568 3927 664 4007 μὲν
691 3926 794 4008 γὰρ
822 3927 972 3987 ἄλλοι
1012 3935 1117 3994 τοῖς
1145 3928 1398 4005 μηνυταῖς
1421 3927 1528 3992 τοῖς
1555 3923 1652 4003 μὲν

96 4021 382 4103 ἐλευθέροις
401 4017 656 4101 χρήματα
684 4015 912 4089 διδόασι,
938 4013 1056 4084 τοὺς
1096 4014 1152 4074 δὲ
1197 4014 1406 4080 δούλους
1447 4014 1651 4073 ἐλευθε-

97 4116 298 4192 ροῦσιν·
327 4099 471 4168 οὗτοι
495 4105 550 4165 δὲ
579 4105 798 4164 θάνατον
838 4107 912 4186 τῷ
946 4108 1151 4184 μηνυτῇ
1180 4101 1276 4174 τὴν
1304 4100 1500 4183 δωρεὰν
1523 4102 1651 4160 ἀπέ-

97 4201 279 4278 δοσαν,
309 4190 738 4276 ἀπαγορευόντων
773 4196 876 4252 τῶν
906 4191 1070 4274 φίλων
1101 4194 1206 4250 τῶν
1234 4193 1376 4268 ἐμῶν
1406 4189 1482 4268 μὴ
1506 4193 1652 4250 ἀπο-

97 4287 314 4347 κτείνειν
357 4283 446 4344 τδν
487 4283 648 4364 ἄνδρα
690 4279 810 4362 πρὶν
839 4281 901 4339 ἂν
929 4279 1034 4359 ἐγὼ
1062 4278 1278 4355 ἔλθοιμι.
1364 4279 1455 4360 (aa)
1484 4281 1654 4350 Δῆλον

101 4369 184 4436 οὖν
217 4377 302 4434 ὅτι
323 4375 384 4432 οὗ
418 4377 512 4432 τοῦ
539 4369 782 4448 σώματος
810 4371 970 4428 αὐτοῦ
998 4367 1154 4450 χρεία
1183 4359 1250 4440 ἦν
1286 4369 1489 4440 αὐτοῖς,
1520 4366 1656 4426 ἀλλὰ

101 4469 200 4524 τῶν
217 4463 392 4541 λόγων
407 4479 423 4496 ·
445 4463 546 4530 ζῶν
577 4459 672 4538 μὲν
691 4458 792 4540 γὰρ
819 4461 847 4516 ὃ
869 4455 1002 4538 ἀνὴρ
1022 4454 1110 4516 διὰ
1133 4459 1226 4529 τῆς
1249 4457 1410 4528 αὖτ’ἤς
1426 4455 1656 4536 βασάνου

101 4551 188 4611 ἰὼν
217 4555 308 4610 ὑπ’
349 4551 480 4626 ἐμοῦ
511 4547 800 4626 κατήγορος
834 4544 898 4604 ἂν
925 4544 1154 4624 ἐγίγνετο
1198 4547 1292 4617 τῆς
1316 4540 1512 4602 τούτων
1542 4545 1656 4602 ἐπι-

23 4669 78 4710 ³0
103 4639 324 4715 ὅουλῆς,
347 4635 564 4704 τεθνεὼς
587 4635 642 4694 δὲ
670 4633 758 4693 τὸν
785 4631 880 4712 μὲν
900 4631 1114 4712 ἔλεγχον
1141 4635 1233 4704 τ’ῆς
1261 4629 1502 4704 ἀληθείας
1527 4632 1659 4690 ἀπε-

101 4727 268 4809 στέρει
297 4728 366 4785 δι’
395 4727 552 4784 αὐτοῦ
577 4727 666 4782 τοῦ
705 4722 946 4798 σώματος
970 4719 1350 4798 ἀπολλυμένου,
1363 4722 1469 4785 τοῖς
1491 4719 1544 4778 δὲ
1570 4718 1660 4778 λό·

99 4839 206 4894 γοις
225 4823 332 4883 τοῖς
359 4811 694 4897 ἐψευσμένοις
712 4813 802 4869 ὑπ’
825 4808 1018 4869 ἐκείνου
1036 4813 1106 4876 ὡς
1120 4809 1364 4881 ἀληθέσιν
1391 4799 1532 4867 οἷσιν
1557 4806 1660 4886 ἐγὼ

102 4903 428 4982 ἀπόλλυμαι.
515 4899 732 4963 Τούτων
757 4896 812 4958 δὲ
837 4897 1108 4980 μάρτυράς
1137 4920 1225 4977 μοι
1250 4897 1419 4958 κάλει.

668 5012 1065 5080 [mamma]
1129 4995 1173 5002 ⁰

173 5133 244 5174 aa.
291 5111 503 5192 Ἐχρῆν
533 5105 630 5188 μὲν
655 5105 757 5189 γὰρ
781 5105 998 5180 αὐτούς,
1021 5108 1091 5175 ὣς
1120 5104 1222 5184 ἐγὼ
1244 5103 1468 5184 νομίζω,
1484 5101 1660 5164 ἐνθάδε

102 5199 429 5282 παρέχοντας
473 5196 561 5259 τὸν
589 5193 824 5275 μηνυτὴν
852 5193 1006 5255 αὐτὸν
1037 5191 1348 5274 ἀπελέγχειν
1393 5191 1520 5270 ἐμέ,
1571 5188 1660 5251 καὶ

98 5289 238 5370 αὗτῷ
263 5287 438 5370 τούτῳ
459 5290 692 5368 χρῆσθαι
720 5281 1082 5364 ἀγωνίσματι,
1117 5283 1320 5365 ἐμφανῆ
1339 5278 1663 5363 παρέχοντας

780 498 1298 563 ANTIPHONTIS
1340 497 1566 561 ORAT.
1609 497 1690 576 V,
1732 495 1832 557 DE
1874 497 2093 558 CAEDE
2134 495 2485 558 HERODIS.
3192 508 3264 560 29

1718 629 1832 680 illuc
1854 629 2091 691 redierat,
2118 629 2329 691 primum
2347 624 2685 677 inscendebant
2718 625 2771 674 in
2797 637 2906 674 eam
2932 637 3107 674 navem
3124 626 3275 688 atque

1717 717 2125 781 pervestigabant,
2162 718 2213 766 et
2257 716 2556 766 invenientes
2592 713 2777 764 cruoris
2816 711 3069 776 reliquias,
3110 713 3273 762 statim

1717 806 1934 869 aiebant,
1974 805 2213 856 Herodem
2244 804 2310 854 ibi
2343 805 2615 868 jugulatum
2648 815 2750 853 esse
2786 822 2799 852 ι
2834 814 3003 852 verum
3026 801 3119 850 boc
3148 814 3275 851 com·

1719 897 1883 946 mento
1905 894 2019 958 ipsis
2036 893 2166 944 haud
2183 892 2488 957 procedente,
2508 891 2759 942 constabat
2774 891 2903 941 enim
2920 890 3123 940 ovillum
3139 887 3275 938 illum

1719 995 1940 1033 cruorem
1967 995 2096 1046 esse,
2115 983 2291 1032 omissa
2316 979 2653 1045 praedicatione
2678 981 2780 1029 tam
2807 978 3011 1031 absurda
3027 1015 3042 1040 ,
3064 990 3275 1040 compre·

1719 1067 1993 1121 hendebant
2011 1070 2228 1120 homines
2247 1069 2343 1132 (30)
2364 1080 2631 1131 eorumque
2646 1067 2852 1118 alterum
2871 1069 2977 1117 tum
2994 1065 3157 1116 statim
3176 1067 3278 1115 tor-

1721 1159 1896 1210 mentis
1906 1159 2238 1222 subjiciebant.
2302 1158 2481 1209 Tortus
2502 1157 2583 1206 ille
2607 1156 2726 1207 nibil
2743 1156 2859 1206 mali
2882 1155 2945 1206 de
2970 1168 3049 1206 mc
3066 1154 3271 1205 edebat:

1719 1261 1866 1312 quem
1906 1249 2070 1298 autem
2112 1246 2281 1297 multis
2314 1245 2485 1296 diebus
2530 1247 2639 1308 post
2667 1243 2921 1295 tormentis
2953 1242 3277 1306 subjecerunt,

1719 1337 1977 1399 postquam
1998 1336 2105 1386 toto
2122 1334 2205 1384 illo
2219 1333 2467 1396 interjecto
2484 1335 2700 1396 tempore
2716 1346 2828 1383 eum
2848 1345 2995 1396 penes
3014 1344 3067 1382 se
3084 1329 3271 1382 habuis·

1722 1425 1832 1475 sent
1842 1461 1857 1486 ,
1872 1423 1953 1473 bic
1968 1422 2033 1473 ab
2046 1423 2105 1473 iis
2116 1435 2369 1487 persuasus
2382 1435 2462 1473 me
2478 1420 2765 1472 homicidam
2783 1420 2949 1484 edidit,
2967 1420 3020 1470 in
3032 1431 3132 1484 quo
3148 1431 3276 1470 men·

1722 1512 1842 1563 titus
1872 1511 1981 1562 mit.
2018 1510 2261 1562 Proestubo
2277 1510 2425 1574 hujus
2442 1522 2635 1574 quoque
2653 1509 2720 1560 rei
2739 1511 2904 1564 testea.

2369 1623 2625 1685 TESTE&

1788 1737 1866 1783 31.
1899 1733 2260 1786 continuarunt
2296 1733 2349 1784 bi
2384 1733 2531 1785 testes
2567 1732 2732 1796 vobis,
2750 1732 2884 1782 hunc
2912 1731 3049 1782 tanto
3068 1731 3284 1795 tempore

1726 1821 1835 1884 post
1862 1823 2116 1874 tormentis
2144 1822 2417 1886 subjectum
2440 1835 2575 1874 esse:
2605 1833 2777 1873 verum
2794 1819 2940 1871 modo
2956 1832 3151 1884 quoque
3178 1821 3281 1870 tor-

1727 1909 1852 1959 tm‘oe
1870 1909 2087 1961 animum
2105 1911 2350 1963 attendite.
2411 1910 2651 1964 Nimirum
2683 1910 2803 1960 falso
2828 1907 3059 1960 indicavit
3082 1919 3163 1959 me
3179 1920 3281 1958 ser-

1727 2009 1846 2061 vus,
1875 1999 1957 2049 cui
1978 1999 2057 2050 vel
2092 1999 2367 2051 libertatem
2398 2000 2447 2051 hi
2469 1999 2811 2064 promiserant,
2848 1997 2925 2048 vel
2952 1996 3032 2047 cui
3054 2008 3113 2046 eo
3138 1995 3285 2046 finem

1727 2087 1983 2138 tormentis
2020 2087 2175 2138 facere
2216 2087 2383 2150 licuit,
2415 2088 2493 2138 vei
2530 2099 2679 2151 quem
2718 2087 2981 2149 utrumque
3021 2083 3281 2148 permovit,

1731 2175 1850 2226 dum
1871 2176 1923 2226 et
1944 2175 2215 2226 libertatem
2245 2175 2468 2240 sperabat
2494 2177 2547 2226 et
2569 2173 2821 2226 tormentis
2850 2173 3013 2224 statim
3034 2172 3182 2222 eximi
3204 2184 3285 2228 cu·

1729 2264 1906 2328 piebat.
1970 2263 2069 2328 (³2)
2104 2267 2203 2315 Vos
2220 2275 2387 2314 omnes
2402 2262 2523 2313 mihi
2550 2261 2779 2312 videmini
2808 2273 2947 2311 nosse
2964 2297 2979 2324 ,
3001 2272 3146 2323 penes
3162 2271 3286 2322 quos

1729 2348 1983 2400 arbitrium
1999 2352 2351 2401 tormentorum
2386 2363 2475 2414 pro
2493 2351 2627 2414 parte
2656 2349 2901 2414 potissima
2924 2349 3017 2412 sit,
3050 2349 3108 2399 iis
3128 2349 3286 2399 saven-

1733 2439 1804 2488 tes
1822 2439 2117 2503 torquendos
2132 2440 2268 2502 grata
2292 2439 2458 2489 auditu
2478 2438 2641 2489 omnia
2656 2438 2943 2502 praedicare3
2968 2437 3032 2488 ab
3069 2437 3143 2488 bis
3160 2436 3287 2488 enim

1731 2527 2111 2578 emolumentum
2130 2527 2233 2578 istis
2249 2529 2483 2591 speratur,
2502 2528 2769 2591 proesertim
2796 2527 2838 2576 si
2866 2527 3068 2577 torturae
3095 2538 3193 2576 non
3211 2525 3286 2574 in·

1730 2615 1903 2666 tersint
1916 2614 1968 2665 hi
1984 2652 1999 2679 ,
2018 2628 2143 2680 quos
2155 2615 2281 2666 servi
2300 2615 2419 2666 falso
2437 2628 2526 2666 suo
2552 2613 2825 2666 testimonio
2846 2614 3041 2665 laedant.
3104 2616 3226 2665 Nam
3248 2613 3289 2664 si

1732 2716 1818 2765 ego
1832 2717 2043 2766 praesens
2065 2703 2203 2753 illum
2216 2717 2411 2754 servum
2430 2702 2644 2767 torqueri
2665 2702 2929 2766 jussissem,
2946 2704 3002 2753 ut
3016 2702 3135 2754 falsa
3151 2700 3290 2752 eden-

1733 2793 1832 2842 tem
1844 2829 1860 2855 ,
1881 2792 2005 2843 sorte
2025 2793 2244 2856 cavisset,
2262 2805 2325 2844 ne
2344 2780 2563 2842 mendaci
2577 2791 2917 2856 praedicatione
2935 2804 3012 2842 me
3028 2792 3251 2854 gravaret
3274 2807 3290 2842 τ

1728 2880 1830 2945 iam
1847 2893 1965 2932 vero
1991 2880 2044 2931 bi
2066 2881 2155 2944 ipsi
2177 2882 2316 2932 erant
2332 2882 2563 2944 tortores,
2587 2879 2827 2944 iidemque
2852 2879 3124 2944 torquendo
3146 2880 3291 2942 impe·
3320 2918 3325 2922 .

1734 2969 1906 3020 rabant
1931 2983 1989 3020 ea
2010 2969 2169 3020 dicere
2191 2983 2303 3034 quae
2325 2970 2539 3034 ipsorum
2570 2981 2598 3020 e
2625 2982 2677 3018 re
2703 2970 2827 3019 esset
2852 2968 2964 3019 dici.
3000 2967 3101 3032 (33)
3128 2971 3293 3019 Donec

1733 3057 1898 3120 itaque
1933 3071 2130 3108 servum
2161 3057 2340 3108 blanda
2355 3071 2464 3120 spes
2484 3057 2710 3119 lactaret,
2736 3057 2839 3106 fore
2864 3057 2921 3105 ut
2940 3055 3184 3106 mendacis
3211 3053 3292 3106 ad·

1732 3158 1902 3196 versus
1924 3158 2003 3196 me
2015 3145 2387 3196 denuntiationis
2402 3146 2535 3196 fraus
2564 3144 2652 3195 sibi
2670 3143 2940 3207 prodesset,
2963 3143 3294 3206 perseverabat

1734 3233 1784 3284 in
1808 3234 1897 3285 iata
1923 3233 2259 3298 praedicatione
2292 3233 2589 3298 zinteliigens
2612 3234 2775 3282 autem
2806 3233 2986 3283 certam
3014 3231 3105 3283 sibi
3125 3245 3293 3283 necem

1735 3323 1919 3386 parari,
1948 3324 2053 3373 tum
2077 3322 2275 3374 demum
2297 3322 2444 3386 coepit
2468 3320 2719 3372 veritatem
2751 3334 3011 3385 usurpare,
3050 3322 3295 3385 lassusque

1737 3412 1810 3461 est
1833 3425 1885 3463 se
1902 3410 1965 3461 ab
1983 3411 2059 3462 his
2074 3411 2337 3474 impulsum
2356 3409 2577 3461 mendaci
2593 3410 2770 3460 indicio
2788 3423 2866 3461 me
2886 3410 3157 3461 infamasse.
3192 3409 3293 3474 (34)

1738 3500 1810 3550 Ita
1829 3511 1986 3563 neque
2017 3500 2219 3550 conatus
2237 3497 2500 3549 mentiendi
2530 3511 2689 3562 neque
2711 3497 2891 3549 candor
2908 3498 3185 3550 veracitatis
3204 3498 3293 3548 bo·

1737 3587 1856 3637 mini
1885 3587 2102 3651 profuit,
2126 3586 2211 3638 sed
2237 3587 2592 3638 tormentorum
2623 3585 2884 3638 acerbitate
2923 3589 3185 3638 enecarunt
3206 3585 3295 3651 ipsi

1739 3689 1884 3727 suum
1906 3675 2141 3739 indicem,
2156 3689 2255 3740 quo
2279 3674 2478 3726 fidentes
2492 3687 2572 3725 me
2594 3674 2904 3738 insectantur,
2926 3675 3090 3739 quain
3111 3689 3161 3726 re
3178 3689 3295 3726 oon·

1741 3766 1818 3816 tra
1853 3765 2035 3815 faciunt
2067 3767 2214 3828 atque
2243 3763 2325 3814 alii
2350 3776 2519 3814 omnes
2548 3763 2778 3816 homines.
2839 3767 2961 3815 Nam
2993 3763 3073 3814 alii
3098 3763 3294 3828 quidem

1739 3853 1947 3904 indicem
1964 3852 2055 3903 sibi
2080 3852 2369 3916 secundum,
2405 3857 2446 3902 st
2477 3851 2767 3903 conditionis
2794 3852 3013 3914 ingenuae
3043 3855 3143 3915 est,
3163 3852 3297 3915 largi·

1736 3943 1951 3994 tionibus
1966 3941 2243 4004 cumulant3
2266 3941 2342 3992 sin
2364 3942 2528 3991 autem
2547 3954 2716 3992 servus
2740 3942 2813 3992 est
2824 3978 2840 4004 ,
2863 3955 3009 3991 manu
3028 3942 3257 3993 emittunt
3280 3961 3293 3994 ε

1737 4031 1921 4081 bivero
1940 4029 2146 4081 indicem
2158 4043 2302 4081 suum
2319 4029 2517 4093 praemio
2543 4029 2676 4080 necis
2692 4031 2951 4092 ornarunt,
2970 4029 3295 4093 nequicquam

1738 4118 2089 4171 obtestantibus
2113 4118 2165 4169 et
2188 4117 2583 4168 interdicentibus
2620 4117 2787 4168 amicis
2822 4117 2941 4168 meis
2984 4130 3047 4167 ne
3087 4117 3295 4167 facerent

1737 4208 2017 4272 priusquam
2044 4219 2131 4268 ego
2169 4204 2460 4256 advenirem.
2526 4204 2625 4268 (35)
2654 4206 2763 4262 Quo
2790 4205 2977 4254 constat
2994 4217 3078 4255 eos
3095 4217 3295 4268 corpore

1741 4295 1907 4346 indicis
1921 4293 1989 4344 nil
2006 4292 2265 4356 indiguisse
2280 4329 2295 4356 ,
2332 4291 2418 4344 sed
2438 4289 2743 4342 solummodo
2758 4290 2953 4342 indicio.
3016 4291 3295 4342 Metuebant

1740 4397 1941 4448 nempe,
1972 4394 2035 4433 ne
2045 4419 2061 4446 ,
2080 4383 2119 4432 si
2137 4381 2333 4432 veniens
2354 4393 2441 4444 ego
2460 4378 2669 4430 eundern
2686 4391 2883 4430 servum
2902 4392 3069 4430 rursus
3080 4381 3296 4431 tormen-

1739 4475 1804 4525 tis
1820 4472 2103 4536 subjicerem
2113 4509 2129 4536 ,
2150 4472 2361 4536 ipsorum
2374 4467 2567 4520 insidias
2587 4469 2638 4519 in
2653 4469 2798 4533 caput
2822 4481 2985 4519 meum
3002 4471 3299 4532 comparatas

1742 4561 1969 4627 proderet
2013 4581 2025 4612 ι
2066 4560 2259 4612 sublato
2292 4561 2457 4611 autem
2492 4557 2577 4608 illo
2614 4556 2677 4608 de
2704 4556 2864 4608 medio
2880 4593 2896 4621 ,
2924 4569 3021 4608 una
3047 4569 3161 4607 cum
3197 4559 3299 4622 ipso
3356 4573 3361 4576 ·

1743 4663 1945 4714 corpore
1964 4649 2170 4714 perierat
2184 4662 2379 4712 quoque
2396 4644 2610 4699 veritatis
2626 4643 2913 4708 exploratio,
2924 4641 3301 4707 mendacemque

1744 4738 2007 4790 indicinam
2032 4741 2223 4788 tantum
2244 4735 2499 4800 spmbant
2526 4734 2786 4785 valituram
2812 4733 2871 4782 ut
2891 4744 2980 4796 pro
3002 4743 3115 4782 vera
3136 4731 3299 4782 habita

1744 4839 1824 4878 me
1839 4825 2076 4891 perderet.
2144 4826 2331 4876 Horum
2354 4827 2411 4875 tu
2428 4821 2545 4874 mihi
2568 4823 2713 4875 testes
2737 4822 2848 4873 cita.

2394 4988 2674 5056 [TESTES]

1810 5111 1889 5159 36.
1925 5104 2191 5170 Oportebat
2226 5105 2485 5168 nimirum,
2510 5104 2563 5154 ni
2597 5103 2757 5166 fallor,
2787 5114 2869 5152 eos
2888 5101 2986 5153 huc
3010 5100 3301 5152 adducentes

1745 5195 1957 5249 indicem
1979 5195 2141 5260 ipsum
2175 5208 2255 5246 me
2290 5206 2575 5258 coarguere,
2601 5193 2800 5256 ipsoque
2827 5204 2885 5241 eo
2906 5192 3185 5254 argumento
3219 5202 3300 5242 me

1747 5298 2049 5352 oppugnare,
2080 5284 2210 5350 quod
2238 5283 2445 5335 indicem
2475 5295 2643 5333 eorum
2663 5280 2946 5344 exhibeant,
2974 5278 3172 5344 eiusque
3192 5279 3300 5331 tor·-
