3825 5842
530 409 637 462 184

1147 390 1426 453 ΛΥΣΙΟΥ
1466 393 1520 452 Ο.
1561 390 1771 451 ΥΠΕΡ
1808 390 1963 452 ΤΩΝ
2003 388 2608 451 ΑΡΙΣΤΟΦΑΝΟΥΣ
2648 386 3099 449 ΧΡΗΜΑΤΩΝ.

3436 388 3697 464 (θη-θῖν’)

446 556 498 595 40
520 554 604 599 νος
622 575 637 605 ,
665 531 768 588 τῶν
797 522 1221 604 ὁμολογουμένων
1245 520 1456 588 δικαίως
1475 523 1837 601 ἀποφανθῆναι
1853 522 1943 578 ὑπ’
1972 522 2075 578 αὖ·
2166 526 2432 592 copiosiora
2463 524 2781 589 habebantur,
2822 536 3131 589 quorumque
3153 523 3443 587 computum
3475 526 3565 574 rite
3578 524 3637 574 ab
3654 540 3705 576 ee

524 625 615 678 τοῦ
645 615 836 677 ἐκείνου
854 659 870 688 ,
896 610 1302 673 πολλαπλασίων
1325 609 1622 685 ,δοκούντων
1652 608 1814 669 πλέον
1843 608 1879 681 ἢ
1901 609 2073 690 τρίτον

526 705 678 787 μέρος
706 702 943 786 φαίνεται
964 699 1031 760 τὰ
1060 698 1473 780 Ἀριστοφάνους.
1559 698 1668 759 Καὶ
1706 700 1764 757 οὗ
1797 699 2073 776 προσλογι-

524 793 716 871 ζόμεθα
762 790 860 851 ὅσα
904 788 1055 855 αὐτὸς
1099 790 1150 847 ἐν
1205 786 1402 868 Κύπρῳ
1445 785 1569 866 ἔσχε
1619 785 1951 867 Νικόφημος,
1988 784 2073 844 οὔ·

524 906 618 958 σης
642 883 783 961 αὐτῷ
813 882 919 937 ἐκεῖ
940 874 1176 955 γυναικὸς
1201 874 1291 935 καὶ
1311 875 1578 955 θυγατρός.

539 1014 570 1035 ,.
601 990 676 1030 45·
720 964 863 1045 Ἐγὼ
887 964 980 1044 μὲν
1010 966 1103 1024 οὐκ
1136 962 1296 1035 ἀξιῶ,
1335 953 1380 1023 ὦ
1409 962 1588 1043 ἄνδρες
1623 960 1898 1035 δικασταί,
1941 958 2077 1020 οὕτω

524 1055 695 1121 πολλὰ
745 1054 836 1114 καὶ
885 1051 1092 1132 μεγάλα
1141 1048 1402 1131 τεκμήρια
1451 1048 1886 1131 παρασχομένους
1932 1052 2077 1126 ἡμᾶς

525 1144 811 1223 ἀπολέσθαι
839 1142 1044 1209 ἀδίκως.
1154 1138 1379 1211 Ἀκήκοα
1405 1137 1507 1220 γὰρ
1539 1139 1704 1218 ἔγωγε
1725 1137 1816 1198 καὶ
1842 1142 1933 1196 τοῦ
1978 1160 2077 1195 πα·

429 1233 641 1315 ι56τρὸς
664 1234 754 1293 καὶ
788 1230 959 1289 ἄλλων
985 1226 1373 1310 πρεσὸυτέρων,
1401 1226 1481 1286 ὅτι
1515 1228 1574 1286 οὗ
1613 1230 1704 1285 νῦν
1737 1224 1910 1304 μόνον,
1939 1223 2076 1284 ἀλλὰ

523 1318 621 1379 καὶ.
655 1321 708 1378 ἐν
752 1320 828 1400 τῷ
851 1315 1071 1397 πρόσθεν
1110 1313 1281 1395 χρόνῳ
1315 1315 1522 1373 πολλῶν
1549 1311 1832 1394 ἐψεύσθητε
1869 1316 1964 1383 τῆς
1989 1313 2073 1369 οὖ-

527 1407 684 1482 σίας,
701 1406 792 1465 καὶ
836 1408 1019 1474 ζῶντες
1053 1402 1150 1480 μὲν
1174 1404 1413 1461 πλουτεῖν
1441 1400 1652 1461 ἐδόκουν
1677 1448 1692 1473 ,
1737 1397 2078 1466 ἀποθανόντες

525 1495 580 1554 δὲ
607 1493 740 1554 πολὺ
765 1490 910 1572 παρὰ
927 1488 1020 1562 τὴν
1041 1488 1190 1557 δόξαν
1218 1487 1313 1559 τὴν
1347 1487 1598 1568 ὑμετέραν
1618 1486 1899 1567 ἐφάνησαν.
1983 1487 2072 1565 (46)

522 1579 729 1643 Αὐτίκα
753 1578 1076 1658 Ἰσχομάχῳ,
1109 1576 1203 1643 ἕως
1229 1574 1349 1649 ἔζη,
1373 1573 1563 1641 πάντες
1581 1572 1742 1653 ᾤοντο
1762 1564 1894 1633 εἶναι
1920 1571 2077 1632 πλέον

523 1666 560 1739 ἢ
587 1666 945 1743 ἑὸδομήκοντα
984 1664 1248 1740 τάλαντα,
1276 1667 1345 1729 ὣς
1386 1660 1492 1740 ἐγὼ
1531 1659 1720 1719 ἀκούω·
1765 1659 2076 1738 ἐνειμάσθην

470 1774 497 1812 5
526 1754 580 1819 δὲ
607 1753 682 1814 τὼ
723 1753 827 1813 υἱέε
864 1750 982 1811 οὐδὲ
1016 1749 1141 1809 δέκα
1179 1750 1414 1809 τάλαντα
1452 1747 1680 1829 ἑκατέρω
1712 1746 2079 1816 ἀποθανόντες.

525 1839 780 1922 Στεφάνῳ
806 1837 862 1897 δὲ
884 1842 958 1918 τῷ
985 1835 1201 1899 Θάλλου
1233 1834 1437 1913 ἐλέγετο
1468 1825 1598 1894 εἶναι
1639 1834 1796 1894 πλέον
1823 1833 2077 1908 ἢπεντή-

523 1951 681 1989 κοντα
701 1926 991 2002 ταλάντων,
1020 1922 1362 1992 ἀποθανόντος
1389 1924 1434 1981 δ’
1453 1926 1487 1994 ἡ
1517 1920 1666 1982 οὐσία
1685 1922 1846 2004 ἐφάνη
1869 1922 1987 2003 περὶ
2004 1922 2080 1983 ἕν·

524 2017 649 2075 δεκα
668 2016 922 2075 τάλαντα.
958 2013 1046 2093 (47)
1076 2010 1145 2074 ‘O
1168 2010 1336 2072 τοίνυν
1351 2012 1538 2073 Νικίου
1562 2002 1698 2078 οἶκος
1725 2012 2077 2091 προσεδοκᾶτο

523 2092 655 2161 εἶναι
690 2104 783 2161 οὐκ
821 2100 1034 2159 ἔλαττον
1061 2097 1096 2170 ἢ
1122 2096 1305 2158 ἑκατὸν
1331 2097 1602 2167 ταλάντων
1622 2142 1639 2173 ,
1669 2098 1758 2156 καὶ
1781 2096 1975 2156 τούτων
2011 2096 2078 2156 τὰ

523 2189 693 2250 πολλὰ
721 2188 862 2249 ἔνδον
891 2179 973 2261 ἦν·
1017 2186 1313 2267 Νικήρατος
1355 2186 1400 2244 δ’
1423 2182 1501 2243 ὅτ’
1531 2183 1878 2259 ἀπέθνησκεν,
1916 2184 2079 2267 ἀργύ-

525 2300 632 2359 ριον
666 2275 760 2355 μὲν
784 2272 818 2348 ἢ
844 2274 1059 2356 χρυσίον
1087 2275 1194 2333 οὐδ’
1233 2272 1386 2338 αὐτὸς
1422 2272 1521 2353 ἔφη
1563 2274 1868 2332 καταλιπεῖν
1897 2272 2074 2352 οὐδέν,

525 2363 661 2423 ἀλλὰ
689 2362 784 2435 τὴν
820 2362 998 2422 οὐσίαν
1049 2360 1114 2433 ἣν
1156 2359 1405 2419 κατέλιπε
1451 2362 1526 2441 τῷ
1558 2362 1692 2437 υἱεῖ,
1739 2362 1798 2418 οὗ
1845 2360 2077 2428 πλείονος

447 2466 498 2505 10
523 2450 644 2521 ἀξία
666 2449 804 2510 ἐστὶν
827 2448 862 2522 ἢ
888 2447 1150 2529 τεττάρων
1170 2447 1260 2506 καὶ
1279 2446 1406 2505 δέκα
1432 2446 1721 2507 ταλάντων.
1811 2446 1900 2525 (48)
1936 2449 2078 2507 Καλ-

522 2539 638 2606 λίας
662 2537 829 2598 τοίνυν
861 2539 889 2595 ὁ
918 2534 1220 2597 Ἱππονίκου
1237 2578 1252 2607 ,
1289 2532 1376 2593 ὅτε
1399 2532 1586 2593 νεωστὶ
1632 2533 1892 2605 ἐτεθνήκει
1921 2538 1949 2594 ὁ
1972 2558 2077 2593 πα-

521 2626 620 2707 τήρ
639 2672 656 2704 ,
702 2628 926 2685 πλεῖστα
964 2627 1067 2682 τῶν
1108 2620 1378 2694 Ἑλλήνων
1427 2621 1594 2681 ἐδόκει
1637 2626 1948 2694 κεκτῆσθαι,
1986 2622 2077 2681 καὶ

522 2715 592 2781 ὥς
635 2736 790 2795 φησι,
836 2709 1110 2769 διακοσίων
1167 2706 1438 2767 ταλάντων
1498 2706 1786 2784 ἐτιμήσατο
1839 2710 1999 2767 αὐτοῦ
2048 2713 2076 2769 ὁ

521 2801 752 2868 πάππος·
776 2798 838 2858 τὸ
875 2796 1058 2857 τούτου
1083 2796 1254 2856 τοίνυν
1277 2795 1465 2873 τίμημ’
1499 2794 1614 2855 οὐδὲ
1643 2796 1781 2854 δυοῖν
1802 2794 2076 2856 ταλάντοιν

521 2888 650 2950 ἐστί.
745 2889 1060 2967 Κλεοφῶντα
1088 2877 1142 2943 δὲ
1169 2883 1360 2950 πάντες
1379 2882 1520 2957 ἴστε,
1553 2883 1634 2941 ὅτι
1662 2881 1833 2942 πολλὰ
1858 2883 1949 2957 ἔτη
1975 2885 2075 2945 διε-

520 2976 718 3058 χείρισε
740 2974 808 3035 τὰ
835 2979 928 3047 τῆς
953 2974 1152 3038 πόλεως
1193 2971 1367 3029 πάντα
1406 2970 1496 3031 καὶ
1538 2974 1890 3052 προσεδοκᾶτο
1931 2973 2070 3050 πάμ-

383 3108 396 3123 .
523 3066 694 3123 πολλα
720 3065 780 3123 ἐκ
804 3067 896 3135 τῆς
925 3064 1091 3142 ἀρχῆς
1113 3059 1269 3139 ἔχειν·
1303 3058 1645 3126 ἀποθανόντος
1667 3058 1712 3117 δ’
1735 3061 1896 3118 αὐτοῦ
1927 3062 2073 3120 οὖδα-

446 3174 494 3213 15
523 3158 622 3230 μοῗὶ
645 3153 780 3225 δῆλα
806 3152 874 3209 τὰ
902 3149 1186 3230 χρήματα,
1214 3137 1350 3205 ἀλλὰ
1380 3148 1470 3207 καὶ
1511 3150 1558 3207 οἱ
1588 3147 1939 3228 προσήκοντες
1982 3150 2074 3210 καὶ

520 3241 567 3297 οἳ
591 3236 860 3310 κηδεσταί,
891 3239 1018 3315 παρ’
1047 3226 1122 3301 οἷς
1148 3234 1444 3307 κατέλιπεν,
1473 3233 1897 3313 ὁμολογουμένως
1920 3235 2075 3309 πένη·

521 3324 603 3393 τές
632 3328 749 3383 εἶσι.
835 3321 921 3403 (4ο)
955 3321 1266 3401 Φαινόμεθα
1295 3321 1358 3394 δὴ
1389 3322 1477 3380 καὶ
1506 3326 1608 3381 τῶν
1637 3322 2069 3403 ἀρχαιοπλούτων

520 3411 654 3472 πολὺ
685 3410 990 3493 ἐψευσμένοι
1021 3409 1236 3470 καὶτῶν
1269 3407 1453 3469 νεωστὶ
1470 3408 1615 3489 παρὰ
1637 3410 1698 3469 τὸ
1725 3409 1858 3479 εἰκὸς
1877 3414 1929 3469 ἐν
1952 3410 2070 3493 δόξῃ

517 3498 897 3580 γεγενημένων.
984 3495 1165 3558 Αἴτιον
1195 3496 1251 3566 δέ
1290 3520 1378 3573 μοι
1403 3498 1542 3556 δοκεῖ
1573 3486 1704 3556 εἶναι
1721 3542 1738 3571 ,
1767 3496 1848 3557 ὅτι
1885 3498 2074 3578 ῥᾳδίως

520 3586 652 3653 τινὲς
670 3587 903 3663 τολμῶσι
929 3582 1096 3662 λέγειν
1119 3587 1188 3651 ὡς
1208 3588 1236 3643 ὁ
1255 3586 1396 3644 δεῖνα
1421 3584 1531 3666 ἔχει
1559 3583 1791 3644 τάλαντα
1817 3584 1991 3645 πολλὰ
2014 3590 2072 3646 ἐκ

519 3678 615 3747 τῆς
654 3675 837 3753 ἀρχῆς.
937 3671 1047 3733 Καὶ
1075 3670 1174 3729 ὅσα
1215 3670 1310 3749 μὲν
1338 3671 1458 3752 περὶ
1491 3670 1781 3731 τεθνεώτων
1809 3672 2072 3752 λέγουσιν,

519 3764 577 3822 οὗ
603 3760 740 3822 πάνυ
765 3759 1018 3838 θαυμάζω
1050 3760 1139 3839 (οὗ
1159 3757 1261 3841 γὰρ
1280 3758 1382 3819 ὑπό
1407 3782 1467 3839 γε
1503 3758 1708 3819 ἐκείνων
1731 3759 2073 3842 ἐξελεγχθεῖεν

441 3874 498 3915 20
522 3850 638 3931 ἄν),
661 3850 778 3908 ἀλλ’
807 3846 905 3908 ὅσα
927 3846 1130 3918 ζώντων
1171 3850 1490 3928 ἐπιχειροῦσι
1521 3847 1954 3927 καταψεύδεσθαι.
1976 3851 2070 3929 (so)

519 3938 682 4001 Αὐτοὶ
709 3935 810 4020 γὰρ
839 3934 1054 4017 ἔναγχος
1081 3934 1294 4007 ἠκούετε
1320 3937 1374 3993 ἐν
1394 3940 1460 4017 τῇ
1485 3935 1766 4016 ἐκκλησίᾳ,
1795 3940 1864 4004 ὡς
1888 3936 2071 3999 Διότι-

521 4048 616 4105 μος
659 4024 772 4106 ἔχοι
798 4022 1034 4083 τάλαντα
1051 4020 1454 4103 ’τετταράκοντα
1496 4023 1662 4082 πλείω
1703 4022 1740 4095 ἢ
1780 4021 1879 4083 ὅσα
1922 4022 2074 4092 αὐτὸς

517 4113 775 4192 ὡμολόγει
785 4111 933 4194 παρὰ
955 4114 1056 4171 τῶν
1071 4110 1378 4192 ναυκλήρων
1393 4110 1484 4169 καὶ
1500 4110 1758 4193 ἐμπόρων·
1777 4111 1866 4170 καὶ
1887 4116 2071 4187 ταῦτα,

519 4200 697 4273 ἐπειδὴ
731 4194 884 4273 ἦλθεν
903 4246 919 4273 ,
949 4200 1142 4259 ἐκείνου
1169 4198 1558 4281 ἀπογράφοντος
1579 4200 1670 4259 καὶ
1696 4202 1945 4279 χαλεπῶς
1974 4199 2072 4282 φέ-

523 4309 690 4369 ροντος
710 4286 790 4346 ὅτι
827 4284 974 4346 ἀπὼν
995 4285 1298 4345 διεὸάλλετο
1314 4332 1330 4357 ,
1359 4286 1522 4354 οὐδεὶς
1546 4286 1801 4366 ἐξήλεγξε,
1827 4286 2073 4365 δεομένης

521 4373 614 4455 μὲν
633 4380 727 4447 τῆς
752 4374 952 4442 πόλεως
968 4373 1282 4455 χρημάτων,
1306 4374 1561 4443 ἐθέλοντος
1583 4373 1637 4434 δὲ
1650 4374 1846 4433 ἐκείνου
1858 4374 2071 4454 λογίσα-

518 4467 656 4523 σθαι.
688 4463 774 4543 (ω)
800 4460 1141 4539 Ἐνθυμεῒσθε
1167 4460 1337 4521 τοίνυν
1361 4454 1466 4522 οἷον
1488 4461 1550 4521 ἂν
1569 4461 1800 4541 ἐγένετο,
1834 4466 1879 4521 εἰ
1911 4461 2072 4534 Ἀθη-

435 4568 487 4605 2³
516 4550 673 4613 ναίων
708 4547 954 4607 ἁπάντων
981 4548 1280 4621 ἀκηκοότων
1312 4547 1392 4607 ὅτι
1421 4547 1804 4629 τετταράκοντα
1831 4547 2067 4609 τάλαντα

517 4638 630 4717 ἔγοι
661 4633 920 4714 Διότιμος,
951 4628 1064 4695 εἶτα
1090 4635 1251 4695 ἔπαθέ
1280 4660 1333 4695 τι
1363 4634 1487 4717 πρὶν
1518 4638 1877 4695 καταπλεῦσαι
1905 4637 2069 4717 δεῦρο.

516 4704 650 4787 Εἶτα
665 4727 710 4784 οἱ
730 4722 1076 4803 προσήκοντες
1099 4722 1162 4781 ἂν
1183 4726 1339 4782 αὐτοῦ
1359 4726 1412 4782 ἐν
1439 4722 1656 4805 κινδύνῳ
1673 4716 1808 4797 ἦσαν
1830 4728 1905 4804 τῷ
1933 4724 2073 4805 μεγί-

517 4838 650 4895 στῳ,
671 4816 716 4871 εἶ
743 4812 847 4871 ἔδει
875 4811 1057 4879 αὐτοὺς
1078 4810 1205 4891 πρὸς
1235 4808 1492 4883 τοσαύτην
1523 4812 1770 4884 διαὸολὴν
1799 4815 2072 4892 ἀπολογεῖ-

515 4902 659 4987 σθαι,
687 4900 761 4979 μὴ
790 4898 988 4967 εἰδότας
1011 4900 1173 4976 μηδὲν
1195 4902 1298 4959 τῶν
1331 4900 1731 4981 πεπραγμένων.
1793 4901 1961 4962 Αἴτιοι
1985 4892 2071 4962 οῧν

513 4995 613 5057 εἰσι
649 4990 741 5050 καὶ
764 4995 884 5067 ὑμῖν
908 4990 1115 5049 πολλῶν
1149 4988 1248 5062 ἤδη
1270 4991 1558 5071 ψευσθῆναι
1579 4988 1670 5049 καὶ
1692 4988 1756 5061 δὴ
1796 4990 1986 5059 ἀδίκως
2010 4990 2071 5069 γέ

512 5104 653 5148 τινας
678 5078 862 5161 ῥᾳδίως
891 5076 1175 5137 ἀπολέσθαι
1197 5079 1244 5136 οἱ
1269 5078 1561 5154 τολμῶντες
1581 5075 1859 5158 ψεύδεσθαι
1879 5077 1971 5136 καὶ
1989 5102 2072 5139 συ-

439 5183 492 5223 30
513 5175 780 5250 κοφαντεῖν
799 5165 1095 5249 ἀνθρώπους
1114 5168 1495 5243 ἐπιθυμοῦντες.
1555 5168 1649 5247 (⁶2)
1665 5164 1877 5227 Ἔπειτ’
1896 5166 2071 5245 οἴομαι

2161 618 2264 681 ipso
2313 617 2518 667 relatum
2550 614 2695 665 fuisse
2730 616 2945 677 constat,
2984 613 3177 664 tertiam
3207 614 3401 676 partem
3436 618 3703 677 exsuperent

2170 706 2297 756 bona
2323 704 2672 768 Aristophanis.
2738 706 2906 766 Neque
2923 702 3003 753 hic
3020 701 3395 751 adnumeramus
3410 714 3707 767 quaecumque

2164 794 2487 858 Nicophemus
2511 793 2563 843 in
2595 796 2754 856 cypro
2773 790 3009 855 possedit,
3042 803 3194 854 quum
3212 790 3277 839 ibi
3296 790 3502 841 haberet
3520 805 3703 841 uxorem

2163 884 2213 933 et
2230 882 2395 932 filiam.

2224 974 2303 1021 45.
2332 973 2465 1032 Rogo
2489 982 2577 1020 vos
2598 968 2761 1033 igitur,
2780 966 2994 1031 judices,
3012 980 3074 1017 ne
3100 980 3215 1029 nos,
3236 968 3313 1017 tot
3334 967 3389 1017 et
3416 968 3554 1017 tanta
3568 968 3707 1029 proie-
3742 958 3749 963 ’

2163 1053 2323 1102 rentes
2338 1052 2621 1114 argumenta
2632 1087 2648 1114 ,
2668 1050 2844 1113 injuste
2862 1048 3071 1111 perditos
3087 1047 3262 1099 velitis.
3316 1048 3498 1099 Audivi
3516 1050 3639 1100 enim
3654 1064 3707 1100 ex

2162 1141 2297 1204 patre
2316 1140 2517 1203 aliisque
2534 1140 2678 1190 aetate
2693 1136 3073 1202 provectioribus
3084 1174 3101 1200 ,
3116 1136 3247 1201 quod
3258 1150 3361 1187 non
3384 1137 3529 1188 hodie
3542 1138 3707 1195 solum.

2162 1240 2333 1278 verum
2359 1228 2505 1278 etiam
2538 1226 2655 1276 olim
2682 1224 2744 1276 de
2777 1224 2982 1275 aliorum
3012 1224 3216 1275 fortunis
3243 1226 3413 1275 vestra
3442 1238 3532 1275 vos
3570 1227 3709 1289 opinio

2164 1316 2328 1365 fefellit
2349 1336 2361 1365 :
2388 1316 2472 1378 qui
2495 1314 2598 1364 vivi
2638 1314 2837 1377 quidem
2870 1312 3131 1376 locupletes
3161 1313 3488 1375 habebantur,
3522 1328 3708 1377 quoru-

2162 1403 2325 1451 tamen
2363 1402 2666 1451 mortuorum
2687 1412 2765 1449 res
2780 1398 2921 1461 longe
2944 1398 3067 1448 infra
3097 1412 3232 1461 spem
3251 1402 3471 1449 vestram
3500 1400 3707 1450 cecidere.

2166 1490 2263 1552 (46)
2283 1489 2431 1540 Verbi
2454 1490 2605 1552 gratia
2620 1524 2635 1552 ,
2654 1487 3021 1539 Ischomachum
3034 1524 3050 1549 ‚
3070 1485 3189 1537 dum
3210 1488 3441 1550 vivebat,
3466 1502 3625 1537 omnes
3642 1502 3706 1538 ar-

2163 1578 2465 1629 bitrabantur
2485 1576 2661 1627 habere
2676 1576 2811 1627 ultra
2825 1576 3123 1640 septuaginta
3143 1577 3327 1627 talenta
3343 1613 3360 1637 ,
3380 1578 3440 1627 ut
3458 1576 3595 1626 audio
3612 1596 3625 1626 =
3642 1578 3708 1627 illo

2163 1670 2326 1719 autem
2346 1670 2538 1719 mortuo
2550 1704 2565 1729 ,
2594 1668 2694 1717 tilio
2711 1666 2905 1731 utrique
2920 1680 2983 1718 ne
3001 1666 3167 1717 decem
3189 1666 3395 1730 quidem
3410 1665 3587 1715 talenta
3606 1679 3705 1713 con·
3753 1660 3754 1663 ’

2163 1752 2387 1814 tigerunt.
2410 1751 2682 1815 Stephanus
2693 1788 2709 1815 ,
2732 1752 2891 1802 Thalli
2924 1750 3079 1813 filius,
3110 1750 3224 1813 plus
3247 1763 3401 1813 quam
3436 1748 3707 1812 sepmaginta

2164 1840 2343 1891 talenta
2362 1840 2611 1890 dicebatur
2633 1840 2895 1903 possedisse
2916 1858 2930 1891 ι
2958 1841 3179 1891 mortuus
3194 1838 3396 1902 reliquit
3421 1837 3606 1888 circiter
3626 1850 3700 1886 un·

2163 1926 2337 1977 decim.
2403 1927 2504 1991 (47)
2526 1927 2673 1977 Niciae
2686 1928 2939 1978 facultates
2954 1927 3275 1977 credebantur
3292 1940 3396 1976 non
3411 1926 3611 1974 minores
3622 1936 3705 1973 sse

2163 2028 2310 2078 quam
2346 2016 2528 2066 talenta
2560 2016 2787 2077 centum;
2821 2017 2968 2078 atque
3004 2014 3175 2063 harum
3213 2012 3431 2074 plurima
3469 2024 3574 2073 pars
3592 2008 3701 2062 domi

2166 2100 2269 2149 erat
2293 2117 2307 2149 ι
2342 2098 2594 2150 Niceratus
2630 2098 2779 2162 ipsius
2810 2098 2938 2149 filius
2967 2097 3069 2161 jam
3092 2096 3361 2147 moriturus
3391 2095 3639 2146 affirmarit
3660 2106 3701 2143 sa

2164 2186 2283 2237 nihil
2315 2187 2423 2237 auri
2449 2189 2500 2238 et
2529 2187 2713 2250 argenti
2747 2186 3017 2250 relinquere
3028 2204 3045 2250 ς
3082 2187 3283 2249 totaque
3316 2185 3441 2236 adeo
3476 2198 3551 2235 res
3580 2196 3701 2247 quam

2164 2274 2263 2326 filio
2294 2275 2498 2338 legavit,
2518 2288 2575 2326 ea
2592 2289 2691 2326 non
2706 2275 2856 2339 pluris
2882 2274 3151 2325 aestirnatur
3174 2286 3326 2338 quam
3346 2271 3699 2337 quattuordecim

2162 2363 2371 2414 talentis.
2436 2362 2535 2426 (48)
2570 2363 2746 2414 callias
2780 2362 2954 2413 deinde
2978 2362 3109 2411 tilius
3136 2361 3397 2425 Hipponici
3412 2399 3429 2425 ,
3463 2362 3571 2426 qui,
3590 2362 3701 2423 patre

2162 2464 2317 2515 nuper
2338 2453 2560 2515 mortuo,
2580 2451 2849 2502 habebatur
2870 2449 3087 2500 omnium
3122 2453 3410 2501 Graecorum
3442 2448 3695 2507 ditissimus,

2164 2538 2397 2603 cujusque
2416 2552 2563 2602 avua,
2594 2540 2668 2590 uti
2702 2538 2845 2601 dicit,
2882 2551 2987 2588 rem
3020 2550 3157 2587 suam
3192 2537 3478 2587 familiarem
3512 2536 3699 2586 ducentis

2163 2625 2355 2676 talentis
2388 2625 2673 2687 aestimavit,
2704 2637 2837 2674 nunc
2865 2638 2929 2675 ne
2958 2626 3167 2676 duorum
3204 2625 3404 2689 quidem
3435 2626 3696 2675 talentorum
3752 2642 3754 2687 i

2162 2729 2359 2768 censum
2380 2715 2558 2768 habere
2574 2715 2895 2769 existimatur.
2960 2716 3310 2779 Cleophontem
3334 2728 3503 2767 omnes
3530 2713 3698 2764 novistis

2164 2806 2390 2855 universa
2412 2805 2687 2869 reipublicae
2707 2802 2836 2855 bona
2866 2816 2953 2869 per
2974 2804 3139 2867 plures
3170 2815 3325 2854 annos
3348 2803 3693 2863 administraoeu

2161 2892 2419 2955 putabatur
2438 2906 2633 2956 quoque
2654 2893 2881 2957 grandem
2911 2890 3165 2957 pecuniam
3200 2904 3265 2941 ex
3302 2890 3566 2941 honoribus
3594 2900 3695 2951 quos

2160 2981 2367 3043 gesserat
2380 2981 2622 3043 collegisse
2643 3000 2656 3031 z
2682 2980 2921 3031 demortui
2943 2983 3109 3031 autem
3127 2976 3257 3031 bona
3276 2992 3515 3043 nusquam
3535 2990 3693 3040 eompa-

2160 3074 2390 3132 ruerunt,
2424 3069 2685 3133 affinesque
2710 3071 2761 3120 et
2782 3070 3101 3133 propinquos,
3130 3069 3309 3133 quibus
3328 3068 3487 3120 omnia
3506 3064 3689 3128 reliquit,

2160 3159 2347 3207 constat
2372 3170 2475 3208 esse
2491 3170 2739 3221 pauperes.
2802 3158 2901 3221 (49)
2924 3159 3093 3221 Itaque
3108 3158 3245 3221 patet
3264 3171 3359 3209 nos
3388 3156 3535 3220 decipi
3562 3165 3689 3218 quum

2158 3244 2285 3295 circa
2300 3258 2385 3295 eos
2402 3244 2489 3309 qui
2505 3245 2608 3307 jam
2626 3245 2892 3309 antiquitus
2907 3244 3202 3296 ditescehant
3213 3283 3229 3309 ,
3257 3248 3369 3297 tum
3394 3258 3502 3309 erga
3519 3258 3593 3295 eos
3620 3236 3688 3304 qu'i

2158 3332 2387 3395 nuperius
2402 3332 2678 3383 divitiarum
2710 3332 2836 3383 fama
2860 3333 3239 3385 innotescebant.
3304 3334 3459 3398 cujus
3482 3332 3544 3382 rei
3571 3341 3688 3379 eausa

2158 3420 2277 3471 mihi
2307 3420 2497 3471 videtur
2517 3434 2649 3485 esse,
2683 3420 2816 3484 quod
2838 3420 3036 3483 quidam
3056 3423 3239 3472 temere
3272 3422 3509 3471 affirmare
3536 3417 3685 3469 audent

2158 3504 2291 3557 hunc
2308 3508 2397 3558 aut
2418 3508 2557 3559 illum
2580 3508 2733 3559 multa
2752 3510 2931 3559 talenta
2949 3522 2977 3559 e
2998 3510 3143 3573 gestis
3159 3509 3425 3560 honoribus
3448 3506 3681 3558 corrasisse.

2158 3596 2222 3645 Et
2242 3608 2352 3660 quai
2380 3595 2443 3647 de
2468 3597 2671 3648 mortuis
2700 3596 2965 3661 pradicant
2981 3610 3079 3647 non
3100 3597 3364 3649 admodum
3384 3597 3539 3657 miror,
3557 3604 3681 3657 quum

2157 3681 2220 3732 ab
2249 3681 2343 3733 illis
2376 3696 2475 3734 non
2496 3684 2678 3747 possint
2694 3684 2910 3748 redargui
2926 3721 2942 3747 ,
2965 3688 3049 3735 sed
3068 3698 3181 3749 quai
3200 3686 3251 3736 in
3270 3687 3411 3737 vivos
3431 3684 3539 3734 falso
3555 3682 3683 3731 dicere

2158 3770 2509 3834 aggrediuntur.
2574 3772 2673 3836 (50)
2714 3775 2813 3822 Vos
2838 3772 2967 3823 enim
2994 3786 3149 3836 nuper
3182 3774 3235 3824 in
3270 3773 3497 3825 concione
3527 3763 3679 3819 audivi-

2156 3858 2268 3922 stis,
2291 3858 2557 3909 Diotimum
2582 3873 2613 3909 a
2642 3860 3050 3911 naviculatoribus
3069 3862 3119 3911 et
3150 3862 3491 3911 mercatoribus
3510 3854 3678 3921 quadra-

2156 3946 2287 4009 ginta
2312 3947 2490 3998 talenta
2524 3947 2731 4010 coegisse
2760 3948 2893 3999 ultra
2924 3962 3075 4012 quam
3104 3949 3207 4011 ipse
3234 3948 3511 4011 agnoscebat
3532 3965 3544 3995 :
3564 3942 3675 3991 illum
3752 3974 3754 3983 ,

2156 4034 2320 4085 tamen
2367 4034 2579 4086 Athenas
2620 4048 2866 4086 reversum
2880 4071 2897 4099 ,
2942 4036 3179 4087 actionem
3210 4036 3527 4087 instituentem
3556 4032 3675 4091 atque

2156 4134 2283 4185 oegre
2332 4122 2561 4173 ferentem
2608 4122 2741 4185 quod
2779 4122 2951 4173 absens
2996 4136 3085 4185 per
3123 4122 3351 4185 iniuriam
3398 4118 3671 4175 incusaretur,

2156 4222 2299 4259 nemo
2322 4210 2558 4273 convicit,
2584 4223 2738 4273 quum
2759 4212 2810 4261 et
2834 4210 3103 4274 respublica
3126 4212 3341 4275 pecuniis
3374 4207 3604 4273 indigeret,
3633 4202 3673 4251 θ*

2157 4297 2257 4360 ipse
2278 4301 2477 4361 paratus
2493 4299 2618 4348 esset
2638 4297 2698 4347 ad
2724 4298 2932 4348 rationes
2948 4298 3225 4365 reddendas.
3248 4284 3273 4307 ⁸
3289 4298 3391 4365 (51)
3410 4290 3671 4349 considerate

2155 4382 2299 4447 igitur
2320 4383 2440 4449 quid
2464 4384 2630 4435 suisset
2647 4385 2892 4448 futurum,
2912 4374 3208 4449 si‘Diotimo,
3226 4398 3374 4449 quem
3390 4394 3543 4435 omnes
3556 4378 3671 4430 Athe-

2156 4471 2343 4523 nienses
2372 4472 2627 4523 audierant
2648 4473 2962 4537 quadraginta
2990 4474 3170 4525 talama
3196 4488 3341 4537 penes
3374 4487 3424 4525 se
3441 4474 3580 4536 ipsum
3606 4465 3667 4513 11⁸·

2156 4558 2271 4610 bere
2286 4596 2301 4623 ,
2325 4560 2506 4625 aliquid
2530 4561 2809 4613 humanitus
2826 4562 3077 4613 accidisset
3100 4563 3381 4626 priusquam
3396 4562 3485 4611 huc
3498 4555 3665 4607 reverte·

2157 4648 2293 4698 retur
2301 4665 2320 4712 ;
2341 4649 2451 4699 tum
2469 4648 2573 4712 eius
2584 4650 2841 4713 propinqui
2858 4650 2909 4699 in
2923 4650 3138 4701 maximo
3162 4652 3461 4701 versarentur
3475 4638 3663 4711 ραὶωῑθ,

2158 4736 2289 4799 quod
2306 4736 2422 4800 ipsis
2445 4737 2833 4800 respondendum
2850 4739 2976 4788 esset
2997 4737 3059 4787 ad
3079 4739 3264 4789 tanum
3295 4734 3584 4789 calumniam,
3604 4736 3663 4774 Ν·

2157 4837 2267 4873 rum
2288 4827 2529 4888 gestarum
2562 4825 2681 4875 nihil
2718 4826 3023 4889 exploratum
3043 4826 3345 4878 habentibus.
3406 4825 3603 4875 ceterum
3624 4814 3663 4861 in

2156 4926 2299 4963 causa
2328 4915 2442 4964 sunt
2478 4926 2565 4963 cur
2603 4928 2690 4964 vos
2732 4914 2781 4965 in
2812 4914 2979 4965 multis
3008 4914 3335 4978 decipiamini,
3372 4916 3504 4975 atque
3544 4904 3659 4955 etiam

2157 5002 2373 5052 nonnulli
2414 5002 2552 5053 facile
2581 5004 2755 5066 praeter
2781 5002 2861 5065 ius
2887 5002 3165 5066 perdantur,
3202 4999 3459 5053 istiusmodi
3484 4991 3661 5046 homin&

2156 5089 2241 5153 qui
2271 5093 2323 5139 et
2338 5091 2527 5140 mentiri
2556 5091 2791 5153 audeant,
2828 5092 2878 5141 et
2916 5094 3101 5141 ceteros
3144 5090 3368 5142 studeant
3402 5088 3507 5139 falso
3531 5074 3658 5130 ‘timi’
3690 5148 3695 5153 ,

2160 5177 2283 5227 nari.
2349 5178 2451 5240 (52)
2472 5177 2546 5228 Ad
2566 5178 2686 5239 ἠως.
2707 5191 2803 5243 non
2834 5179 3171 5245 ignoraremus
3196 5177 3399 5232 arbitror
3413 5164 3655 5227 Alcibiadem
