3825 5842
193 505 482 590 (no-m)

183 641 315 701 κταί
337 664 448 718 μοι.
503 636 706 700 'anm
729 635 785 696 δὲ
797 633 913 704 τοὺς
935 633 1350 714 κατηγοροῦντάς
1368 656 1468 711 μου
1493 641 1653 692 πᾶσιν
1681 623 1756 702 οἷς

183 731 502 808 ἐγκαλοῦσιν
539 725 744 806 ἐνόχους
778 722 964 791 αὐτοὺς
987 721 1137 791 ὄντας
1176 721 1440 792 ἐπιδεῖξαι.
1524 724 1756 803 Καθαρῷ

183 817 291 891 μέν
317 841 408 894 μοι
431 821 524 888 τῆς
547 814 716 881 αἰτίας
740 811 850 872 ὄντι
875 811 1024 897 φόνον
1053 809 1468 879 ἕπιὸουλεύοντες
1482 855 1500 884 ,
1528 813 1755 870 ἀποστε-

189 912 404 979 ρσῖἳντες
423 905 480 965 δέ
509 928 574 983 με
593 909 685 962 τοῦ
717 903 830 984 βίου
857 901 913 961 ὃν
955 904 982 959 ὃ
1023 900 1134 967 θεὸς
1161 899 1438 980 παρέδωκέ
1474 921 1593 977 μοι,
1635 898 1755 981 περὶ

183 997 282 1054 τὸν
310 997 424 1055 θεὸν
445 992 740 1053 ἀσεῦοῦσιν·
782 989 971 1057 ἀδίκως
993 988 1048 1049 δὲ
1068 988 1290 1048 θάνατον
1308 987 1754 1062 ἕπιὸουλεύοντες,

107 1105 158 1144 ω
182 1082 258 1141 τά
286 1105 346 1141 τε
367 1081 569 1160 νόμιμα
590 1077 872 1159 συγχέουσι
897 1084 1062 1158 φονεῖς
1077 1075 1138 1134 τὲ
1156 1097 1257 1152 μου
1271 1074 1514 1153 γίνονται·
1539 1075 1753 1143 ἀνοσίως

186 1171 234 1229 δ’
270 1173 578 1228 ἀποκτεῖναι
607 1171 741 1246 ὑμᾶς
766 1189 833 1243 με
858 1163 1140 1243 πείθοντες,
1165 1165 1256 1223 καὶ
1278 1167 1370 1235 τῆς
1393 1161 1646 1246 ὓμετίρας
1667 1165 1754 1222 εὗ-

187 1257 404 1325 σεὸείας
427 1255 574 1316 αὐτοὶ
607 1262 774 1337 φονεῖς
801 1253 920 1314 εἰσί.

271 1367 318 1407 a.
345 1346 563 1413 Τούτοις
601 1341 694 1421 μὲν
723 1335 811 1404 οὗν
837 1346 867 1401 ὁ
901 1340 1011 1408 θεὸς
1052 1338 1250 1412 ἐπιθείη
1288 1338 1384 1412 τὴν
1408 1339 1575 1414 δίκην·
1619 1343 1755 1418 ὑμᾶς

185 1431 244 1492 δὲ
283 1431 390 1513 χρὴ
425 1431 488 1492 τὸ
513 1430 759 1511 ὑμέτερον
788 1435 1106 1498 σκοποῦντας
1145 1427 1407 1488 ἀπολῦσαί
1449 1452 1516 1506 με
1553 1430 1751 1506 μᾶλλον

185 1519 222 1592 ἢ
247 1521 572 1581 καταλαὸεῖν
593 1519 888 1598 βούλεσθαι.
973 1514 1187 1583 Ἀδίκως
1211 1515 1304 1593 μὲν
1325 1513 1426 1596 γὰρ
1451 1515 1723 1584 ἀπολυθείς
1738 1561 1754 1587 ,

187 1609 278 1668 διὰ
313 1609 374 1668 τὸ
403 1607 480 1687 μὴ
507 1610 670 1688 ὀρθῶς
693 1606 1000 1685 διδαχθῆναι
1027 1606 1163 1681 ὑμᾶς
1200 1600 1480 1685 ἀποφυγών
1499 1647 1517 1680 ‚
1547 1608 1640 1663 τοῦ
1678 1602 1752 1681 μὴ

187 1696 492 1767 διδάξαντος
537 1692 629 1755 καὶ
676 1696 776 1774 οὐχ
815 1691 1061 1772 ὑμέτερον
1108 1693 1196 1752 τὸν
1239 1689 1623 1772 προστρόπαιον
1663 1696 1755 1750 τοῦ

16 1783 22 1790 ’
93 1791 188 1842 127
191 1782 542 1849 ἀποθανόντος
565 1778 904 1852 καταστήσω·
937 1777 1012 1855 μὴ
1027 1781 1190 1858 ὀρθῶς
1217 1777 1272 1837 δὲ
1299 1776 1648 1860 καταληφθεὶς
1671 1778 1756 1860 ὑφ’

185 1875 356 1950 ὑμῶν,
375 1871 498 1948 ὑμῖν
516 1869 607 1930 καὶ
623 1871 684 1929 οὔ
695 1867 934 1949 τούτῳτὸ
949 1865 1153 1946 μήνιμα
1173 1870 1274 1926 τῶν
1293 1865 1572 1947 ἀλιτηρίων
1588 1888 1757 1948 προσ-

187 1960 460 2043 τρίψομαι.
567 1959 628 2036 (ο)
657 1955 822 2019 Ταῦτ’
849 1945 937 2016 οὗν
964 1953 1183 2027 εἰδότες,
1210 1954 1437 2014 τουτοισὶ
1462 1955 1520 2014 τὸ
1555 1953 1754 2028 ἀσέὸη-

187 2073 266 2127 μα
294 2055 449 2108 τοῦτο
483 2045 782 2119 ἀναθέντες,
824 2042 972 2104 αὗτοί
1009 2067 1068 2103 τε
1097 2041 1313 2124 καθαροὶ
1339 2047 1431 2114 τῆς
1459 2041 1630 2111 αἰτίας
1669 2041 1756 2123 γέ-

187 2139 368 2207 νεσθε,
398 2133 498 2213 ἐμέ
522 2156 580 2192 τε
607 2132 760 2200 ὁσίως
793 2131 885 2190 καὶ
927 2129 1140 2195 δικαίως
1167 2127 1438 2188 ἀπολύετε·
1477 2127 1614 2190 οὕτω
1652 2128 1754 2210 γὰρ

188 2222 250 2283 ἂν
273 2222 643 2306 καθαρώτατοι
666 2220 855 2288 πάντες
877 2222 926 2279 οἱ
944 2220 1158 2278 πολῖται
1183 2215 1384 2296 εἴημεν.

793 2415 1153 2442 ψ

946 2561 998 2616 γ-

126 2717 152 2757 Ι
519 2701 602 2752 ΕΚ
635 2697 1026 2750 ΚΑΤΗΓΟΡΙΑΣ
1058 2698 1101 2747 0
1134 2698 1427 2748 ΥΣΤΕΡΟΣ.

811 2851 1142 2936 ΥΠΟΘΕΣΙΣῙ

187 2994 266 3050 Ἐν
281 2997 440 3059 τούτῳ
457 2993 591 3058 φησί·
615 3013 642 3038 ι
661 2991 882 3056 θαυμάζω
899 2990 970 3040 ὅτι
989 2990 1078 3040 οὐκ
1097 2990 1224 3047 εἰκὸς
1245 2989 1376 3053 ἄρξαι
1394 2994 1561 3054 χειρῶν
1585 2989 1757 3040 ἀδικῶν

185 3121 195 3126 ,
245 3071 330 3120 τὸν
356 3066 686 3132 πρεσᾶύτερον·
713 3083 739 3107 ¹⁰
777 3063 880 3114 εἶτα
913 3062 986 3112 ὅτι
1009 3063 1052 3111 εἰ
1086 3063 1168 3110 καὶ
1209 3061 1356 3116 οὕτως
1393 3061 1519 3123 ἔχει,
1557 3061 1588 3109 ὀ
1621 3061 1756 3125 μέχρι

247 3140 394 3204 φόνου
425 3136 714 3202 ἀμυνόμενος
751 3133 1018 3189 ὑπεύθυνος.
1088 3132 1177 3181 Καὶ
1218 3132 1321 3196 περὶ
1348 3135 1432 3180 τοῦ
1469 3132 1630 3196 ἰατροῦ
1643 3166 1660 3193 ,
1688 3133 1751 3187 ὡς

246 3209 308 3262 δι’
324 3209 544 3274 ἀπειρίαν
568 3207 745 3271 ἐσφάλη
757 3241 773 3266 ,
792 3205 1032 3261 ἀνεύθυνος
1049 3203 1132 3252 ὧν.

111 3379 162 3420 ιο
263 3350 472 3415 Τοῦτόν
498 3374 558 3410 τε
598 3351 657 3410 οὗ
686 3347 938 3425 θαυμάζω
979 3344 1162 3406 ἀνόσια
1207 3343 1471 3426 δράσαντα
1499 3342 1654 3422 ὅμοια
1684 3333 1757 3413 οἷς

189 3443 466 3524 εἴργασται
486 3438 654 3517 λέγειν
671 3481 687 3509 ,
705 3441 828 3513 ὑμῖν
846 3459 906 3495 τε
933 3433 1272 3514 συγ-γινώσκω
1302 3432 1636 3514 βουλομένοις
1658 3433 1754 3506 τὴν

191 3529 465 3613 inpletam
485 3531 590 3587 τῶν
620 3522 954 3606 πραχθέντων
985 3529 1167 3602 μαθεῖν
1185 3569 1202 3596 ,
1227 3528 1445 3583 τοιαῦτα
1473 3521 1753 3603 ἀνέχεσθαι

190 3617 476 3684 ἀκούοντας
499 3617 658 3675 αὐτοῦ
677 3659 695 3691 ,
724 3613 758 3671 ἃ
777 3613 1122 3673 ἐκὸἄλλεσθαι
1153 3611 1274 3682 ἄξιά
1301 3614 1432 3674 ἐστι.
1520 3612 1626 3673 Τὸν
1652 3610 1755 3694 γὰρ

191 3709 356 3788 ἄνδρα
379 3708 646 3784 ὁμολογῶν
673 3700 885 3762 τύπτειν
921 3701 1014 3768 τὰς
1042 3700 1250 3780 πληγὰς
1274 3700 1327 3770 ἐξ
1353 3691 1425 3759 ὧν
1457 3697 1712 3760 ἀπέθανεν
1736 3745 1754 3778 ,

115 3815 166 3855 is
192 3796 344 3862 αὐτὸς
368 3792 470 3872 μὲν
513 3796 604 3850 τοῦ
634 3787 938 3862 τεθνηκότος
981 3785 1041 3846 οὔ
1068 3809 1198 3870 φησι
1220 3785 1400 3870 φονεὺς
1427 3777 1589 3860 εἶναι,
1615 3793 1758 3866 ἡμᾶς

192 3883 244 3942 δὲ
271 3883 395 3949 τοὺς
419 3883 776 3960 τιμωροῦντας
812 3879 952 3957 αὐτῷ
978 3880 1078 3947 ζῶν
1118 3899 1176 3935 τε
1203 3875 1293 3935 καὶ
1331 3875 1535 3956 βλέπων
1574 3873 1757 3956 φονίας

191 3970 350 4032 afaru&
387 3968 548 4052 φησὶν
584 3958 736 4028 εἶναι.
819 3963 976 4026 Θέλω
1003 3965 1056 4024 δὲ
1081 3963 1174 4024 καὶ
1202 3956 1375 4024 τᾶλλα
1397 3964 1747 4047 παραπλήσια

193 4055 593 4136 ἀπολογηθίντα
607 4053 804 4120 τούτοις
827 4051 1076 4122 ἐπιδεῖξαι
1100 4052 1274 4112 αὐτόν.

265 4167 310 4208 a.
333 4136 474 4208 Εἶπε
503 4142 560 4203 δὲ
582 4146 788 4224 πρῶτον
812 4140 935 4220 μίν,
956 4143 1004 4201 εἰ
1025 4140 1117 4200 καὶ
1145 4143 1206 4199 ἐκ
1233 4144 1336 4201 τῶν
1373 4142 1590 4220 πληγῶν
1619 4136 1748 4198 ἀπέ-

189 4241 338 4294 θανεν
353 4235 386 4293 ὃ
401 4230 538 4312 ἀνήρ
556 4276 572 4304 ,
587 4235 658 4298 ὣς
678 4232 774 4291 οὔκ
791 4227 1087 4289 ἀπέκτεινεν
1109 4226 1282 4288 αὖτόν·
1300 4226 1388 4287 τὸν
1407 4227 1509 4307 γὰρ
1530 4225 1755 4306 ἄρξαντα

189 4328 278 4395 τῆς
299 4324 544 4400 πληγῆς,
577 4323 756 4378 τοῦτον
788 4315 950 4376 αἴτιον
977 4319 1080 4376 τῶν
1102 4313 1439 4397 πραχθέντων
1477 4313 1756 4393 γενόμενον

191 4406 698 4486 καταλαμβάνεσθαι
726 4405 828 4465 ὑπὸ
845 4411 937 4464 τοῦ
964 4403 1123 4481 νόμου
1144 4448 1160 4477 ,
1189 4403 1340 4484 ἄρξαι
1368 4403 1423 4462 δὲ
1449 4402 1538 4462 τὸν
1559 4404 1756 4461 ἀποθα·

121 4532 171 4571 20
191 4499 364 4558 νόντα.
455 4492 672 4557 Μᾶθετε
687 4493 749 4566 δὴ
765 4497 968 4574 πρῶτον
993 4491 1088 4571 μὲν
1108 4490 1185 4552 ὅτι
1211 4489 1362 4573 ἄρξαι
1377 4490 1468 4552 καὶ
1494 4499 1756 4573 παροινεῖν

194 4587 305 4656 τοὺς
332 4584 618 4666 νεωτέρους
642 4586 745 4642 τῶν
785 4581 1148 4663 πρεσὸυτέρων
1177 4581 1432 4662 εἰκότερόν
1474 4583 1603 4640 ἐστι·
1638 4579 1756 4648 τοὺς

193 4677 284 4752 μὲν
317 4675 424 4756 γὰρ
441 4673 502 4748 ἥ
547 4695 605 4732 τε
645 4663 1070 4754 μεγαλοφροσύνη
1107 4677 1196 4731 τοῦ
1238 4673 1412 4749 γένους
1446 4669 1480 4742 ἥ
1512 4693 1569 4729 τε
1611 4665 1758 4746 ἀκμὴ

191 4771 276 4836 τῆς
317 4761 504 4844 ῥώμης
539 4760 575 4832 ἥ
611 4783 670 4820 τε
710 4759 924 4840 ἀπειρία
956 4764 1050 4832 τῆς
1080 4758 1239 4838 μέθης
1268 4759 1473 4839 ἐπαίρει
1507 4760 1582 4838 τῷ
1609 4758 1758 4837 θυμῷ

191 4853 533 4932 χαρίζεσθαι,
573 4847 692 4915 τοὺς
736 4847 792 4907 δὲ
819 4846 856 4917 ἤ
890 4871 946 4907 τε
986 4847 1229 4927 ἐμπειρία
1263 4850 1368 4906 τῶν
1412 4841 1758 4926 παροινουμέ-

191 4963 284 4998 νων
301 4939 340 5012 ἥ
360 4961 424 4998 τε
445 4937 686 4998 ἀσθένεια
709 4941 798 4995 τοῦ
824 4935 996 5017 γήρως
1019 4935 1056 5007 ἥ
1082 4959 1139 4994 τε
1161 4935 1375 5011 δύναμις
1395 4937 1499 4992 τῶν
1521 4931 1650 4991 νέων
1674 4953 1763 5008 φο-

193 5027 350 5086 Βοῧσα
376 5023 702 5107 σωφρονίζει.
750 5024 814 5104 (3)
839 5021 932 5090 Ὡς
961 5021 1015 5082 δὲ
1045 5025 1103 5081 οὗ
1126 5023 1231 5090 τοῖς
1261 5025 1465 5094 αὐτοῖς,
1491 5017 1628 5078 ἀλλὰ
1653 5019 1759 5087 τοῖς

192 5115 586 5183 ἐναντιωτάτοις
610 5112 854 5192 ἠμύνατο
878 5111 1030 5172 αὐτόν
1047 5157 1064 5186 ,
1090 5110 1216 5170 αὐτὸ
1239 5109 1297 5169 τὸ
1318 5109 1462 5189 ἔργον
1492 5107 1756 5185 σημαίνει.

127 5236 168 5276 25
193 5206 255 5266 Ὁ
279 5205 378 5286 μὲν
413 5203 518 5287 γὰρ
547 5201 856 5281 ἀκμαζούση
884 5205 950 5280 τῇ
983 5200 1134 5282 ῥώμῃ
1157 5203 1259 5258 τῶν
1284 5200 1476 5279 χειρῶν
1492 5194 1761 5278 χρώμενος

193 5293 510 5355 ἀπέκτεινεν·
536 5295 566 5352 δ
606 5290 664 5352 δὲ
690 5289 954 5357 ἀδυνάτως
988 5287 1076 5348 τὸν
1105 5287 1381 5371 κρείσσονα
1415 5284 1762 5364 ἀμυνόμενος,

1139 497 1659 562 ANTIPHONTIS
1699 497 2198 563 TETRALOGIA
2240 502 2347 580 111,
2394 512 2448 564 3.
3324 520 3389 572 21

1842 645 1953 695 Jam
1992 643 2208 706 docebo,
2246 643 2442 695 eosdem
2476 645 2569 696 illis
2599 643 2713 708 ipsis
2746 645 2972 696 omnibus
3003 645 3239 699 obnoxios
3268 661 3403 714 esse,

1841 745 2053 794 quorum
2084 746 2165 784 me
2193 733 2492 784 insimulant.
2558 732 2917 784 contendentes
2940 733 3071 784 enim
3094 747 3180 798 per
3209 735 3407 790 insidias

1843 835 1958 872 suas
1970 822 2125 872 vitam
2146 821 2388 872 innocenti
2405 821 2524 872 mihi
2546 822 2750 885 eripere,
2760 834 2857 884 qua
2873 821 3037 872 divino
3064 836 3267 874 munere
3292 839 3409 888 gau·

1841 910 1961 974 deo,
1980 911 2211 975 pietatem
2235 925 2347 975 erga
2365 910 2513 961 deum
2537 909 2723 961 violant
2745 930 2760 961 ε
2790 909 2963 961 deinde
2984 924 3153 962 necem
3185 913 3303 963 mihi
3321 927 3407 978 per

1841 997 1976 1047 nefas
1996 998 2325 1048 machinantes
2338 1034 2353 1061 ,
2376 997 2489 1060 jura
2514 998 2727 1048 humana
2762 999 3057 1050 conturbant
3094 1002 3143 1051 et
3171 1001 3261 1064 ipsi
3285 1001 3405 1053 fiunt

1847 1085 2103 1135 homicidoe
2143 1085 2238 1136 mei
2278 1105 2292 1136 ε
2326 1086 2473 1149 impia
2502 1085 2712 1149 denique
2742 1087 3071 1138 cohortatione
3096 1101 3194 1152 qua
3223 1103 3312 1139 vos
3344 1091 3407 1140 ad

1841 1173 2191 1228 decernendam
2221 1173 2345 1224 mihi
2378 1186 2547 1225 necem
2574 1173 2823 1238 instigant,
2844 1177 3054 1226 vestram
3080 1190 3276 1242 quoque
3293 1177 3406 1228 reli-

1842 1262 2034 1326 gionem
2057 1263 2295 1325 iugulant.

1905 1354 1953 1400 8.
1982 1353 2141 1414 Atque
2162 1350 2271 1402 illos
2291 1351 2487 1415 quidem
2513 1351 2631 1402 dens
2644 1351 2815 1402 merita
2844 1351 3067 1404 mercede
3084 1353 3265 1404 mactet
3288 1366 3405 1406 :vos

1843 1440 2009 1490 autem
2034 1438 2174 1489 decet
2216 1438 2354 1490 vobis
2390 1439 2505 1503 ipsis
2534 1440 2837 1490 consulentes
2860 1453 2940 1491 me
2969 1439 3221 1492 absolvere
3240 1441 3404 1505 potius

1846 1540 1993 1590 quam
2024 1525 2345 1578 condemnare
2365 1527 2509 1578 velle.
2592 1531 2715 1579 Nam
2747 1527 2788 1578 si
2811 1530 2980 1578 contra
3002 1529 3072 1580 ias
3092 1528 3316 1596 absolvar
3344 1542 3403 1580 eo

1841 1615 1974 1678 quod
2000 1629 2097 1667 non
2118 1617 2251 1667 recte
2272 1630 2359 1668 vos
2378 1616 2691 1676 instruxerim
2708 1653 2725 1681 ,
2748 1617 2867 1667 mihi
2878 1654 2894 1681 ‚
2909 1617 2993 1681 qui
3007 1617 3279 1682 deceperim
3296 1631 3402 1681 vos,

1841 1717 1942 1754 non
1960 1703 2099 1755 vobis
2116 1703 2311 1756 infestas
2324 1705 2557 1770 perempti
2572 1719 2737 1769 poenas
2755 1704 2976 1756 excitabo
3005 1725 3017 1756 ι
3045 1707 3215 1756 contra
3231 1719 3348 1758 vero
3373 1721 3405 1758 a

1841 1792 1981 1844 vobis
2006 1791 2181 1854 iniuria
2216 1792 2472 1844 damnatus
2510 1807 2597 1858 ego
2628 1785 2765 1843 vohis
2779 1830 2795 1855 ,
2827 1806 2925 1843 non
2972 1792 3086 1844 huie
3123 1794 3398 1845 accusatori

1840 1893 1980 1943 meo,
2007 1879 2132 1931 iram
2160 1881 2417 1932 numinum
2460 1881 2675 1932 ultorum
2698 1881 2945 1932 affricano.
3012 1881 3078 1944 (9)
3100 1883 3287 1932 Horum
3314 1882 3404 1946 igi·

1840 1971 1923 2020 tur
1946 1983 2210 2033 memores,
2239 1969 2536 2034 impietatem
2566 1970 2694 2020 hanc
2725 1970 2828 2020 istis
2858 1969 3181 2034 relinquentes
3208 1972 3259 2021 et
3278 1970 3405 2034 ipsos

1840 2071 1989 2123 puros
2014 2071 2101 2110 vos
2132 2072 2163 2109 a
2194 2059 2390 2110 macula
2410 2059 2701 2110 conservetis
2731 2061 2782 2109 et
2808 2071 2887 2108 me
2912 2057 2985 2108 uti
3016 2057 3097 2121 ius
3116 2059 3167 2109 et
3196 2059 3267 2109 fas
3300 2060 3401 2123 est,

1839 2145 2111 2198 absolvite:
2149 2147 2215 2198 sic
2234 2147 2363 2198 enim
2388 2146 2625 2216 universae
2660 2147 2872 2200 civitatis
2904 2146 3223 2196 sanctimonia
3259 2146 3399 2197 salva

1840 2233 1949 2284 erit.

2462 2442 2777 2467 *000*-

1968 2734 2319 2785 sccusxrlo
2350 2735 2702 2785 POSTERIOR
2732 2737 3024 2786 EJUSDEM
3055 2737 3275 2788 cAEms.
3380 2753 3387 2762 ·

2400 2883 2837 2930 ARGUMENTUM.

1847 3008 1901 3047 in
1927 3001 2014 3048 hac
2038 3003 2249 3048 oratione
2266 3003 2403 3059 dicit,
2424 3004 2579 3058 airon
2604 3005 2715 3060 quia
2746 3005 2991 3050 verisimile
3012 3016 3105 3051 non
3120 3006 3188 3052 est
3203 3037 3217 3060 ‚
3252 3005 3401 3050 senio-

1894 3083 1995 3118 rem
2022 3071 2223 3128 primum
2254 3072 2416 3118 laedere
2440 3073 2647 3129 coepisse.
2703 3073 2881 3118 Deinde
2892 3083 3111 3121 concesso
3130 3086 3230 3120 rem
3266 3075 3335 3120 sic
3352 3086 3405 3120 se

1897 3141 2088 3198 habere,
2119 3153 2225 3188 eum
2247 3143 2327 3198 qui
2354 3155 2403 3187 se
2438 3154 2586 3198 usque
2619 3143 2679 3188 ad
2710 3147 2907 3189 mortem
2936 3143 3167 3200 distendit,
3210 3145 3395 3191 crimini

1895 3212 2150 3258 obnoxium
2174 3223 2293 3266 esse,
2314 3213 2361 3257 et
2382 3212 2441 3256 ‹ie
2460 3213 2664 3267 medico,
2689 3212 2880 3268 quando
2900 3215 3091 3270 propter
3118 3213 3401 3274 imperitiam

1895 3283 2097 3338 erravit,
2115 3294 2221 3328 eum
2248 3282 2434 3329 crimini
2450 3293 2543 3330 non
2563 3282 2831 3337 obnoxium.

1903 3357 2049 3405 Hunc
2062 3354 2129 3404 nii
2150 3353 2301 3403 miror
2317 3353 2477 3417 impiis
2504 3353 2639 3404 raetis
2654 3353 2832 3408 similes
2848 3353 3089 3408 orationes
3106 3353 3399 3420 adjungere3

1841 3452 1892 3502 et
1922 3450 2061 3501 vobis
2080 3451 2301 3514 ignosco,
2326 3449 2459 3513 quod
2509 3448 2669 3500 studio
2691 3450 2845 3500 totam
2866 3463 2969 3501 rem
2999 3450 3193 3514 penitus
3222 3465 3397 3516 cogno·

1840 3546 2037 3608 scendi,
2062 3545 2297 3610 eiusmodi
2317 3559 2561 3597 sermones
2578 3546 2819 3610 patienter
2835 3545 3015 3597 auditis
3027 3582 3043 3609 ,
3063 3559 3187 3610 quos
3208 3548 3403 3612 explodi

1841 3657 1931 3707 par
1948 3645 2070 3694 erat.
2137 3642 2228 3693 liic
2257 3641 2386 3691 enim
2398 3677 2414 3703 ,
2434 3641 2640 3692 'tametsi
2676 3639 3083 3692 fatetur'verhera
3105 3642 3288 3692 homini
3317 3643 3404 3694 iila

1842 3741 2087 3806 ingessisse
2100 3738 2227 3790 unde
2252 3739 2540 3802 exspiravit,
2566 3739 2729 3788 tamen
2747 3739 2889 3801 negat
2912 3751 2965 3788 se
2986 3737 3279 3789 homicidam
3297 3737 3402 3801 eius

1842 3852 1975 3900 esse3
1998 3850 2087 3888 nos
2099 3839 2263 3888 autem
2276 3873 2292 3899 ,
2309 3835 2395 3900 qui
2415 3836 2623 3886 mortem
2642 3835 2746 3897 ejus
2771 3834 2935 3885 ulcisci
2956 3834 3207 3886 studemus
3223 3870 3240 3897 ,
3262 3835 3404 3887 vivus

1849 3933 2122 3996 vidensque
2152 3930 2420 3982 homicidas
2444 3915 2717 3994 ipsiusesse
2734 3929 2868 3979 dicit.
2899 3929 2996 3980 Sed
3021 3931 3073 3980 et
3102 3929 3403 3994 reliquorum

1842 4028 2237 4092 argumentorum
2263 4024 2525 4076 stultitiam
2562 4021 2681 4074 'mic
2705 4035 2872 4087 parem
2908 4035 3010 4074 esse
3040 4024 3399 4076 demonstrabo.

1905 4141 1953 4185 2.
1972 4133 2187 4184 Primum
2201 4133 2366 4194 itaque
2379 4131 2671 4181 asseveravit
2689 4129 2801 4192 hoc,
2822 4128 2969 4179 etiam
2982 4128 3025 4178 si
3038 4141 3065 4178 e
3082 4128 3234 4192 plagis
3246 4129 3405 4193 exspi-

1843 4225 1993 4275 rasset
2008 4222 2104 4285 vir,
2128 4234 2159 4271 a
2175 4234 2229 4272 se
2250 4222 2422 4272 tamen
2433 4219 2545 4270 ideo
2564 4231 2667 4269 non
2692 4231 2797 4269 esse
2812 4217 3058 4268 sublatum
3090 4236 3103 4268 ε
3125 4217 3247 4268 rim
3270 4217 3403 4268 enim

1841 4312 2105 4377 principem
2123 4310 2273 4372 alege
2303 4307 2609 4364 condemnari
2638 4305 2745 4357 ideo
2762 4342 2777 4369 ,
2798 4304 2931 4370 quod
2946 4318 3099 4368 penes
3122 4318 3235 4356 eum
3258 4319 3405 4358 causa

1841 4400 2128 4452 eventorum
2160 4398 2313 4460 esset}
2358 4395 2443 4447 sed
2482 4396 2781 4459 peremptum
2816 4393 2975 4444 rixam
3008 4407 3240 4444 exorsum
3280 4407 3399 4446 esse.

1842 4491 1955 4541 Jam
1978 4487 2102 4539 scire
2126 4475 2213 4536 vos
2228 4483 2421 4543 velim„
2432 4481 2644 4546 judices,
2667 4479 3106 4544 probabiliusesse,
3129 4483 3187 4531 ut
3202 4481 3405 4544 juvenes

1843 4578 2003 4629 rixam
2037 4575 2291 4626 ordiantur
2329 4583 2478 4636 quam
2522 4571 2581 4622 ut
2617 4569 2845 4620 seniores.
2911 4572 3125 4620 Juvenes
3158 4570 3287 4620 enim
3320 4572 3407 4621 aut

1842 4665 2067 4730 superbia
2101 4662 2287 4727 generis
2310 4659 2562 4711 nobilitate
2595 4657 2747 4708 fidens
2780 4659 2865 4707 aut
2901 4658 3115 4721 corporis
3134 4657 3285 4708 robur
3318 4661 3404 4709 aut

1843 4752 2082 4817 imperitia
2111 4749 2405 4801 temulentiae
2421 4747 2625 4811 impellit
2656 4746 2719 4796 ad
2746 4745 3089 4808 indulgendum
3116 4746 3403 4808 iracundiaeg

1843 4843 2053 4894 seniores
2074 4841 2236 4890 autem
2254 4850 2419 4901 sapere
2444 4836 2670 4886 admonet
2695 4835 2985 4885 conscientia
3000 4847 3169 4884 eorum
3195 4847 3305 4898 quoe
3320 4847 3405 4897 per

1843 4930 2178 4983 temulentiam
2208 4928 2447 4978 committi
2470 4927 2626 4978 soient
2640 4963 2657 4989 ,
2676 4909 2787 4977 tum
2815 4927 2933 4976 senii
2964 4926 3289 4987 imbecillitas,
3323 4925 3406 4974 de·

1845 5022 1996 5084 nique
2030 5019 2104 5069 vis
2118 5019 2357 5082 juvenum
2390 5014 2503 5078 ipsis
2524 5012 2800 5064 metuenda.
2868 5012 2937 5074 (3)
2970 5015 3117 5061 Ροπο
3142 5025 3279 5076 reum
3306 5025 3403 5060 non

1844 5110 2014 5161 iisdem
2046 5107 2191 5158 armis
2207 5143 2221 5168 ,
2256 5105 2339 5155 sed
2376 5115 2569 5166 prorsus
2600 5101 2878 5164 contrariis,
2921 5101 3219 5163 peremptum
3254 5111 3402 5161 oppu-

1845 5213 2037 5265 gnasse,
2058 5211 2135 5248 res
2156 5197 2257 5260 ipsa
2274 5195 2432 5244 docet.
2500 5190 2590 5242 iiic
2609 5191 2737 5242 enim
2758 5190 2947 5252 vigente
2972 5199 3210 5237 manuum
3231 5186 3404 5238 robore

1845 5301 2010 5341 senem
2027 5285 2245 5347 necavit3
2268 5295 2413 5335 senex
2432 5283 2594 5332 autem
2606 5315 2625 5342 ,
2649 5279 2893 5332 fortiorem
2916 5275 3135 5330 debilitor
3150 5275 3402 5342 repellens,
