3825 5842
510 492 623 547 288

509 616 598 675 τὸν
642 604 811 687 οἶκον,
868 611 1155 692 προορῶντι
1208 606 1400 674 ταύτας
1435 606 1529 675 τὰς
1568 604 1792 687 ἀδελφὰς
1836 604 1924 665 τὸν
1977 605 2072 684 μὲν

516 698 903 777 Ἀπολλοδώρου
941 701 1031 755 τοῦ
1080 696 1299 777 ἀδελφοῦ
1346 698 1537 776 κλῆρον
1586 694 1836 775 ἐχούσας,
1892 692 2073 775 ἐκείνῳ

515 788 559 848 δ’
584 790 679 847 οὔκ
709 784 1041 851 εἷσποιούσας
1068 782 1229 843 ὄντων
1258 786 1439 851 αὐταῖς
1464 782 1693 858 παίδων,
1720 781 1811 841 καὶ
1836 780 1956 848 τοὺς
1980 780 2072 859 μὲν

517 876 705 955 ἄνδρας
738 876 909 933 αὐτῶν
934 870 1031 945 τὴν
1070 876 1167 950 γῆν
1188 917 1205 952 ,
1234 871 1531 945 ἣν“ἕκεῖνος
1566 872 1844 943 κατέλιπε,
1879 872 1970 929 καὶ
2005 869 2074 928 τὰ

514 961 761 1041 κτήματα
787 960 943 1020 πέντε
964 960 1232 1019 ταλάντων
1262 958 1599 1041 πεπρακότας
1622 956 1713 1017 καὶ
1747 956 1805 1015 τὸ
1830 954 2071 1037 ἀργύριον

518 1048 966 1127 διανειμαμένους,
988 1046 1075 1105 τὸν
1104 1046 1159 1105 δὲ
1185 1038 1327 1105 οἶκον
1355 1049 1586 1127 αἰσχρῶς
1612 1042 1749 1105 οὕτω
1784 1044 1875 1105 καὶ
1900 1046 2076 1110 δεινῶς

520 1135 939 1217 ἐξηρημωμένον.
1026 1134 1121 1217 (32)
1156 1132 1261 1202 Ὃς
1300 1133 1363 1206 δὴ
1395 1134 1543 1193 ταῦτ’
1590 1133 1702 1213 ᾔδει
1747 1132 1834 1192 τὸν
1878 1131 2075 1191 τούτων

442 1237 492 1277 8⁵
518 1222 738 1305 ἀδελφὸν
778 1220 1101 1296 πεπονθότα,
1124 1224 1235 1289 πῶς
1276 1220 1338 1279 ἂν
1384 1221 1766 1303 προσεδόκησεν
1806 1218 1986 1293 αὐτός,
2031 1220 2078 1277 εἰ

518 1310 609 1370 καὶ
635 1310 779 1392 φίλος
834 1302 898 1384 ἦν
923 1355 941 1387 ,
982 1318 1159 1390 τυχεῖν
1206 1311 1310 1368 τῶν
1352 1309 1700 1387 νομιζομένων
1735 1311 1821 1367 ὑπ’
1870 1310 2040 1367 αὐτῶν
2059 1352 2078 1385 ,

522 1397 727 1480 ἀνεψιὸς
748 1394 821 1456 ὢν
854 1396 973 1456 ἀλλ’
1008 1399 1102 1456 οὐκ
1139 1396 1357 1477 ἀδελφὸς
1394 1399 1605 1469 αὖταῖς;
1631 1398 1747 1458 Οὐκ
1775 1397 1892 1467 ἐνῆν
1934 1394 2078 1454 ἐλπί·

520 1510 610 1545 σαι
630 1486 903 1559 δήπουθεν.
990 1482 1149 1545 Ἀλλὰ
1173 1482 1277 1563 μὴν
1302 1483 1381 1542 ὅτι
1409 1484 1610 1543 ἄπαιδα
1634 1486 1827 1543 ἐκεῖνον
1858 1506 2074 1565 περιεω·

522 1572 712 1655 ράκασι
739 1574 829 1632 καὶ
854 1571 923 1631 τὰ
948 1571 1203 1654 χρήματα
1222 1570 1401 1652 ἔχουσι
1428 1571 1533 1632 καὶ.
1549 1562 1687 1632 οἶκον
1714 1574 1775 1631 ἐκ
1806 1576 1899 1630 τοῦ
1931 1595 2084 1652 φανε·

522 1666 611 1743 ροῦ
637 1666 1053 1743 τριηραρχοῦντα
1093 1658 1415 1739 ἀνῃρήκασι,
1449 1660 1599 1719 κάλει
1628 1683 1723 1737 μοι
1756 1660 1846 1719 καὶ
1884 1659 2080 1718 τούτοιν

521 1750 637 1818 τοὺς
670 1748 959 1831 μάρτυρας.

1128 1858 1473 1907 ΜᾸΡΤΥΡΕΣ.

603 2005 677 2049 aa.
717 1987 783 2046 Ei
806 1982 973 2043 τοίνυν
997 1983 1089 2043 καὶ
1112 1990 1335 2044 τοιοῦτοι
1362 1981 1455 2053 τὰς
1478 1982 1653 2066 φύσεις
1678 1982 1797 2064 περὶ
1826 1979 2086 2052 ἀλλήλους

449 2086 501 2127 ιο
522 2073 623 2132 εῖσὶ
642 2072 731 2133 καὶ
758 2072 940 2153 ἔχθραι
958 2070 1085 2152 πρὸς
1112 2070 1497 2153 Ἀπολλόδωρον
1534 2070 1623 2131 τὸν
1652 2070 1747 2149 ἐμὲ
1780 2067 2078 2145 ποιησάμε-

526 2182 611 2220 νον
641 2162 875 2240 ὑπῆρχον
896 2158 1069 2225 αὗτοῗς
1101 2159 1411 2231 τηλικαῦται
1441 2159 1502 2217 τὸ
1536 2159 1777 2238 μέγεθος,
1806 2157 1859 2215 τί
1881 2154 2084 2237 βέλτιον

526 2247 589 2307 ἂν
634 2247 850 2329 ἔπραξεν
896 2244 931 2318 ἢ
984 2252 1151 2305 ταῦτα
1194 2246 1599 2327 βουλευσάμενος
1646 2246 1779 2327 ἅπερ
1820 2245 2060 2317 ἐποίησεν
2070 2266 2086 2316 ;

524 2331 601 2396 Ἣ
620 2334 683 2407 νὴ
703 2333 805 2396 Δία
820 2331 1025 2393 παιδίον
1046 2333 1329 2406 ἐποιήσατο
1344 2333 1522 2393 λαὸὼν
1540 2333 1685 2416 παροί
1701 2356 1791 2393 του
1806 2336 1908 2392 τῶν
1927 2332 2088 2413 φίλων

525 2422 687 2483 ὄντων
698 2467 714 2496 ,
733 2422 825 2482 καὶ
840 2421 1006 2505 τούτῳ
1036 2421 1132 2495 τὴν
1148 2423 1326 2483 οὗσίαν
1343 2422 1534 2481 ἔδωκεν
1549 2442 1566 2495 3
1589 2419 1750 2482 Ἀλλὰ
1767 2418 1857 2479 καὶ
1872 2420 2009 2479 τοῦτ’
2023 2409 2088 2491 ἦν

530 2510 718 2583 ἄδηλον
740 2510 953 2577 καὶτοῖς
983 2510 1318 2589 γεννήσασιν,
1336 2509 1436 2569 εἴτε
1456 2510 1733 2570 σπουδαῖον
1754 2508 1855 2568 εἴτε
1873 2506 2092 2587 μηδενὸς

527 2598 665 2668 ἄξιον
697 2597 911 2677 ἔμελλεν
950 2598 1185 2672 ἔσεσθαι,
1219 2597 1305 2657 διὰ
1337 2598 1430 2670 τὴν
1474 2597 1703 2669 ἠλικίαν.
1807 2599 1897 2677 (3ο)
1923 2596 2092 2673 Ἐμοῦ

528 2686 583 2745 δὲ
623 2694 807 2768 πεῖραν
849 2684 1075 2766 εἰλήφει,
1111 2684 1423 2764 δοκιμασίαν
1461 2685 1644 2759 ἱκανὴν
1687 2684 1887 2747 λαὸὼν.
1997 2682 2092 2751 El<

455 2790 581 2841 οἵτε
619 2773 722 2855 γὰρ
764 2773 851 2833 τὸν
882 2773 1084 2855 πατέρα
1125 2773 1215 2832 καὶ
1252 2773 1347 2845 τὴν
1382 2772 1585 2855 μητέρα
1627 2764 1731 2840 οἶος
1760 2765 1822 2846 ἧν
1866 2770 2096 2853 ἄκριὸῶς

528 2862 679 2943 ᾔδει,
711 2866 813 2921 τῶν
845 2862 893 2921 τ’
928 2860 1127 2921 οἰκείων
1158 2863 1385 2940 ἐπιμελῆ
1422 2862 1514 2921 καὶ
1543 2864 1815 2939 τάμαυτοῦ
1843 2862 2093 2942 πράττειν

530 2950 891 3027 ἐπιστάμενον·
942 2952 993 3009 ἐν
1033 2953 1173 3030 ἀρχῇ
1228 2974 1314 3024 τε,
1369 2950 1778 3027 θεσμοθετήσας,
1816 2954 1885 3015 ὡς
1921 2948 2094 3027 ἐγενό-

534 3062 638 3115 μην
676 3041 771 3097 οὗκ
815 3036 989 3105 ἄδικος
1024 3038 1141 3096 οὐδὲ
1195 3038 1535 3111 πλεονέκτης,
1583 3037 1845 3109 ἠπίστατο
1890 3039 2088 3116 σαφῶς.

534 3127 625 3204 (33)
664 3123 829 3185 ‘ssot’
858 3128 953 3185 οὐκ
973 3127 1173 3203 ἀγνοῶν
1194 3125 1331 3185 ἀλλὰ
1351 3130 1529 3207 σαφῶς
1548 3124 1695 3193 εἰδὼς
1714 3125 1873 3185 ἐποίει
1894 3149 1960 3201 με
1990 3128 2092 3184 τῶν

534 3216 693 3273 αὑτοῦ
726 3212 924 3295 κύριον.
1030 3213 1139 3275 Καὶ
1188 3214 1292 3291 μὴν
1339 3212 1457 3272 οὐδὲ
1477 3200 1483 3207 ’
1504 3214 1772 3296 ἀλλότριον
1817 3215 1934 3271 ἀλλ’
1971 3212 2094 3271 ὄντα

536 3302 867 3381 ἀδελφιδοῦν,
920 3300 1027 3360 οὐδ’
1075 3292 1142 3359 αῦ
1182 3300 1344 3379 μικρὰ
1382 3301 1653 3369 πεπονθὼς
1700 3300 1836 3360 ἀλλὰ
1886 3299 2096 3378 μεγάλα

470 3405 495 3443 5
535 3386 705 3466 ἀγαθὰ
748 3388 833 3467 ὑφ’
872 3391 1025 3465 ἡμῶν
1049 3431 1066 3465 ,
1114 3388 1223 3445 οὐδ’
1262 3378 1329 3445 αὖ
1374 3386 1677 3467 ἀφιλότιμον
1698 3434 1713 3460 ,
1760 3386 1813 3454 ὃς
1862 3387 1929 3445 τὰ
1972 3387 2094 3447 ὄντα

536 3473 739 3551 ἀφιέναι
779 3474 995 3549 ἔμελλον
1024 3472 1205 3551 ὥσπερ
1242 3464 1381 3531 οὗτοι
1408 3472 1475 3532 τὰ
1515 3479 1607 3533 τοῦ
1648 3472 1843 3555 κλήρου
1867 3474 2096 3547 πεποιή-

536 3582 691 3619 κασιν
710 3606 727 3634 ,
752 3560 889 3619 ἀλλὰ
934 3560 1313 3640 βουλησόμενον
1345 3559 1437 3619 καὶ
1466 3566 1800 3641 τριηραρχεῖν
1830 3562 1919 3619 καὶ
1947 3565 2100 3625 πολε·

538 3651 654 3727 μεῖν
676 3646 767 3707 καὶ
803 3656 1047 3729 χορηγεῖν
1077 3648 1167 3706 καὶ
1204 3648 1358 3707 πάνθ’
1396 3648 1517 3726 ὑμῖν
1563 3648 1630 3705 τὰ
1661 3648 2097 3727 προσταττόμενα

536 3738 699 3796 ποιεῖν
718 3782 735 3811 ,
764 3734 944 3818 ὥσπερ
982 3741 1233 3804 κάκεῖνος.
1321 3735 1411 3817 (ao)
1455 3734 1643 3795 Καίτοι
1668 3741 1713 3795 εἶ
1737 3735 1825 3796 καὶ
1850 3736 2099 3817 συγγενὴς

536 3824 627 3884 καὶ
654 3824 796 3905 φίλος
825 3824 915 3883 καὶ
952 3822 1223 3905 εὗεργέτης
1259 3823 1351 3883 καὶ
1381 3821 1647 3905 φιλότιμος
1683 3824 1777 3884 καὶ
1814 3824 2098 3903 δεδοκιμα-

538 3912 725 3991 σμένος
761 3916 997 3993 ὖπῆρχον
1036 3917 1263 3980 τοιοῦτος
1296 3902 1453 3987 εἶναι,
1476 3910 1553 3979 τίς
1576 3910 1637 3972 ἂν
1683 3911 2098 3995 ἀμφισὸητήσειε

541 4002 615 4079 μὴ
656 4004 748 4061 οὐκ
778 4001 959 4081 ἀνδρὸς
992 3992 1051 4060 εἶ
1090 4006 1393 4083 φρονοῦντος
1419 3990 1555 4061 εἶναι
1580 3999 1779 4074 ταύτην
1814 4000 1909 4074 τὴν
1939 4001 2100 4074 ποίη-

466 4107 514 4146 ιο
540 4112 649 4163 σιν;
678 4089 825 4167 Ἐγὼ
846 4089 1015 4149 τοίνυν
1046 4087 1101 4149 ἕν
1131 4112 1191 4168 γε
1217 4092 1320 4148 τῶν
1346 4091 1433 4147 ὑπ’
1464 4090 1659 4149 ἐκείνου
1684 4088 2099 4167 δοκιμασθέντων

538 4175 641 4250 ἤδη
669 4174 951 4249 πεποίηκα·
996 4174 1497 4257 γεγυμνασιοίρχηκα
1534 4176 1637 4257 γὰρ
1672 4179 1745 4243 εἷς
1790 4176 2099 4257 Προμήθεια

540 4266 690 4323 τοῦδε
717 4270 807 4323 τοῦ
844 4267 1079 4323 ἐνιαυτοῦ
1112 4264 1395 4345 φιλοτίμως
1416 4311 1430 4337 ,
1479 4268 1549 4331 ὥς
1576 4268 1623 4323 οἱ
1655 4264 1869 4347 φυλέται
1910 4264 2101 4333 πάντες

541 4350 739 4412 ἴσασιν.
828 4351 925 4418 Ὡς
958 4353 1005 4409 δ’
1048 4354 1217 4424 ἀληθῆ
1248 4352 1414 4432 λέγω,
1455 4351 1605 4411 κάλει
1638 4376 1726 4431 μοι
1760 4352 1952 4412 τούτων
1982 4353 2102 4421 τοὺς

546 4438 830 4519 μάρτυρας·

1146 4548 1469 4595 ΜΑΡΤΥΡΕΣ

624 4692 694 4735 37.
735 4672 823 4734 Τὰ
866 4672 960 4751 μὲν
996 4671 1223 4754 ἡμέτερα
1252 4672 1462 4746 δίκαια,
1505 4678 1620 4732 καθ’
1660 4673 1693 4731 ἃ
1738 4674 2102 4753 προσηκόντως

546 4760 683 4841 ἔχειν
714 4759 883 4843 φαμὲν
915 4760 1002 4820 τὸν
1037 4762 1261 4840 κλῆρον,
1308 4764 1459 4819 ταῦτ’
1486 4760 1648 4838 ἐστίν,
1681 4751 1725 4820 ὦ
1760 4763 1954 4842 ἄνδρες·
1989 4764 2099 4822 δεό-

548 4854 681 4927 μεθα
727 4849 771 4906 δ’
808 4850 955 4925 ὑμῶν
1000 4852 1207 4928 βοηθεῖν
1235 4852 1362 4925 ἡμῖν
1390 4848 1479 4907 καὶ
1526 4849 1677 4907 ἕνεκα
1712 4850 2100 4931 Ἀπολλοδώρου

468 4959 519 5002 ιε
547 4936 637 4996 καὶ
660 4936 829 4997 ἕνεκα
852 4942 942 4995 τοῦ
985 4936 1179 4995 ἐκείνου
1216 4937 1424 5016 πατρός·
1454 4938 1512 4994 οὗ
1542 4936 1642 5017 γὰρ
1685 4938 1978 5017 ἀχρήστους
2007 4943 2102 4998 αὖ·

549 5022 667 5093 τοὺς
686 5026 931 5106 εὑρήσετε
963 5024 1213 5100 πολίτας,
1240 5027 1357 5082 ἀλλ’
1390 5029 1459 5091 ὡς
1487 5015 1639 5083 οἷόντ’
1668 5028 1738 5092 εἷς
1774 5029 1840 5085 τὰ
1876 5029 2098 5109 ὑμέτερα

544 5112 981 5193 προθυμοτάτους.
1072 5116 1161 5191 (33)
1186 5112 1257 5173 ‘0
1282 5112 1376 5190 μὲν
1397 5112 1499 5193 γὰρ
1526 5112 1703 5194 πατὴρ
1736 5118 1895 5172 αὐτοῦ
1926 5115 2018 5182 τάς
2045 5139 2099 5174 τε

548 5199 711 5271 ἄλλας
733 5202 942 5269 ἁπάσας
962 5201 1278 5282 λειτουργίας
1301 5200 1717 5283 λελειτούργηκε,
1739 5202 1831 5262 καὶ
1854 5226 2098 5285 τριηραρ-

545 5292 656 5371 χῶν
679 5290 767 5349 τὸν
794 5290 966 5349 πάντα
1000 5290 1184 5372 χρόνον
1231 5289 1540 5364 διετέλεσεν,
1582 5293 1675 5351 οὐκ
1708 5292 1766 5351 ἐκ
1804 5293 2099 5374 συμμορίας

1221 476 1480 537 ΙΣΑΙΟΥ
1521 475 1571 534 0
1616 476 1796 537 ΠΕΡΙ
1835 474 1990 535 ΤΟΥ
2032 472 2603 535 ΑΠΟΛΛΟΔΩΡΟΥ
2645 472 2984 531 ΚΔΗΡΟΥ.·

3379 469 3399 547 (
3418 472 3636 547 iso—isi}

2161 616 2246 679 qui
2273 614 2470 667 vidisset
2499 614 2587 665 bns
2619 626 2806 665 sorores
2841 612 3122 679 [Eupolidis
3147 611 3304 677 filias]
3335 612 3476 685 fratris
3495 613 3648 677 quidem

2159 705 2235 754 sui
2260 704 2533 769 Apollodori
2557 705 2734 767 habere
2751 704 2874 753 bona
2888 740 2903 765 ,
2923 702 3078 753 tilium
3097 704 3262 753 autem
3287 703 3330 751 ei
3353 702 3522 751 nullum
3545 702 3650 752 sulli-

2159 805 2270 843 cere
2287 793 2508 855 quamvis
2521 792 2696 843 liberos
2711 792 2958 854 haberent,
2977 794 3026 842 et
3037 790 3235 841 maritos
3253 803 3410 841 earum
3425 790 3596 839 fundum
3609 790 3652 838 ab

2163 881 2454 944 Apollodoro
2471 881 2692 931 relictum
2715 893 2811 930 una
2831 892 2946 929 cum
2967 880 3286 929 instrumento
3305 876 3653 941 rusticoadquin·

2161 983 2260 1032 que
2277 970 2568 1021 talentorum
2601 970 2814 1019 valorem
2837 967 3104 1019 vendidisse
3133 968 3469 1032 pecuniamque
3497 966 3600 1015 inter
3621 979 3658 1013 se

2160 1048 2401 1114 divisisse,
2429 1051 2726 1115 domumque
2752 1050 3026 1115 Apollodori
3051 1050 3146 1101 hoc
3175 1052 3318 1115 pacto
3340 1051 3486 1114 iacere
3501 1049 3660 1113 turpiter

2161 1132 2440 1185 desolatam.
2481 1138 2610 1215 ’(32)
2640 1136 2857 1185 Fratrem
2881 1136 3044 1198 itaque
3067 1136 3154 1199 qui
3183 1137 3346 1186 numt
3367 1136 3494 1185 istaec
3519 1148 3546 1183 a
3561 1147 3660 1183 soro·

2161 1213 2296 1263 ribus
2331 1228 2524 1279 passum
2538 1251 2554 1277 ‚
2591 1217 2677 1277 qul
2714 1216 2901 1277 poterat
2943 1215 2985 1264 is
3015 1228 3208 1277 sperare
3249 1216 3460 1266 futurum
3493 1216 3540 1262 ut
3568 1214 3664 1275 ipse,
3700 1250 3702 1253 ,

2162 1294 2348 1345 etiamsi
2373 1294 2558 1344 amicus
2581 1294 2675 1345 illis
2714 1294 2884 1344 ruisset
2899 1332 2915 1357 ,
2934 1294 2995 1344 ab
3018 1294 3092 1345 bis
3129 1295 3342 1347 honores
3391 1307 3606 1358 supremos
3632 1298 3664 1343 et

2160 1369 2290 1433 justa
2325 1372 2685 1435 adipisceretur,
2723 1384 2934 1435 quorum
2968 1385 3068 1421 nou
3102 1371 3271 1436 frater,
3309 1372 3392 1423 sed
3423 1370 3666 1423 solummodo

2165 1452 2478 1502 consobrinus
2497 1456 2654 1503 osset?
2679 1452 2900 1502 Profecto
2921 1453 3090 1513 negata
3113 1452 3181 1502 illi
3201 1454 3310 1503 erat
3341 1452 3445 1501 luec
3463 1464 3568 1514 spes.
3587 1448 3667 1499 Illos

2165 1532 2328 1581 autem
2354 1532 2490 1582 tratri
2509 1546 2599 1583 suo
2623 1532 2776 1582 filium
2793 1532 2982 1581 nullum
2999 1531 3230 1582 defuncto
3245 1531 3503 1591 suffecisse,
3517 1530 3560 1579 et
3573 1530 3664 1578 hona

2167 1610 2273 1673 eius
2302 1611 2567 1674 possidere,
2607 1612 2932 1674 domumque,
2959 1624 3072 1673 quae
3091 1611 3342 1673 quondam
3378 1609 3668 1659 trien-archatus

2167 1704 2315 1741 onera
2335 1692 2647 1754 sustentavit,
2681 1692 2755 1742 uti
2781 1705 2924 1742 nemo
2957 1692 3138 1755 nescit,
3161 1692 3224 1743 de
3261 1692 3418 1743 medio
3448 1692 3668 1752 sustulisse,

2167 1769 2474 1819 testabuntur
2499 1771 2646 1820 testes
2673 1768 2862 1833 iniquos
2877 1769 2940 1819 ab
2965 1770 3017 1820 te
3039 1770 3158 1819 mihi
3177 1771 3320 1821 citari
3337 1771 3462 1822 volo.

2832 1870 3066 1914 188188.

2235 1994 2314 2039 33.
2340 1990 2443 2038 Hoc
2465 1987 2609 2052 igitur
2635 1988 2686 2039 bi
2712 2002 2866 2053 quum
2891 1990 3050 2041 essent
3071 1989 3238 2039 animo
3254 2002 3366 2052 erga
3399 1989 3538 2039 semet
3557 1988 3672 2050 ipsos,

2173 2068 2222 2116 et
2245 2069 2380 2118 tante
2400 2082 2552 2131 quum
2573 2070 2698 2119 esset
2719 2068 2885 2119 iisdem
2905 2081 3019 2119 cum
3037 2070 3334 2133 Apollodoro
3353 2068 3576 2130 simultas,
3594 2066 3676 2130 quid

2173 2146 2306 2197 aliud
2323 2149 2512 2210 poterat
2529 2148 2822 2211 Apollodoro
2844 2150 3016 2201 melius
3033 2149 3085 2200 in
3106 2152 3326 2201 mentem
3343 2151 3498 2200 venire
3511 2162 3627 2211 quam
3639 2148 3677 2193 ut

2175 2226 2294 2289 hoc,
2314 2226 2444 2289 quod
2461 2231 2722 2279 exsecutus
2761 2230 2860 2290 est,
2880 2228 3134 2279 consilium
3165 2232 3461 2293 capmret?
3479 2229 3602 2291 Atqui
3619 2226 3679 2275 de·

2179 2304 2371 2367 buerat‚
2391 2304 2488 2367 aiS,
2509 2304 2698 2357 medius
2731 2304 2900 2368 fidius,
2931 2308 3182 2369 sumptum
3205 2307 3270 2357 ab
3301 2310 3550 2357 amicorum
3563 2306 3676 2366 aliqu·

2177 2393 2382 2443 puerum
2393 2382 2638 2445 adoptare,
2653 2382 2973 2447 heredemque
2989 2382 3231 2433 honorum
3243 2397 3440 2435 suorum
3455 2383 3682 2434 tacerem-

2180 2458 2263 2520 qui
2277 2459 2390 2521 ipsis
2403 2458 2522 2509 adeo
2535 2461 2812 2523 parentibus
2821 2461 2956 2524 pueri
2969 2463 3164 2525 propter
3177 2464 3376 2513 aetatem
3389 2462 3526 2512 incert
3531 2460 3684 2510 amfus-

2179 2539 2279 2601 set,
2311 2538 2468 2601 qualis
2499 2537 2578 2588 ille
2609 2538 2868 2602 aliquando
2898 2539 3091 2589 futurus
3119 2542 3264 2591 esset.
3332 2541 3429 2604 (34)
3457 2539 3540 2590 uei
3565 2542 3684 2587 autem

2181 2616 2524 2667 documentum
2549 2620 2740 2681 ceperat
2760 2617 3108 2682 Apollodorus,
3137 2619 3274 2683 quod
3295 2620 3411 2671 satis
3429 2622 3542 2669 esset
3567 2618 3615 2667 ad
3629 2616 3684 2678 ju-

2180 2694 2439 2747 dicandum
2461 2710 2574 2760 quae
2600 2696 2662 2747 de
2681 2710 2762 2747 me
2784 2696 3020 2760 speranda
3043 2697 3263 2749 baberet.
3327 2700 3472 2749 Norat
3487 2698 3598 2748 enim
3617 2709 3686 2757 quo

2179 2772 2342 2824 animo
2383 2787 2494 2837 erga
2533 2777 2720 2838 patrem
2751 2777 3052 2839 matremque
3089 2789 3272 2837 essem,
3305 2779 3446 2830 norat
3475 2790 3545 2827 me
3571 2786 3687 2824 neus»

2180 2851 2418 2902 sariorum
2441 2852 2713 2903 studiosum
2729 2890 2745 2915 ,
2770 2866 2932 2903 rerum
2953 2866 3032 2903 me
3045 2866 3267 2904 mearum
3281 2857 3422 2905 norat
3433 2856 3687 2916 satagentem,

2181 2931 2321 2980 norat
2345 2931 2537 2993 qualem
2567 2930 2619 2981 in
2653 2932 2936 2995 magistratu
2975 2945 3056 2982 me
3089 2933 3376 2995 gessissem
3405 2931 3688 2983 thesmothetae

2182 3008 2311 3058 enim
2337 3008 2522 3060 honore
2559 3010 2758 3061 functus
2789 3010 2858 3061 ita
2877 3024 3017 3074 sum,
3045 3012 3102 3060 ut
3130 3024 3296 3075 neque
3312 3012 3396 3075 J'us
3413 3024 3588 3075 :equum
3613 3024 3690 3072 per·

2181 3088 2418 3137 verterem
2432 3100 2588 3151 neque
2604 3088 2932 3152 largitionibus
2944 3101 3296 3152 corrumperer.
3365 3090 3462 3155 (35)
3475 3093 3580 3141 Haec
3589 3087 3694 3149 Apol·

2181 3168 2376 3220 lodorus
2391 3182 2490 3220 non
2508 3170 2755 3234 ignorans,
2777 3168 2862 3221 sed
2885 3169 3038 3235 probe
3056 3173 3255 3234 ten-s,
3283 3172 3514 3223 bonorum
3542 3182 3694 3221 suorum

2183 3261 2263 3298 me
2284 3249 2488 3300 faciebat
2523 3250 2756 3301 arbitrum
2769 3286 2786 3313 ,
2824 3264 2922 3301 non
2947 3250 3158 3301 alienum
3191 3252 3441 3303 hominem
3467 3252 3544 3303 sed
3561 3251 3698 3301 sororis

2182 3340 2284 3377 suae
2309 3328 2489 3392 tilium,
2519 3342 2677 3393 neque
2715 3330 2875 3393 parvis
2907 3331 3084 3381 nostris
3113 3330 3198 3381 sed
3237 3331 3464 3381 maximis
3490 3330 3698 3381 obstrictis

2184 3404 2449 3469 beneficiis,
2469 3419 2628 3469 neque
2653 3420 2732 3457 me
2757 3407 2903 3458 animi
2924 3408 2992 3457 ita
3009 3408 3260 3470 degeneris
3283 3412 3340 3459 ut
3358 3422 3570 3473 passurus
3583 3420 3696 3458 essem

2188 3484 2315 3535 bona
2347 3486 2451 3546 eius
2485 3500 2678 3549 pessum
2715 3486 2812 3549 ire,
2844 3486 3260 3550 quemadmodum
3299 3488 3351 3537 bi
3387 3489 3507 3552 passi
3533 3484 3698 3537 suntsui

2185 3563 2344 3613 fratris
2371 3564 2498 3613 bona
2531 3578 2723 3627 pessum
2760 3565 2857 3627 ire,
2889 3565 2974 3614 sed
3009 3568 3232 3628 prompte
3261 3566 3534 3617 functurum
3565 3562 3702 3613 muniis

2185 3644 2235 3692 et
2259 3644 2602 3694 trierarchatus
2613 3647 2662 3694 et
2675 3644 2859 3695 militiae
2877 3646 2928 3694 in
2946 3647 3076 3695 terra
3095 3646 3376 3696 continente
3389 3648 3438 3697 et
3449 3646 3700 3707 ebor-egatus,

2183 3719 2390 3783 denique
2405 3735 2708 3785 quaecunque
2729 3734 2816 3771 vos
2831 3722 2934 3772 sitis
2951 3722 3232 3786 imperaturi
3257 3736 3363 3774 osse
3379 3726 3698 3779 exsecuturum,

2184 3794 2596 3864 quemadmodum
2619 3802 2718 3865 ipse
2734 3815 2929 3866 quoque
2959 3803 3068 3853 suit.
3133 3804 3236 3867 (36)
3258 3805 3408 3868 Atqui
3427 3805 3466 3855 si
3497 3804 3547 3855 et
3569 3812 3703 3863 cugm-

2186 3881 2266 3930 tus
2295 3881 2584 3945 Apollodoro
2605 3894 2740 3933 eram
2769 3884 2821 3933 et
2841 3882 3026 3933 amicus
3055 3884 3105 3933 et
3137 3882 3262 3935 bene
3283 3886 3350 3935 de
3379 3897 3438 3935 eo
3469 3883 3643 3933 meritus
3665 3880 3704 3928 et

2187 3958 2330 4009 tidem
2349 3960 2393 4010 ei
2415 3962 2620 4012 feceram
2645 3962 2700 4010 ut
2717 3962 2882 4012 certus
2899 3964 3024 4013 osset
3041 3976 3122 4013 me
3133 3962 3284 4013 talem
3307 3977 3412 4015 esse
3421 4000 3438 4027 ,
3455 3962 3606 4026 ecquis
3620 3960 3702 4024 jam

2186 4036 2372 4089 dubitet
2391 4037 2653 4101 adoptandi
2689 4040 2785 4089 mei
2815 4040 3066 4090 consilium
3097 4040 3162 4090 ab
3186 4040 3388 4091 homino
3411 4054 3534 4092 εοεαε
3563 4038 3704 4089 mentis

2187 4122 2454 4185 profectum
2472 4124 2606 4174 esse?
2625 4128 2725 4187 Ego
2748 4126 2878 4175 certe
2895 4137 3050 4174 unum
3068 4125 3266 4189 aliquod
3283 4140 3454 4177 eorum
3467 4164 3482 4190 ,
3499 4138 3597 4189 qum
3613 4118 3708 4173 mihi

2187 4202 2248 4253 ab
2269 4218 2328 4255 eo
2357 4205 2571 4267 iniuncta
2594 4206 2932 4269 suerunt,jam
2959 4208 3117 4271 peregi
3139 4228 3152 4259 :
3187 4211 3587 4273 gymmsiarchatu
3604 4205 3706 4255 enim

2187 4281 2380 4335 mnctus
2396 4283 2464 4334 rui
2487 4283 2539 4333 in
2555 4284 2850 4335 Prometheis
2869 4283 2963 4335 hoc
2976 4284 3079 4347 ipso
3102 4298 3230 4335 anno
3257 4286 3528 4349 liberaliter,
3547 4284 3588 4335 id
3603 4278 3705 4345 quod

2187 4372 2354 4411 omnes
2373 4362 2552 4411 norunt
2568 4361 2786 4412 tribules.
2851 4364 2976 4413 Vera
2995 4362 3100 4415 haec
3118 4376 3148 4413 a
3165 4376 3244 4415 me
3263 4364 3358 4415 dici
3389 4360 3703 4415 confirmabunt

2189 4441 2238 4491 hi
2260 4444 2431 4506 testoe,
2451 4456 2572 4506 quos
2595 4444 2714 4493 mihi
2731 4444 2817 4495 abs
2843 4446 2892 4495 te
2913 4445 3050 4494 citari
3067 4446 3196 4496 volo.
3241 4454 3249 4459 ·

2846 4574 3085 4619 ΤΒΒΤΕΒ.

2253 4684 2330 4730 37.
2365 4682 2482 4730 Haec
2505 4682 2660 4745 capito
2687 4684 2828 4745 sunt,
2868 4682 3082 4746 judices,
3107 4683 3189 4733 illa
3215 4684 3366 4747 iuriS,
3403 4694 3596 4747 quorum
3623 4674 3706 4728 freti

2187 4768 2474 4819 auctoritate
2491 4769 2826 4821 contendimus
2839 4784 3034 4835 aequum
3053 4785 3156 4822 esse
3173 4785 3261 4822 uos
3274 4772 3532 4823 hereditate
3549 4768 3708 4832 Apollo·

2188 4855 2294 4905 dori
2325 4857 2486 4920 potiri.
2551 4860 2662 4907 Jam
2682 4872 2794 4921 vos,
2826 4859 3038 4922 judices,
3071 4860 3284 4911 obtestor
3303 4861 3359 4911 ut
3381 4858 3514 4910 nobis
3537 4854 3710 4907 faveatis

2190 4945 2294 4993 tum
2322 4944 2596 5008 Apollodori
2625 4940 2777 5009 'gratia
2797 4949 2902 4997 tum
2925 4948 3072 5010 patris
3089 4946 3217 5011 ejus,
3246 4960 3368 5011 quos
3391 4945 3618 5011 reperietis
3637 4942 3710 4989 tro·

2189 5034 2343 5084 mines
2371 5048 2468 5083 non
2498 5034 2695 5085 inutiles
2721 5035 2890 5099 fuisse,
2911 5036 2997 5087 sed
3015 5038 3162 5086 vestri
3181 5014 3532 5099 quummaxime
3553 5028 3712 5081 studio·

2188 5136 2284 5173 sos.
2349 5124 2449 5187 (38)
2471 5128 2592 5175 Nam
2611 5127 2752 5187 pater
2781 5123 3058 5188 Apollodori
3075 5127 3132 5176 ut
3151 5125 3244 5175 alia
3259 5126 3420 5175 omnia
3439 5122 3552 5173 obiit
3571 5116 3712 5169 munia

2187 5214 2468 5277 sumptuosa
2483 5250 2498 5276 ,
2519 5214 2585 5263 ita
2603 5214 2946 5265 trierarchatus
2965 5228 3050 5277 per
3069 5216 3223 5265 totam
3249 5226 3385 5278 poene
3403 5212 3544 5265 viram
3567 5208 3712 5271 εῶίῑ,

2189 5315 2286 5353 non
2321 5301 2388 5353 sic
2411 5304 2468 5352 ut
2488 5314 2622 5353 nunc
2649 5303 2854 5365 faciunt,
2877 5303 3107 5354 societate
3136 5316 3248 5355 cum
3269 5302 3374 5353 aliis
3397 5300 3560 5353 multis
3579 5296 3712 5355 inita,
