3825 5842
125 478 362 563 (sn-⁸²⁸)

897 470 1144 535 LYSIAE
1183 466 1488 531 CONTRA
1525 464 1941 530 ERGOGLEM
1975 462 2433 526 PERORATIO.

3149 472 3259 529 21⁵

123 618 191 685 τῆς
207 610 382 675 πόλεως
400 607 744 689 ὀρρωδοῦντας
764 600 990 681 ἡσυχίαν
1009 598 1136 679 πρὸς
1152 598 1360 665 τούτους
1381 597 1525 666 ἕξειν.
1555 594 1614 677 (s)
1707 602 1923 667 metipsis
1938 604 1989 653 et
2016 602 2210 653 civitate
2232 600 2569 663 formidantes,
2596 599 2658 652 ab
2674 600 2789 665 ipsis
2812 600 3106 653 abstinentis.
3190 604 3261 666 (8)

123 696 440 778 Θρασῦὅουλος
466 690 560 771 μὲν
585 686 696 770 οὖν,
717 680 762 751 ἶ)
796 690 972 770 ἄνδρε(
997 688 1280 759 Ἀθηναῖοί»
1309 684 1489 763 (οὐδὲν
1515 686 1618 765 γὰρ
1707 705 2037 768 Thrasybulus
2058 704 2218 767 igitur,
2242 704 2576 768 Athenienses,
2602 702 2793 766 (neque
2808 704 2937 753 enim
2966 716 3161 755 necesse
3190 705 3266 755 est

123 789 182 844 δεῖ
193 784 294 865 περὶ
320 786 468 842 αὐτοῦ
495 779 658 839 πλείω
683 777 878 855 λέγειν)
904 778 1075 842 καλῶς
1097 772 1336 845 ἐποίησεν
1366 769 1502 832 οὕτω
1527 772 1618 830 τἐ-

123 872 330 944 levarim<
347 870 430 930 τὸν
459 868 587 951 βίον·
611 870 670 928 οὗ
697 866 798 948 γὰρ
822 864 924 924 ἔδει
945 862 1100 923 αὐτὸν
1120 860 1237 922 οὔτε
1262 864 1354 932 ζῆν
1376 858 1620 927 τοιούτοις

126 962 252 1041 ἔργοις
271 956 680 1027 ἐπιδουλεύοντα,
721 952 825 1013 οὔθ’
849 952 934 1033 ὑφ’
961 954 1105 1029 ὑμῶν
1134 950 1408 1009 ἀποθανεῖν
1434 947 1537 1019 ἤδη
1571 970 1621 1005 τι

107 1097 118 1108 .
129 1050 325 1105 δοκοῦντα
341 1050 470 1123 ὑμᾶς
485 1042 674 1121 ἀγαθὸν
694 1038 1051 1113 πεποιηκέναι,
1069 1035 1205 1096 ἀλλὰ
1221 1036 1434 1118 τοιούτῳ
1448 1033 1623 1115 τρόπῳ

129 1138 198 1204 τῆς
213 1134 384 1199 πόλεως
405 1129 792 1208 ἀπαλλαγῆναι.
877 1128 942 1209 (ο)
969 1125 1116 1207 Ὅρῶ
1142 1126 1186 1184 δ’
1211 1122 1394 1189 αὐτοὺς
1421 1121 1507 1183 διὰ
1528 1121 1622 1194 τὴν

79 1240 112 1281 ιε
130 1221 270 1301 πρῴην
306 1220 575 1291 ἐκκλησίαν
605 1215 777 1277 οὐκέτι
815 1212 1142 1296 φειδομένους
1179 1217 1284 1273 τῶν
1311 1210 1622 1293 χρημάτων,

133 1309 220 1367 ἀλλ’
236 1306 529 1384 ὠνουμένους
543 1302 636 1370 τὰς
657 1306 826 1361 αὑτῶν
854 1300 1027 1383 ψυχὰς
1047 1300 1138 1361 καὶ
1158 1299 1304 1382 παρὰ
1323 1303 1425 1358 τῶν
1445 1296 1622 1376 λεγόν·

132 1418 208 1452 των
222 1395 296 1453 καὶ
315 1392 450 1475 παρὰ
467 1396 570 1453 τῶν
592 1394 790 1473 ἐχθρῶν
812 1389 902 1449 καὶ
919 1388 1066 1470 παρὰ
1085 1392 1187 1448 τῶν
1205 1385 1520 1469 πρυτάνεων,
1536 1383 1626 1444 καὶ

133 1481 306 1549 πολλοὺς
315 1479 584 1554 Ἀθηναίων
607 1476 836 1561 ἀργυρίῳ
856 1477 1184 1559 διαφθείρειν.
1229 1474 1396 1556 εΥπὲρ
1414 1465 1485 1533 ὧν
1505 1476 1625 1551 ὑμῖν

133 1570 239 1637 ἄξιόν
263 1572 382 1629 ἐστιν
409 1566 840 1647 ἀπολογήσασθαι
870 1564 1017 1647 παρὰ
1039 1564 1218 1625 τούτου
1247 1570 1335 1623 νῦν
1366 1562 1511 1635 δίκην
1533 1562 1628 1620 λα-

135 1656 272 1729 soson,
290 1658 372 1715 καὶ
396 1666 552 1715 πᾶσιν
577 1654 866 1737 ἀνθρώποις
895 1652 1142 1721 Ξπιδεῖξαι
1169 1650 1249 1710 ὅτι
1279 1652 1372 1709 οὐκ
1405 1648 1514 1709 ἔστι
1537 1670 1630 1707 το-

136 1750 266 1803 σαῦτα
292 1744 556 1826 χρήματα,
591 1735 666 1805 ὦν
703 1744 850 1821 ὑμεῖς
875 1741 1159 1815 ἡττήσεσθε
1195 1739 1332 1799 ὥστε
1359 1737 1436 1817 μὴ
1462 1758 1631 1813 τιμω-

84 1850 120 1889 ae
139 1832 408 1911 ρεῖσθαιτοὺς
421 1835 739 1898 ἀδικοῦντας.
789 1831 880 1912 (ιο)
895 1830 1232 1906 Ἐνθυμεῒσθε
1249 1826 1372 1908 γάρ,
1391 1814 1436 1885 ὦ
1454 1824 1633 1903 ἄνδρες

135 1918 372 1993 Ἀθηναῖοι,
394 1919 468 1981 ὅτι
495 1923 592 1981 οὔκ
615 1919 906 2001 Ἐργοκλῆς
933 1916 1086 1995 μόνος
1112 1916 1368 1997 κρίνεται,
1389 1911 1525 1973 ἀλλὰ
1542 1910 1634 1971 καὶ

136 2008 302 2077 ἡπόλις
321 2008 424 2079 ὅλη.
447 2008 580 2070 Νυνὶ
603 2006 706 2089 γὰρ
737 2015 842 2074 τοῖς
871 2004 936 2087 ἄρ
977 2028 1090 2064 ουσι
1121 2005 1227 2071 τοῖς
1245 2002 1506 2084 ὑμετέροις
1533 2004 1638 2059 ἐπι-

137 2094 285 2163 δείξετε
316 2094 516 2177 πότερον
549 2095 659 2177 χρὴ
691 2092 906 2161 δικαίοις
933 2117 956 2152 ε
979 2117 1091 2166 ναι,
1115 2091 1150 2163 ἢ
1178 2094 1246 2158 ὣς
1272 2092 1493 2150 πλεῖστα
1532 2093 1634 2148 τῶν

141 2182 350 2262 ὓμετέρων
385 2182 716 2265 θφελομένοις
739 2184 818 2263 τῷ
859 2182 1002 2262 αύτῷ
1042 2179 1221 2261 τρόπῳ
1247 2176 1340 2249 τὴν
1378 2174 1636 2255 σωτηρίαν

141 2270 596 2349 παρασκευάζεσθαι,
637 2260 751 2351 ᾧπε
828 2258 966 2327 οὗτοι
997 2266 1104 2325 νυνὶ
1145 2269 1442 2345 πειρῶνται.
1547 2258 1636 2343 (ιι)

145 2357 290 2417 Καίτοι
307 2348 360 2417 εὖ
373 2357 556 2417 εἰδέναι
581 2358 728 2439 χρή,
743 2382 788 2415 ω
817 2355 994 2435 ἄνδρες
1016 2352 1286 2413 δικασταί·
1311 2350 1449 2419 ὅστις
1469 2352 1520 2410 ἐν
1553 2372 1638 2409 το·

144 2444 272 2526 σαύτη
291 2447 468 2527 ἀπορίᾳ
490 2450 595 2507 τῶν
628 2443 888 2527 ὑμετέρων
912 2444 1235 2523 πραγμάτων
1259 2440 1292 2512 ἢ
1319 2441 1493 2508 πόλεις
1513 2460 1640 2517 προ-

91 2550 128 2586 ιι
146 2532 352 2605 δίδωσινῆ
374 2535 626 2615 χρήματα
656 2532 897 2592 κλέπτειν
927 2530 962 2601 ἢ
991 2530 1294 2611 δωροδοκεῖν
1315 2526 1472 2599 ἀξιοῖ,
1497 2518 1642 2593 οὗτος

145 2622 212 2678 καὶ
225 2620 278 2679 τὰ
293 2621 426 2702 τείχη
446 2622 534 2681 καὶ
553 2620 649 2688 τὰς
665 2625 792 2689 ναῦς
805 2627 910 2687 τοῖς
925 2617 1192 2695 πολεμίοις
1209 2614 1534 2695 παραδίδωσι
1552 2612 1642 2672 καὶ

145 2710 394 2790 ὀλιγαρχίαν
419 2714 476 2769 ἐκ
501 2706 858 2789 δημοκρατίας
880 2704 1184 2777 καθίστησιν
1199 2728 1212 2741 ·
1235 2700 1362 2762 ὥστ’
1387 2704 1480 2761 οὔκ
1505 2700 1643 2769 ἄξιον

147 2797 236 2870 ὑμῖν
271 2802 350 2869 τῆς
372 2798 560 2857 τούτων
609 2798 948 2878 παρασκευῆς
982 2796 1265 2864 ἡττᾶσθαι,
1309 2788 1446 2848 ἀλλὰ
1470 2787 1642 2869 παρά-

151 2881 292 2959 δειγμα
315 2893 463 2943 πᾶσιν
486 2882 775 2965 ἀνθρώποις
801 2885 1019 2953 ποιῆσαι
1042 2879 1133 2939 καὶ
1152 2876 1286 2958 μήτε
1313 2875 1489 2957 κέρδος
1511 2874 1646 2953 μήτε

151 2968 255 3027 ἔλεον
287 2971 396 3047 μήτ’
424 2972 550 3031 ἄλλο
591 2969 758 3050 μηδὲν
785 2968 904 3050 περὶ
931 2967 1166 3033 πλείονος
1194 2964 1512 3039 ποιήσασθαι
1554 2966 1648 3034 τῆς

151 3054 298 3115 τούτων
317 3058 578 3138 τιμωρίας.

211 3164 264 3205 ιε.
300 3136 454 3222 Οἶμαι
479 3147 526 3205 δ’
560 3143 884 3225 Ἐργοκλέα,
909 3132 954 3203 ἶ)
993 3140 1173 3222 ἄνδρες
1199 3140 1490 3211 Ἀθηναῖοι,
1525 3135 1647 3219 περὶ

99 3250 134 3286 :v
151 3230 222 3304 μὲν
244 3230 628 3315 Ἁλικαρνασσοῦ
657 3233 747 3292 καὶ
771 3230 892 3315 περὶ
929 3235 1024 3303 τῆς
1051 3234 1220 3309 ἀρχῆς
1258 3227 1349 3286 καὶ
1386 3226 1506 3307 περὶ
1544 3230 1647 3287 τῶν

153 3321 260 3397 αὑτῷ
302 3320 671 3401 πεπραγμένων
713 3320 808 3378 οὐκ
847 3318 1196 3399 ἐπιχειρήσειν
1245 3316 1614 3393 ἀπολογεῖσθαι
1627 3358 1644 3391 ,

154 3408 250 3483 ἐρεῖν
273 3410 313 3466 δ’
337 3411 400 3477 ὡς
420 3408 522 3467 ἀπὸ
545 3410 736 3479 Φυλῆς
771 3408 998 3478 κατῆλθε
1033 3404 1122 3464 καὶ
1149 3408 1218 3472 ὣς
1239 3402 1512 3479 δημοτικός
1540 3406 1650 3461 ἐστι

153 3496 220 3552 καὶ
238 3502 294 3563 ὣς
314 3502 406 3556 τῶν
437 3497 686 3557 κινδύνων
715 3498 817 3554 τῶν
851 3494 1108 3575 ὑμετέρων
1149 3490 1420 3573 μετέσχεν.
1505 3487 1650 3567 Ἐγὼ

155 3580 219 3654 δέ,
243 3573 278 3641 ὦ
302 3584 464 3665 ἄνδρες
492 3584 784 3655 Ἀθηναῖοι,
807 3584 864 3640 οὗ
889 3579 1130 3651 τοιαύτην
1156 3579 1368 3657 γνώμην
1398 3576 1503 3657 ἔχω
1531 3576 1649 3657 περὶ

155 3672 230 3727 τῶν
255 3672 491 3731 τοιούτων·
537 3668 628 3750 (1³)
659 3671 780 3728 ἄλλ’
826 3672 937 3728 ὅσοι
981 3666 1075 3745 μὲν
1114 3666 1402 3745 ἐλευθερίας
1435 3663 1526 3724 καὶ
1560 3670 1650 3723 τοῦ

157 3757 312 3817 δικαίου
351 3762 713 3836 ἐπιθυμοῦντες
761 3757 851 3816 καὶ
898 3754 1014 3823 τοὺς
1059 3754 1245 3832 νόμους
1302 3752 1498 3833 ἰσχύειν
1537 3756 1652 3833 βου·

155 3843 318 3920 Mam
363 3847 450 3906 καὶ
479 3846 598 3914 τοὺς
637 3847 948 3912 ἀδικοῦντας
1001 3847 1268 3920 μισοῦντες
1314 3846 1416 3900 τῶν
1463 3838 1652 3917 ὑμετέ-

107 3948 139 3987 ³⁵
159 3954 234 4008 ρων
258 3934 480 3993 κινδύνων
521 3934 799 4012 μετέσχον,
845 3934 904 3990 οὖ
936 3927 1190 4009 πονηροὺς
1236 3920 1368 3987 εἶναι
1412 3926 1649 3999 πολίτας,

158 4020 246 4078 οὐδὲ
267 4022 438 4090 ἀδίκως
459 4020 657 4089 τούτοις
687 4019 826 4101 φημὶ
854 4017 920 4079 ἂν
955 4010 1088 4078 εἶναι
1114 4018 1370 4096 ὑπόλογον
1397 4014 1492 4087 τὴν
1515 4012 1655 4073 ἐκεί-

159 4128 232 4163 νων
259 4108 421 4189 φυγήν·
458 4108 565 4169 ὅσοι
599 4107 656 4168 δὲ
683 4107 1014 4174 κατελθόντες
1041 4108 1094 4164 ἐν
1121 4102 1448 4184 δημοκρατία
1473 4101 1534 4161 τὸ
1563 4100 1657 4179 μὲν

159 4192 357 4275 ὑμέτερον
394 4198 586 4268 πλῆθος
620 4196 890 4267 ἀδικοῦσι,
942 4191 1059 4260 τοὺς
1103 4193 1156 4250 δὲ
1189 4192 1344 4258 ἰδίους
1389 4188 1558 4256 οἴκους
1601 4190 1660 4249 ἐκ

161 4284 236 4337 &a
260 4282 500 4364 1ἱμετέρων
531 4284 789 4363 μεγάλους
823 4286 1066 4355 ποιοῦσι,
1097 4278 1230 4338 πολὺ
1261 4281 1460 4357 μᾶλλον
1489 4279 1660 4343 αὐτοῖς

163 4369 368 4445 προσήκει
393 4372 680 4451 ὀργίζεσθαι
721 4369 756 4441 ἢ
785 4373 891 4431 τοῖς
928 4365 1226 4448 τριάκοντα.
1335 4368 1424 4445 (ιι)
1467 4366 1536 4425 Οἱ
1565 4362 1659 4443 μὲν

162 4454 239 4532 γὶρ
263 4458 334 4515 ἐπὶ
354 4462 484 4517 τοῦτ’
512 4457 973 4537 ἐχειροτονήθησαν
991 4501 1008 4533 ,
1035 4454 1121 4514 ἵνα
1150 4457 1357 4531 κακῶς,
1384 4452 1432 4513 εἴ
1457 4477 1533 4531 πῃ
1567 4450 1660 4508 δύ-

164 4560 328 4616 ναιντο,
365 4548 494 4621 ὑμᾶς
520 4544 814 4615 ποιήσαιεν·
841 4542 1039 4608 τούτοις
1075 4541 1122 4601 δ’
1152 4544 1286 4617 ὑμᾶς
1332 4538 1513 4606 αὐτοὺς
1539 4540 1663 4597 ἐπε-

167 4627 374 4707 τρέψατε,
400 4636 467 4697 ὥς
493 4632 732 4708 μεγάλην
761 4632 852 4689 καὶ
881 4627 1154 4709 ἐλευθέραν
1197 4628 1292 4699 τὴν
1321 4627 1470 4686 πόλιν
1513 4626 1662 4697 ποιή-

119 4724 150 4764 Ιῠ
169 4733 306 4772 εωσιν·
331 4709 396 4775 ὧν
420 4721 538 4796 ὖμῖν
561 4718 708 4779 οὐδὲν
735 4716 1086 4789 ἀποὸέὸηκεν,
1114 4714 1250 4774 ἀλλὰ
1273 4714 1332 4773 τὸ
1359 4714 1446 4772 ἐπὶ
1471 4710 1664 4778 τούτοις

173 4790 270 4859 εἶναι
295 4808 340 4863 ἐν
365 4807 462 4873 τοῖς
489 4804 794 4873 δεινοτάτοις
822 4804 1070 4873 κινδύνοις
1108 4802 1496 4877 καθεστήκατε,
1530 4798 1665 4858 ὥστε

177 4890 273 4946 πολὺ
297 4890 350 4949 ἃν
375 4894 682 4974 δικαιότερον
722 4896 854 4971 ὑμᾶς
895 4890 1078 4954 αὐτοὺς
1112 4890 1148 4961 ἢ
1194 4889 1402 4957 τούτους
1443 4890 1664 4957 ἐλεοῖτε,

181 4976 245 5030 καὶ
281 4979 380 5046 τοὺς
423 4981 695 5062 ὑμετέρους
742 4981 928 5047 παῖδας
980 4977 1071 5037 καὶ
1115 4986 1360 5057 γυναῖκας
1379 5023 1394 5049 ,
1440 4975 1516 5034 ὅτι
1569 4973 1667 5032 ὑπὸ

184 5063 370 5124 τοιούτοιν
389 5069 580 5145 ἀνδρῶν
603 5067 926 5145 λυμαίνεσθε.
1012 5066 1100 5147 (ιε)
1128 5063 1300 5126 ’Ὅταν
1323 5062 1424 5142 γὰρ
1459 5059 1668 5139 ἡγησώ-

186 5153 282 5219 μεθα
296 5156 528 5235 συπηρίας
553 5156 887 5239 ᾶντειλῆιρθαι
903 5200 920 5229 ,
949 5153 1206 5235 δεινότερα
1233 5151 1332 5210 ὑπὸ
1348 5154 1452 5209 τῶν
1480 5148 1668 5227 ἡμετέ-

189 5255 261 5309 ρων
279 5240 509 5319 ἀρχόντων
531 5243 808 5325 πάσχομεν
838 5242 874 5317 ἦ
901 5242 1000 5303 ὑπὸ
1027 5244 1128 5303 τῶν
1157 5239 1438 5319 πολεμίων.
1534 5234 1670 5297 Καί-

1711 803 1850 867 piura
1869 802 1931 853 de
1962 816 2020 852 eo
2038 802 2220 865 dicere)
2256 804 2386 852 recte
2416 802 2529 853 feeit
2544 802 2693 851 talem
2710 803 2823 853 vitae
2844 803 3031 853 exitum
3052 802 3265 853 sortitus.

1711 904 1876 964 Neque
1892 899 2021 950 enim
2040 913 2152 951 eum
2174 900 2335 951 vivere
2356 898 2548 963 decuit,
2567 913 2717 964 quum
2738 902 2841 951 tam
2862 900 3045 951 nefaria
3069 902 3267 953 eonsi'l'n
3358 944 3375 963 ,

1713 996 2028 1047 meditaretur
2038 1014 2055 1059 ς
2092 1009 2251 1059 neque
2280 1010 2311 1047 a
2339 996 2477 1046 vobis
2498 996 2655 1059 capite
2680 996 2843 1061 plecti,
2872 1010 3023 1060 quum
3054 997 3178 1048 bene
3205 996 3268 1049 de

1713 1092 1848 1143 vobis
1869 1092 2099 1143 meruisse
2115 1092 2231 1143 ollm
2252 1092 2495 1143 videretur
2516 1112 2529 1143 ι
2552 1106 2717 1143 verum
2739 1092 2833 1143 boc
2854 1092 2998 1143 modo
3015 1095 3269 1145 convenie-

1713 1189 1797 1239 bat
1816 1188 2061 1239 civitatem
2076 1188 2139 1239 ab
2156 1189 2259 1251 ipso
2276 1188 2482 1239 liberari.
2505 1188 2575 1253 (9)
2598 1190 2719 1240 istos
2736 1192 2901 1240 autem
2916 1190 3057 1241 video
3072 1192 3269 1255 propter

1716 1285 1996 1337 concionem
2016 1298 2169 1349 nuper
2186 1286 2399 1337 habitam
2412 1288 2693 1338 muneribus
2710 1300 2809 1338 non
2825 1300 3039 1353 parcere,
3058 1289 3141 1339 sed
3160 1302 3273 1340 suas

1718 1385 1840 1435 vitas
1859 1382 2163 1447 redemptum
2178 1382 2249 1435 ire
2265 1384 2327 1434 ab
2344 1384 2630 1445 oratoribus,
2648 1385 2709 1434 ab
2723 1384 2924 1435 inimicis
2941 1387 2991 1437 et
3008 1400 3038 1437 a
3056 1386 3271 1451 prytani-

1716 1482 1823 1544 bus,
1843 1482 1989 1545 atque
2003 1480 2359 1531 Atheniensium
2374 1480 2604 1544 plurimos
2616 1480 2817 1545 poeunia
2835 1495 3157 1547 eorrumpere.
3176 1487 3275 1535 Cu-

1713 1578 1792 1641 jus
1812 1576 1977 1641 flagitii
1998 1578 2314 1642 suspicionem
2335 1592 2366 1628 a
2392 1578 2529 1629 vobis
2548 1592 2795 1629 removere
2810 1592 2899 1629 vos
2914 1578 3071 1641 decet,
3091 1581 3154 1632 ab
3182 1581 3275 1631 isto

1719 1688 1850 1725 nunc
1880 1688 2046 1739 poenas
2066 1674 2334 1735 sumentes,
2356 1675 2675 1739 omnibusque
2706 1674 2992 1727 mortalibus
3012 1676 3169 1739 palam
3200 1679 3274 1729 t‘a·

1722 1787 1854 1835 cere,
1875 1774 2031 1826 nullas
2048 1786 2162 1837 opes
2180 1786 2281 1825 esse
2303 1774 2461 1823 tanus
2484 1773 2659 1838 quibus
2676 1774 2793 1825 victi
2821 1775 3099 1825 meinorosis
3118 1776 3273 1827 homi·

1719 1870 1862 1921 nibus
1875 1870 2097 1933 parcatis.
2120 1869 2219 1933 (ιο)
2238 1868 2455 1932 cogitate
2470 1869 2615 1931 enim,
2638 1868 2947 1919 Athenienses
2957 1905 2973 1932 ,
2992 1882 3089 1920 non
3106 1840 3273 1921 ainr-

1721 1967 1857 2031 gocle
1873 1968 2051 2028 solum,
2074 1966 2159 2017 sed
2175 1966 2237 2017 de
2255 1968 2357 2016 tota
2377 1966 2602 2029 civitate,
2616 1966 2852 2029 iudicium
2877 1966 2997 2017 fieri.
3022 1970 3131 2017 ,iam
3149 1967 3279 2017 enim

1723 2064 1894 2114 vestris
1909 2063 2261 2127 magistratibus
2277 2063 2537 2114 ostendetis
2563 2065 2729 2114 utrum
2748 2063 2875 2128 ipsos
2890 2065 3112 2127 oporteat
3125 2064 3281 2125 iustos

1725 2174 1854 2222 esse,
1885 2160 1963 2210 vel
1976 2195 1991 2221 ,
2018 2160 2156 2211 vobis
2180 2160 2427 2224 expilatis,
2446 2161 2616 2211 eedem
2638 2161 2823 2211 ratione
2844 2160 3045 2211 sahrtem
3064 2172 3281 2225 quaerere

1725 2270 1822 2320 qua
1835 2256 1912 2307 isti
1930 2270 2059 2307 nunc
2078 2256 2383 2307 meditantur.
2420 2258 2465 2321 (ι
2476 2258 2519 2321 ι)
2535 2259 2680 2323 Atqui
2706 2258 2853 2321 probe
2870 2270 3010 2308 nosse
3036 2270 3125 2307 vos
3143 2270 3279 2323 opor·

1727 2356 1823 2417 tet,
1838 2354 2049 2418 iudices,
2068 2367 2208 2417 eum,
2226 2356 2378 2417 quiin
2400 2355 2545 2405 tantis
2564 2369 2725 2405 rerum
2744 2356 3009 2405 vestrarum
3027 2354 3281 2419 angustiis,
3392 2404 3395 2407 ,

1731 2451 1806 2500 vei
1824 2449 2041 2501 civitates
2057 2449 2343 2515 prodiderit,
2362 2450 2441 2501 vel
2456 2452 2683 2515 pecunias
2694 2451 2965 2503 subducere
2982 2454 3069 2503 aut
3082 2466 3285 2504 munera

1729 2552 1945 2614 accipere
1973 2550 2280 2614 sustinuerit,
2306 2552 2453 2601 etiam
2478 2553 2657 2603 moenia
2683 2554 2733 2603 et
2764 2564 2913 2603 naves
2937 2552 3158 2605 hostibus
3183 2555 3284 2605 tra-

1731 2647 1947 2698 diturum
1984 2652 2129 2711 atque
2165 2648 2473 2712 oligarchiam
2505 2663 2569 2700 ex
2596 2649 2887 2701 democratia
2912 2650 3285 2703 constituturum

1733 2756 1848 2793 esse.
1871 2748 1970 2794 vos
1986 2744 2131 2808 igitur
2148 2744 2345 2796 minime
2360 2744 2499 2797 decet
2517 2746 2717 2796 istorum
2732 2744 2981 2796 fraudibus
2994 2746 3225 2810 superari,
3236 2750 3285 2797 at

1734 2842 1953 2904 exemplo
1974 2853 2141 2891 omnes
2157 2841 2384 2892 mortales
2402 2841 2627 2903 edocere,
2645 2855 2732 2893 vos
2748 2856 2909 2905 neque
2924 2844 3165 2906 quoestum
3174 2880 3192 2907 ,
3211 2856 3289 2894 ue-

1735 2953 1831 3002 que
1847 2939 2065 3003 gratiam,
2087 2942 2173 2990 aut
2184 2938 2313 2989 aliud
2324 2938 2571 3003 quidpiam
2583 2940 2732 3003 pluris
2750 2940 2905 2991 tacere
2917 2977 2932 3003 ,
2948 2953 3097 3004 quam
3114 2941 3286 2993 talium

1735 3037 1985 3087 hominum
2001 3037 2247 3099 supplicia.

1803 3140 1876 3184 12.
1911 3134 2130 3184 Arbitror
2152 3134 2313 3183 autem
2327 3170 2343 3196 ,
2365 3131 2702 3194 Athenienses,
2728 3132 2977 3195 Ergoclem
2994 3132 3057 3183 de
3075 3132 3287 3184 Halicar-

1737 3251 1906 3299 nasso,
1928 3236 2086 3301 deque
2110 3237 2304 3287 navium
2322 3235 2633 3302 proet'ectura‚
2658 3234 2815 3299 deque
2834 3236 2977 3287 rebus
2998 3250 3028 3287 a
3058 3250 3109 3288 se
3131 3238 3290 3300 gestis,

1737 3356 1788 3393 se
1823 3355 2027 3407 purgare
2061 3354 2161 3392 non
2190 3352 2291 3391 esse
2328 3342 2643 3402 conaturum
2665 3343 2716 3390 at
2746 3339 2989 3390 dicturum
3026 3340 3291 3404 duntaxat,

1738 3462 1789 3499 se
1807 3462 1837 3499 a
1869 3447 2015 3511 Phyle
2040 3446 2258 3510 rediisse,
2286 3447 2337 3497 et
2353 3458 2455 3497 esse
2471 3445 2633 3508 populi
2663 3443 2960 3507 studiosum,
2980 3446 3031 3495 et
3046 3444 3294 3495 vobiscum

1737 3561 1835 3597 una
1857 3548 2069 3612 pericula
2095 3548 2311 3599 subiisse.
2376 3548 2475 3610 Ego
2499 3560 2641 3607 vero,
2662 3547 2999 3610 Athenienses,
3022 3546 3085 3597 de
3106 3546 3181 3599 his
3198 3560 3295 3599 non

1739 3656 1908 3707 eadem
1926 3654 2079 3706 sentio
2100 3654 2247 3717 atque
2266 3652 2344 3702 isti
2366 3664 2379 3700 ε
2451 3652 2549 3715 (13)
2576 3650 2663 3702 sed
2684 3650 2981 3715 quicumque
2996 3650 3231 3702 libertatis
3246 3650 3297 3703 et

1737 3759 1935 3822 justitiae
1949 3755 2166 3817 studiosi,
2185 3754 2485 3819 quicumque
2506 3768 2563 3805 eo
2576 3754 2775 3805 consilio
2792 3756 2850 3805 ut
2872 3754 2997 3817 leges
3015 3751 3177 3803 valere
3192 3766 3299 3817 pos-

1742 3824 1877 3918 sent,
1901 3858 1951 3907 et
1984 3869 2047 3906 ex
2070 3855 2182 3905 odio
2221 3854 2553 3917 improborum
2589 3852 2839 3903 hominum
2852 3888 2867 3915 ‚
2903 3854 3061 3901 vestra
3086 3850 3299 3913 pericula

1743 3958 2118 4024 participarunt,
2146 3969 2229 4007 eos
2250 3968 2419 4005 censeo
2437 3968 2535 4004 non
2552 3954 2704 4004 malos
2720 3965 2823 4003 esse
2844 3952 3001 4012 cives,
3014 3963 3107 4001 nec
3124 3949 3299 4012 injuria

1747 4060 1958 4123 ipsorum
1978 4056 2107 4108 exilii
2129 4055 2362 4105 rationem
2380 4066 2482 4103 esse
2500 4051 2784 4102 habendam.
2811 4048 3115 4111 Quicumque
3134 4048 3299 4097 autern

1748 4158 1955 4221 reversi,
1981 4158 2032 4208 in
2058 4156 2351 4207 democratia
2376 4153 2555 4204 vexant
2574 4150 2835 4215 populum,
2856 4150 2906 4200 et
2922 4147 3135 4211 privatas
3150 4147 3301 4198 fortu-

1748 4278 1834 4316 nas
1857 4278 1921 4315 ex
1936 4262 2105 4313 vestris
2125 4259 2391 4321 adaugent,
2413 4256 2483 4306 eis
2500 4255 2657 4306 multo
2686 4253 2837 4317 magis
2856 4252 3082 4303 convenit
3098 4262 3299 4302 succen-

1749 4382 1854 4421 sere
1879 4380 1967 4417 vos
1988 4378 2135 4430 quam
2155 4360 2483 4425 trigintaviris.
2555 4358 2653 4421 (14)
2676 4355 2751 4407 lili
2770 4354 2899 4405 enim
2916 4352 3027 4405 ideo
3044 4354 3303 4403 constitue·

1749 4476 1928 4526 bantur
1958 4475 2039 4535 ut,
2068 4483 2165 4533 qua
2188 4470 2375 4518 rat-ione
2397 4466 2616 4530 possent,
2645 4477 2732 4513 vos
2749 4464 2877 4513 malo
2903 4461 3147 4511 afficerent
3168 4459 3304 4510 :istis

1752 4576 1916 4625 autem
1940 4569 2251 4631 vosmetipsos
2268 4564 2595 4625 commisistis,
2612 4563 2668 4611 ut
2682 4574 2906 4627 magnam
2924 4560 2973 4609 et
2990 4557 3188 4608 liberam
3203 4554 3303 4605 red·

1753 4670 1921 4721 ‹lerent
1941 4666 2205 4717 civitatem.
2270 4666 2489 4721 Quorum
2508 4659 2627 4710 nihil
2651 4657 2851 4721 contigit
2861 4692 2879 4720 ,
2896 4654 2981 4707 sed
3001 4652 3303 4723 quantumin

1755 4768 1867 4831 ipsis
1897 4764 2015 4826 fuit,
2035 4764 2086 4811 in
2106 4758 2383 4823 gravissima
2412 4756 2623 4820 pericula
2640 4752 2885 4803 incidistis.
2972 4754 3132 4809 Quare
3149 4748 3304 4799 multo

1757 4864 1880 4913 esset
1905 4858 2093 4923 aequius
2128 4858 2184 4905 ut
2217 4855 2431 4904 vestrum
2465 4852 2677 4914 ipsorum
2699 4861 2788 4899 vos
2812 4847 3083 4908 miserem,
3117 4845 3303 4895 vestro-

1757 4968 1963 5018 rumque
1980 4953 2241 5003 liberorum
2259 4950 2308 4997 et
2338 4946 2597 5009 conjugum
2610 4980 2625 5006 ,
2644 4955 2792 5007 quam
2812 4942 2987 4990 horum
3004 4939 3303 5001 impurorum
3328 4966 3335 4972 ·

1756 5052 1840 5117 qui
1853 5050 1987 5101 omni
2014 5045 2303 5098 contumelia
2324 5056 2409 5093 vos
2422 5040 2653 5091 afficiunt.
2682 5038 2781 5101 (15)
2802 5040 2923 5089 Nam
2938 5033 3131 5097 quando
3149 5042 3305 5095 spera-

1758 5150 1916 5199 vimus
1928 5157 2016 5195 nos
2028 5141 2230 5193 salutem
2246 5138 2387 5189 fuisse
2403 5136 2703 5196 consecutos,
2716 5132 2933 5196 graviora
2946 5142 2974 5179 a
2987 5128 3161 5178 nostris
3176 5126 3305 5175 duci·

1757 5243 1849 5293 bus
1871 5238 2081 5303 patimur
2099 5246 2247 5299 quam
2266 5232 2327 5282 ab
2344 5230 2574 5281 hostibus.
2627 5229 2848 5278 Attamen
2866 5234 3030 5273 omnes
3048 5218 3305 5283 intelligitis·
