3825 5842
116 481 365 563 ‹ns-m)

81 658 93 689 υ
117 643 179 699 ρει
197 617 295 677 οὔθ’
316 620 363 677 οἱ
378 615 625 698 φράτορες
642 610 975 686 εἰσεδέξαντο,
998 612 1115 673 ἀλλ’
1137 611 1404 694 ἀπηνέχθη
1428 612 1487 672 τὸ
1506 608 1629 672 κού-

118 730 251 787 ρειον,
279 704 595 786 ὀργιζόμενος
623 707 650 762 ὃ
670 701 965 778 Εὐκτήμων
992 705 1067 781 τῷ
1090 703 1191 759 υἱεῖ
1210 700 1298 759 καὶ
1327 700 1632 782 ἐπηρεάζειν

120 795 399 875 βουλόμενος
434 796 681 871 ἐγγυᾶται
711 797 931 871 γυναῖκα
962 787 1335 869 Δημοκράτους
1374 794 1462 847 τοῦ
1490 789 1631 868 Ἀφι-

120 884 267 943 δναίου
306 880 530 963 ἀδελφήν
548 925 565 958 ,
590 883 659 946 ὥς
687 881 746 938 ἐκ
768 875 959 949 ταύτης
996 876 1185 943 παῖδας
1226 879 1505 957 ἀποφανῶν
1545 876 1634 936 καὶ

120 962 397 1041 εἰσποιήσων
433 971 505 1030 εἰς
532 965 621 1025 τὸν
644 956 803 1037 οἰκον,
830 966 873 1022 εἰ
908 962 981 1041 μὴ
1013 962 1305 1044 συγχωροίη
1330 970 1510 1023 τοῦτον
1538 965 1636 1023 εἰσ·

120 1061 337 1135 ἀχθῆναι.
446 1054 533 1135 (23)
570 1050 781 1119 Εἰδότες
804 1052 849 1109 δ’
880 1053 927 1110 οἱ
962 1054 1236 1129 ἀναγκαῖοι
1262 1049 1341 1109 ὅτι
1366 1050 1417 1119 ἐξ
1441 1048 1634 1111 ἐκείνου

122 1146 197 1219 μὲν
222 1146 307 1203 οὔκ
347 1141 411 1202 ἀν
444 1141 523 1201 ἔτι
565 1140 793 1221 γένοιντο
833 1140 1013 1206 παῖδες
1057 1138 1251 1211 ταύτην
1296 1137 1391 1211 τὴν
1427 1138 1635 1210 ἡλικίαν

124 1238 327 1311 ἔχοντος,
350 1230 662 1313 φανήσοιντο
689 1228 732 1286 δ’
756 1226 901 1309 ἄλλῳ
926 1228 1029 1287 τινὶ
1067 1226 1277 1308 τρόπῳ,
1307 1227 1399 1287 καὶ
1427 1230 1485 1286 ἐκ
1517 1226 1635 1286 τού·

81 1344 103 1379 ,ε
124 1346 203 1379 ’.ων
229 1318 411 1379 ἔσοιντο
438 1318 515 1379 ἔτι
546 1318 751 1395 μείζους
792 1315 1063 1397 διαφοραί,
1093 1315 1327 1390 ἔπειθον,
1358 1304 1402 1375 ὦ
1432 1316 1637 1396 ἄνδρες,

128 1408 195 1467 τὸν
219 1406 585 1483 Φιλοκτήμονα
614 1408 769 1463 ἐᾶσαι
810 1406 1106 1482 εἰσαγαγεῖν
1148 1408 1327 1462 τοῦτον
1354 1401 1440 1462 τὸν
1473 1404 1637 1462 παῖδα

126 1498 187 1573 ἐρ’
212 1488 273 1561 οἷς
296 1495 461 1566 ἐζήτει
484 1498 511 1553 ὁ
536 1492 865 1571 Εὐκτήμων,
888 1491 1080 1573 χωρίον
1104 1490 1158 1550 ἓν
1187 1490 1358 1551 δόντα.
1420 1493 1507 1569 (24)
1536 1490 1639 1550 Καὶ

130 1584 501 1659 ὁΦιλοκτήμων
550 1580 921 1661 αἰσχυνόμενος
970 1577 1065 1657 μὲν
1102 1578 1187 1637 ἐπὶ
1231 1584 1295 1659 τῇ
1332 1584 1423 1638 τοῦ
1450 1577 1641 1659 πατρὸς

126 1669 274 1747 ἀνοίᾳ,
300 1673 501 1750 ἀπορῶν
540 1670 590 1727 δ’
631 1668 663 1726 ὅ
706 1689 757 1727 τι
800 1667 1059 1747 χρήσαιτο
1101 1671 1177 1748 τῷ
1210 1667 1427 1748 παρόντι
1464 1670 1641 1747 κακῷ,

128 1760 203 1814 οὐκ
238 1756 495 1836 ἀντέλεγεν
530 1754 700 1817 οὐδέν.
810 1754 1275 1834 Ὅμολογηθέντων
1323 1754 1379 1813 δὲ
1412 1754 1639 1829 τούτων,

128 1845 199 1901 καὶ
239 1843 550 1924 εἰσαχθέντος
597 1848 685 1903 τοῦ
740 1842 923 1909 παιδὸς
965 1843 1052 1900 ἐπὶ
1095 1841 1322 1917 τούτοις,
1360 1843 1640 1921 ἀπηλλάγη

126 1936 197 2001 τῆς
242 1930 465 2011 γυναικὸς
522 1934 553 1989 δ
602 1928 929 2007 Εὐκτήμων,
982 1928 1072 1988 καὶ
1122 1926 1417 1997 ἐπεδείξατο
1462 1928 1540 1987 ὅτι
1580 1932 1639 1987 οὗ

80 2044 110 2082 ιο
132 2020 299 2082 παίδων
349 2018 495 2078 ἕνεκα
554 2018 771 2097 ἐγάμει,
812 2016 926 2075 ἀλλ’
978 2016 1063 2073 ἵνα
1116 2022 1293 2076 τοῦτον
1352 2016 1639 2097 εἰσαγάγοι.

134 2106 203 2185 [25]
222 2112 265 2167 Τ
268 2106 283 2164 ί
298 2108 391 2185 γὰρ
411 2106 515 2165 ἔδει
536 2106 690 2165 αὐτὸν
713 2108 923 2185 γαμεῖν,
942 2092 987 2163 ‹2³›
1008 2104 1349 2185 Ἀνδρόκλεις,
1371 2104 1515 2185 εἴπερ
1538 2103 1642 2164 οἵδε

132 2184 239 2265 ἦσαν
261 2194 307 2264 ἐξ
327 2197 478 2255 αὐτοῦ
502 2193 597 2253 καὶ
616 2192 857 2273 γυναικὸς
886 2194 1048 2263 ἀστῆς
1066 2237 1082 2269 ,
1115 2195 1185 2259 ὡς
1212 2191 1275 2250 σὺ
1305 2192 1640 2274 μεμαρτύρη·

132 2304 235 2355 κας;
322 2282 415 2351 Τίς
436 2280 539 2362 γὰρ
564 2281 628 2339 ἂν
656 2279 895 2359 γνησίους
922 2278 1069 2346 ὄντας
1100 2270 1207 2347 οἶός
1238 2304 1293 2337 τε
1322 2271 1384 2352 ἦν
1410 2280 1643 2339 κωλῦσαι

133 2372 411 2449 εἰσαγαγεῖν,
440 2374 477 2442 ἢ
517 2367 607 2427 διὰ
645 2368 695 2426 τί
717 2368 804 2427 ἐπὶ
833 2371 1004 2448 ῥητοῖς
1045 2366 1200 2425 αὐτὸν
1239 2366 1513 2448 εἰσήγαγε,
1550 2374 1639 2429 τοῦ

131 2455 257 2532 νόμου
294 2457 583 2525 κελεύοντος
631 2456 867 2523 ἅπαντας
912 2454 1028 2522 τοὺς
1067 2456 1305 2533 γνησίους
1355 2456 1643 2536 ἰσομοίρους

132 2532 343 2602 εἶναιτῶν
364 2544 658 2625 πατρῴων;
688 2542 781 2621 (2ο)
810 2540 847 2613 ἢ
875 2540 961 2600 διὰ
987 2540 1039 2601 τί
1058 2541 1147 2600 τὸν
1173 2540 1269 2619 μὲν
1293 2542 1639 2623 πρεσὸὖτερον

132 2640 213 2689 τοῖν
236 2634 417 2693 παίδοιν
436 2633 525 2691 ἐπὶ
554 2636 729 2712 ῥητοῖς
756 2630 1003 2710 εἰσήγαγε
1020 2674 1037 2701 ,
1063 2635 1155 2689 τοῦ
1178 2627 1233 2689 δὲ
1260 2630 1509 2711 νεωτέρου
1538 2632 1641 2704 ἤδη

81 2742 107 2793 9
133 2722 351 2797 γεγονότος
398 2720 511 2780 οὐδὲ
556 2720 711 2799 λόγον
748 2720 971 2779 ἐποιεῖτο
1016 2721 1202 2788 ζῶντος
1246 2718 1643 2796 Φιλοκτήμονος

134 2804 225 2864 οὔτε
253 2808 365 2888 πρὸς
400 2808 555 2867 αὗτὸν
596 2811 785 2866 ἐκεῖνον
814 2804 933 2865 οὔτε
968 2804 1095 2884 πρὸς
1130 2804 1249 2873 τοὺς
1288 2805 1529 2881 οἰκείους
1558 2807 1642 2874 οὓς

136 2892 181 2949 σὺ
213 2900 285 2951 νῦν
322 2896 603 2975 διαρρήδην
646 2891 1052 2974 μεμαρτύρηκας
1095 2893 1333 2970 γνησίους
1374 2886 1503 2953 εἶναι
1552 2895 1641 2954 καὶ

136 2980 431 3059 κληρονόμους
479 2984 587 3040 τῶν
640 2978 994 3057 Εὐκτήμονος.
1112 2984 1163 3040 Τ
1166 2986 1298 3039 αὔτα
1354 2981 1521 3041 τοίνυν
1571 2986 1642 3048 ὣς

138 3066 269 3139 ἀληθῆ
293 3070 449 3147 λέγω,
476 3068 803 3145 ἀναγίνωσκε
828 3066 921 3135 τὰς
943 3068 1249 3149 μαρτυρίας.

684 3211 991 3257 ΜΑΡΤΥΡῙΑ
1003 3213 1020 3257 1
1032 3245 1043 3259 .

195 3354 253 3395 27.
294 3334 437 3395 Μετὰ
458 3342 629 3395 ταῦτα
657 3334 826 3395 τοίνυν
866 3340 895 3395 ὁ
928 3333 1285 3411 Φιλοκτήμων
1312 3340 1642 3417 τριηραρχῶν

139 3424 230 3499 περὶ
246 3424 360 3482 Χίον
383 3423 699 3496 ἀποθνήσκει
719 3424 822 3483 ὑπὸ
848 3428 951 3482 τῶν
982 3424 1263 3495 πολεμίων·
1288 3428 1315 3482 ὁ
1352 3422 1397 3482 δ’
1427 3423 1643 3495 Εὐκτή-

142 3532 225 3581 μων
246 3510 438 3593 ὕστερον
466 3511 641 3593 χρόνῳ
672 3511 799 3591 πρὸς
825 3512 951 3579 τοὺς,
976 3512 1230 3585 κηδεστὰς
1256 3502 1397 3571 εἶπεν
1421 3509 1499 3570 ὅτι
1522 3510 1644 3591 βού·

140 3596 249 3656 lom
271 3600 331 3657 τὰ
355 3598 477 3681 πρὸς
514 3600 605 3659 τὸν
638 3598 747 3659 υἱόν
789 3603 837 3659 οἱ
876 3599 1219 3679 πεπραγμένα
1249 3600 1450 3680 γράψας
1476 3622 1643 3659 κατα-

144 3684 297 3745 θέσθαι.
326 3728 335 3735 ·
400 3688 503 3749 Καὶ
549 3692 579 3747 ὁ
626 3688 725 3767 μὲν
777 3686 1151 3769 Φανόστρατος
1198 3690 1405 3748 ἐκπλεῖν
1454 3687 1644 3766 ἔμελλε

144 3780 417 3855 τριηραρχῶν
461 3775 597 3854 μετὰ
618 3775 875 3853 Τιμοθέου
891 3819 907 3847 ,
940 3774 1032 3833 καὶ
1054 3778 1087 3845 ἡ
1112 3780 1236 3841 ναῦς
1259 3778 1401 3855 αὐτῷ
1425 3774 1645 3854 ἐξώρμει

144 3860 456 3939 Homul-iaci,
503 3862 594 3923 καί
643 3867 671 3921 δ
719 3862 973 3935 κηδεστὴς
1011 3861 1239 3943 Χαιρέας
1275 3860 1457 3942 παρὼν
1496 3886 1648 3921 συνα-

145 3944 372 4007 sinsus-a
413 3952 581 4009 αὐτόν·
629 3954 657 4008 ὁ
699 3950 744 4009 δ’
782 3947 1078 4027 Εὐκτήμων
1130 3948 1479 4029 παραλαὸώῄ
1502 3973 1646 4017 τινας

144 4020 237 4101 ἷκεν
271 4028 321 4095 οὗ
360 4038 575 4119 ἐξώρμει
606 4043 641 4109 ἢ
685 4043 843 4111 ναῦς,
885 4036 976 4096 καὶ
1015 4036 1218 4119 γράψας
1247 4036 1519 4115 διαθήκην,
1568 4038 1647 4119 ἐφ’

94 4136 127 4175 ¹0
148 4110 203 4185 Οἷς
240 4126 465 4204 εἰσήγαγε
504 4126 590 4185 τὸν
642 4128 807 4186 παῖδα
827 4169 844 4198 ,
896 4124 1229 4184 κατατίθεται
1278 4125 1412 4204 μετὰ
1450 4122 1645 4185 τούτων

144 4208 257 4287 παρὰ
276 4212 558 4295 Πυθοδώρῳ
576 4216 851 4295 Κηφισιεῒ,
872 4212 1186 4295 προσήκοντι
1206 4216 1369 4295 αὑτῷ.
1419 4211 1509 4292 (28)
1541 4211 1647 4273 Καὶ

146 4290 205 4349 ὅτι
238 4297 337 4375 μέν,
384 4291 429 4360 ὦ
474 4300 669 4381 ἄνδρες,
714 4304 813 4381 οὐχ
852 4303 923 4364 ὧς
956 4300 1076 4381 περὶ
1127 4299 1351 4378 γνησίων
1396 4300 1647 4381 ἔπραττεν

150 4381 409 4463 Εὐκτήμων,
428 4388 457 4447 δ
478 4388 781 4471 Ἀνδροκλῆς
810 4388 1199 4471 μεμαρτύρηκε,
1231 4388 1320 4446 καὶ
1345 4387 1470 4447 αὐτὸ
1496 4394 1650 4449 τοῦτο

148 4468 287 4529 ἱκανὸν
302 4474 585 4554 τεκμήριον·
615 4478 721 4543 τοῖς
760 4475 862 4556 γὰρ
903 4474 1053 4557 φύσει
1092 4474 1253 4535 υἱέσιν
1296 4478 1453 4534 αὑτοῦ
1485 4476 1647 4545 οὐδεὶς

150 4556 281 4618 οὐδενὶ
308 4564 357 4622 ἐν
386 4564 603 4645 διαθήκῃ
630 4564 820 4645 γράφει
848 4564 988 4623 δόσιν
1015 4564 1290 4642 οὐδεμίαν,
1327 4564 1458 4623 διότι
1498 4569 1525 4623 ὁ
1560 4564 1645 4623 νό-

154 4666 223 4715 μῦς
244 4650 377 4719 αἰετὸς
403 4653 681 4713 ἀποδίδωσι
726 4658 803 4736 τῷ
838 4655 937 4712 υἱεῖ
975 4652 1043 4711 τὰ
1072 4660 1161 4712 τοῦ
1190 4652 1383 4735 πατρὸς
1420 4654 1509 4712 καὶ
1530 4655 1645 4712 οὐδὲ

156 4730 369 4797 διαθέσθαι
386 4741 447 4822 ἐᾷ
464 4738 567 4823 ὅτῳ
594 4744 657 4801 ἂν
678 4731 777 4801 ὦσι
796 4742 975 4809 παῖδες
1002 4741 1223 4819 γνήσιοι.
1280 4742 1371 4821 (πο)
1395 4742 1647 4819 Κειμένου

161 4817 199 4873 δὲ
228 4829 301 4880 τοῦ
328 4829 677 4906 γραμματείου
722 4830 906 4909 σχεδὸν
942 4830 1021 4888 δύ’
1050 4830 1143 4900 ἔτη
1171 4830 1261 4888 καὶ
1297 4834 1387 4889 τοῦ
1415 4828 1647 4908 Χαιρέου

114 4918 145 4955 ιι
162 4910 551 4989 τετελευτηκότος,
595 4917 1021 4985 ὑποπεπτωκότες
1082 4916 1186 4977 οἵδε
1243 4922 1308 4997 τῇ
1364 4915 1645 4999 ἀνθρώπῳ,

164 4992 229 5049 καὶ
248 5000 435 5075 ὁρῶντες
470 5004 821 5082 ἀπολλύμενον
862 5003 951 5064 τὸν
980 4996 1119 5065 οἰκον
1148 5004 1241 5065 καὶ
1264 5007 1325 5065 τὸ
1358 5011 1523 5085 γῆρας
1557 5005 1647 5064 καὶ

166 5076 234 5145 ἣν
255 5082 405 5146 ἄνοιαν
428 5097 517 5149 τοῦ
540 5092 887 5169 Εὐκτήμονος,
907 5092 987 5151 ὅτι
1010 5091 1091 5165 εἴη
1108 5095 1283 5160 αὐτοῖς
1306 5092 1459 5165 ἱκανὴ
1490 5096 1647 5173 ἀφορ·

170 5162 247 5261 ἢῆ,
270 5176 665 5237 συνεπιτίθενται.
767 5182 858 5259 (ao)
913 5180 1019 5240 Καὶ
1058 5184 1262 5262 πρῶτον
1293 5178 1385 5258 μὲν
1414 5180 1649 5238 πείθουσι

172 5270 233 5305 ’ὢν
262 5258 546 5340 Εὐκτήμονα
574 5265 666 5339 τὴν
694 5266 787 5344 μὲν
816 5266 1068 5342 διαθήκην
1105 5268 1301 5328 ἀνελεῖν
1331 5270 1400 5335 ὥς
1423 5270 1481 5327 οὗ
1503 5290 1643 5347 χρη-

784 478 955 539 ISAEI
999 478 1123 539 ΟΒ.
1172 475 1273 539 DE
1314 476 1931 541 PHILOCTEMONIS
1975 479 2480 541 HEREDITATE.

3159 492 3271 546 2⁷⁷

1723 622 1885 674 licium
1904 636 1990 687 pro
2009 624 2143 688 pueri
2157 623 2424 686 receptione
2435 623 2654 673 oblatum
2673 624 3003 691 repudiabant,
3027 624 3095 677 ira
3111 626 3275 679 adver·

1721 714 1804 751 sus
1818 702 1972 752 filium
1984 702 2390 752 Philoctemonem
2409 702 2630 752 incensus
2647 702 2786 765 eique
2804 716 2930 766 aegre
2945 705 3098 755 facere
3109 705 3280 756 ardens

1722 776 2004 841 desponderi
2047 781 2136 832 sibi
2173 780 2366 831 volebat
2411 782 2706 831 Democraus
2746 782 2996 845 Aphidnaei
3038 798 3276 848 sororem,

1722 856 1817 905 hoc
1840 859 2027 920 agitans
2045 860 2102 908 ut
2125 858 2298 909 liberos
2316 858 2378 908 ab
2399 859 2484 909 illa
2501 858 2702 910 muliere
2719 864 2996 923 procreatos
3013 864 3282 927 perhiberet
3299 910 3312 919 .

1724 934 1775 981 et
1796 932 1845 982 in
1868 934 1995 984 bona
2011 947 2100 984 sua
2122 934 2429 997 immitteret,
2447 935 2488 983 si
2509 934 2837 986 Philoctemon
2855 938 3116 991 concedere
3131 941 3282 991 nollet

1727 1010 1783 1057 ut
1818 1009 1949 1059 hunc
1985 1009 2035 1059 in
2061 1010 2316 1073 phratoras
2352 1008 2614 1060 induceret.
2681 1012 2780 1075 (23)
2819 1013 3078 1063 Necessarii
3121 1016 3283 1078 itaque

1726 1084 1849 1135 bene
1874 1088 2035 1149 gnari,
2059 1087 2122 1137 ab
2153 1088 2256 1149 ipso
2287 1086 2482 1147 quidem
2513 1086 2628 1137 illuc
2657 1089 2812 1138 aetatis
2843 1092 3074 1152 provecto
3099 1091 3282 1153 prolem

1726 1175 1823 1211 non
1840 1177 1946 1213 esse
1963 1164 2352 1227 exspectandam,
2371 1164 2454 1214 sed
2474 1164 2736 1215 verendum
2755 1180 2856 1217 esse
2873 1181 2934 1217 ne
2947 1168 3040 1218 alio
3053 1170 3282 1232 quopiam

1730 1240 1875 1289 modo
1896 1241 2030 1291 liberi
2055 1242 2329 1306 prodirent,
2361 1256 2424 1292 ex
2455 1255 2606 1305 eaque
2627 1257 2678 1293 re
2697 1245 2852 1294 multo
2887 1244 3040 1307 majus
3074 1246 3282 1296 exstitu-

1730 1328 1838 1364 rum
1870 1329 1972 1365 esse
2005 1316 2282 1379 dissidium,
2321 1317 2695 1381 persuadebant,
2738 1334 2768 1369 o
2801 1320 3011 1383 iudices,
3049 1321 3282 1371 Philocte-

1730 1392 1888 1453 moni,
1910 1394 1966 1442 ut
1987 1394 2162 1445 sineret
2188 1406 2218 1445 a
2241 1398 2374 1457 patre
2393 1407 2597 1457 puerum
2615 1396 2746 1445 hunc
2772 1398 2820 1445 in
2845 1397 3094 1460 phratoras
3122 1398 3281 1450 induci

1730 1466 2083 1517 conditionibus
2113 1470 2171 1519 iis
2191 1482 2302 1531 quae
2329 1469 2610 1519 Euctemoni
2629 1470 2892 1532 placerent,
2922 1472 3014 1521 hoc
3041 1472 3139 1533 est,
3170 1485 3283 1522 cum

1731 1554 1829 1589 uno
1850 1540 2016 1591 addito
2031 1543 2200 1605 agello.
2266 1544 2366 1607 (24)
2387 1544 2718 1595 Philoctemon
2749 1546 2934 1609 itaque,
2959 1549 3148 1598 tametsi
3169 1562 3282 1598 eum

1731 1618 1877 1678 patris
1904 1619 2122 1670 stultitioe
2159 1620 2386 1683 puderet,
2419 1621 2601 1670 nullam
2627 1622 2790 1670 tamen
2819 1634 3017 1671 cernens
3051 1622 3282 1672 rationem

1731 1709 1793 1745 ex
1823 1698 1915 1747 hac
1949 1698 2230 1751 difficultate
2263 1714 2364 1751 sese
2404 1701 2713 1765 expediendi,
2747 1701 2920 1753 cedens
2949 1702 3016 1752 nil
3049 1717 3282 1767 repugna-

1732 1772 1819 1822 vit.
1886 1773 2044 1823 Paetis
2067 1774 2210 1836 igitur
2236 1777 2507 1838 conventis,
2537 1790 2781 1840 pueroque
2803 1778 2852 1827 in
2875 1779 3121 1841 phratoras
3151 1780 3282 1831 indu-

1732 1850 1839 1909 cto,
1873 1847 1936 1898 ab
1967 1850 2134 1897 uxoris
2170 1849 2402 1899 ducendae
2435 1851 2632 1901 consilio
2655 1853 2754 1914 jam
2776 1853 2956 1903 destitit
2991 1856 3282 1917 Euctemon;

1732 1935 1831 1985 quo
1856 1924 1983 1973 facto
2019 1925 2216 1988 planum
2244 1924 2474 1988 faciebat,
2508 1926 2569 1976 de
2605 1941 2757 1978 uxore
2791 1928 3010 1980 ducenda
3035 1943 3132 1981 non
3155 1944 3212 1981 eo
3235 1944 3286 1981 se

1734 1998 1940 2061 cogitare
1957 2000 2154 2062 coepisse
2170 2014 2269 2063 quo
2293 2002 2469 2051 liberos
2490 2015 2548 2051 ex
2569 2016 2626 2053 ea
2651 2006 2916 2066 quaereret,
2936 2004 3016 2055 sed
3036 2018 3134 2068 quo
3157 2006 3288 2057 hunc

1732 2086 1936 2136 puerum
1955 2076 2004 2126 in
2021 2076 2272 2139 pliratoras
2289 2076 2554 2128 induceret,
2617 2078 2716 2141 (25)
2739 2078 2924 2141 Ecquid
2947 2081 3075 2129 enim
3099 2087 3287 2145 oporte-

1734 2150 1819 2200 bat
1853 2164 1968 2201 eum
2005 2164 2205 2202 uxorem
2237 2151 2446 2213 ducere,
2479 2153 2742 2214 Androcle,
2771 2154 2812 2203 si
2839 2154 2890 2204 bi
2921 2156 3084 2218 pueri,
3123 2155 3194 2205 uti
3235 2160 3286 2207 tu

1733 2222 1935 2273 testatus
1961 2236 2040 2284 es,
2068 2236 2132 2272 ex
2152 2223 2254 2285 ipm
2285 2225 2334 2273 et
2358 2236 2389 2274 e
2417 2224 2618 2274 muliere
2643 2238 2754 2287 quoe
2789 2225 2908 2276 civis
2943 2226 3097 2277 Attica
3133 2231 3286 2291 esset,

1732 2297 1833 2347 nati
1875 2299 2042 2347 erant?
2132 2298 2310 2360 Ecquis
2342 2298 2472 2349 enim
2503 2298 2734 2362 impedire
2763 2301 2994 2362 potuisset
3032 2304 3289 2365 quominus

1733 2386 1841 2433 eos,
1867 2373 1907 2423 si
1932 2386 2044 2424 vere
2059 2374 2248 2437 ingenui
2269 2375 2494 2435 ruissent,
2517 2375 2565 2426 in
2583 2376 2836 2439 phratoras
2865 2377 3142 2429 induceret?
3203 2384 3288 2431 aut

1732 2460 1821 2497 cur
1837 2449 1930 2498 sub
1951 2450 2090 2500 certis
2115 2449 2468 2500 conditionibus
2499 2451 2630 2500 hunc
2653 2453 2702 2501 in
2723 2454 2972 2515 phratoras
2993 2453 3286 2515 induxisset,

1732 2523 1835 2586 lege
1856 2524 2068 2574 edicente
2087 2526 2144 2574 ut
2159 2525 2296 2574 liberi
2307 2538 2474 2575 omnes
2491 2524 2582 2575 rite
2601 2526 2700 2576 nati
2718 2526 2890 2590 mquali
2906 2527 3016 2588 jure
3043 2528 3094 2577 in
3119 2528 3286 2577 herci—
3388 2562 3394 2571 .

1732 2592 1913 2643 scundo
1936 2594 2220 2656 patrimonio
2246 2594 2516 2659 gaudeant?
2579 2596 2676 2658 (26)
2694 2598 2780 2644 aut
2811 2609 2899 2644 cur
2924 2597 3159 2646 seniorem
3177 2601 3288 2660 qui-

1732 2663 1841 2712 dem
1872 2664 2050 2714 horum
2071 2664 2224 2713 duum
2243 2676 2500 2727 puerorum
2527 2664 2618 2713 sub
2637 2663 2988 2715 conditionibus
3009 2665 3288 2727 induxisset,

1732 2734 1932 2783 minoris
1963 2738 2127 2785 autem
2145 2736 2330 2783 nnllam
2357 2747 2550 2797 prorsus
2575 2736 2866 2785 mentionem
2893 2736 3104 2798 fecisset,
3136 2736 3290 2787 donec

1733 2804 2062 2854 Philoctemon
2097 2805 2358 2867 superfuit,
2397 2818 2555 2867 neque
2594 2804 2656 2853 ad
2692 2805 2848 2867 ipsum
2884 2806 3288 2857 Philoctemonem

1732 2888 1889 2937 neque
1904 2874 1968 2924 ad
1985 2875 2194 2937 reliquos
2211 2875 2530 2925 necessarios?
2543 2888 2698 2936 quum
2717 2877 2770 2924 tu
2793 2878 2952 2925 tamen
2971 2876 3146 2926 diserto
3164 2879 3288 2927 testi·

1733 2943 1895 2995 monio
1931 2944 2179 2996 affirmasti
2207 2946 2296 2995 bos
2325 2945 2496 2995 ambos
2521 2946 2752 3007 genuinos
2781 2948 3090 2997 Euctemonis
3115 2947 3289 2999 liberos

1732 3023 1877 3083 atque
1914 3021 2110 3071 heredes
2142 3034 2259 3072 esse.
2333 3024 2464 3069 vera
2493 3020 2600 3069 boec
2624 3033 2656 3069 a
2685 3033 2764 3071 me
2804 3021 2899 3071 dici
2939 3036 3038 3085 quo
3074 3025 3287 3087 constet,

1732 3096 1879 3145 recita
1896 3098 1954 3145 tu
1971 3096 2076 3146 baec
2093 3094 2381 3146 testimonia.

2311 3222 2705 3266 TESTIMONIA.

1797 3346 1873 3391 27.
1908 3340 2186 3391 Secundum
2205 3340 2310 3389 haec
2333 3342 2466 3403 gesta
2483 3340 2810 3391 Philoctemon
2833 3341 3148 3393 trierarcbatu
3178 3344 3289 3395 tun·

1733 3432 1849 3482 gens
1869 3419 1918 3467 in
1942 3430 2098 3481 pugna
2129 3418 2287 3467 navali
2319 3418 2447 3482 apud
2472 3418 2646 3469 Chium
2667 3419 2839 3469 cecidit
2886 3419 2948 3468 ab
2970 3420 3187 3471 hostibus
3211 3421 3290 3471 in-

1734 3496 2013 3558 teremptus.
2084 3494 2340 3557 Aliquanto
2368 3496 2476 3557 post
2509 3498 2776 3545 Euctemon
2815 3496 2878 3545 nd
2896 3510 3093 3558 generos
3107 3499 3291 3561 ‘profes-

1734 3585 1816 3621 sus
1833 3574 1931 3632 est,
1957 3586 2008 3622 se
2027 3573 2148 3622 velie
2165 3574 2307 3635 pacta
2329 3572 2379 3621 iu
2401 3585 2512 3634 qum
2537 3572 2628 3621 sibi
2647 3586 2760 3621 cum
2777 3572 2876 3622 filio
2895 3575 3195 3624 convenisset
3217 3578 3290 3625 ta-

1734 3650 1958 3700 bularum
1977 3651 2300 3700 monumentis
2313 3650 2586 3713 consignata
2603 3650 2858 3713 deponere.
2925 3653 2986 3701 Et
3001 3652 3290 3703 Phanostra-

1734 3728 1813 3777 tus
1842 3727 2036 3789 quidem
2067 3728 2314 3777 trierarchi
2347 3740 2545 3777 munere
2584 3728 2689 3776 tum
2731 3729 2930 3789 fungens
2952 3728 3005 3777 iu
3041 3730 3292 3791 procinctu

1732 3804 1891 3855 stabat
1900 3818 2012 3855 cum
2023 3806 2278 3855 Timotheo
2288 3818 2316 3853 e
2325 3798 2466 3868 portu
2477 3804 2710 3866 solvendi,
2726 3807 2775 3855 et
2781 3805 2880 3868 jam
2895 3808 3028 3855 navis
3041 3805 3090 3854 in
3100 3808 3292 3859 ancoris

1730 3882 1775 3933 ei
1794 3883 1954 3933 stabat
1983 3882 2044 3933 ad
2064 3883 2400 3945 Munychiam3
2427 3884 2548 3933 alter
2565 3884 2728 3931 autem
2757 3896 2899 3945 gener
2917 3883 3142 3935 cnam-eas
3164 3885 3291 3935 Pha-

1732 3962 2004 4011 nostratum
2037 3960 2100 4011 ad
2138 3962 2334 4023 portum
2371 3959 2654 4009 deduxerat.
2719 3960 2842 4010 llluc
2876 3974 2987 4023 ergo
3032 3959 3114 4011 ubi
3154 3963 3292 4014 navis

1732 4038 1888 4087 stabat
1910 4038 2178 4087 Euctemon
2195 4037 2442 4099 veniebat,
2465 4050 2628 4087 secum
2655 4036 2835 4087 liabens
2855 4038 3034 4087 amicos
3054 4039 3289 4101 quosdam

1732 4115 1932 4176 ascitos3
1967 4118 2019 4165 et
2053 4127 2203 4178 quum
2233 4114 2504 4165 testamenti
2533 4114 2711 4164 tabulis
2741 4114 3085 4178 consignasset,
3117 4117 3292 4179 quibus

1734 4191 2089 4243 conditionibus
2123 4204 2328 4254 puerum
2361 4192 2410 4241 in
2455 4190 2706 4254 phratoras
2731 4191 3022 4253 induxisset,
3045 4205 3142 4243 uua
3176 4207 3289 4247 cum

1734 4269 1809 4319 bis
1828 4270 2024 4333 deponit
2045 4270 2235 4319 tabulas
2255 4268 2384 4331 apud
2419 4268 2750 4331 Pythodorum
2778 4269 3128 4331 cephisiensem
3149 4284 3292 4334 agna-

1734 4349 1841 4398 tum
1876 4360 2039 4399 sunm.
2104 4346 2203 4409 (28)
2245 4348 2390 4408 llaec,
2423 4359 2534 4408 quoe
2578 4346 2674 4407 egit
2717 4350 3010 4409 Euctemon,
3039 4361 3151 4398 eum
3193 4363 3293 4402 non

1734 4426 1882 4490 egisse
1896 4427 2130 4488 tanquam
2144 4438 2231 4488 pro
2247 4424 2353 4473 filiis
2369 4422 2584 4487 genuinis
2596 4460 2611 4486 ,
2631 4425 2680 4472 et
2702 4424 2958 4475 Androcles
2977 4428 3180 4478 testatus
3196 4432 3287 4493 est,

1730 4504 1942 4569 judices,
1971 4506 2020 4554 et
2053 4503 2146 4553 boc
2175 4503 2333 4565 ipsum
2369 4502 2481 4551 satis
2503 4504 2576 4551 est
2597 4502 2923 4554 testimonium
2949 4524 2963 4555 ε
2987 4519 3131 4557 nemo
3161 4508 3290 4559 enim

1734 4581 1899 4631 liberis
1923 4578 2142 4642 genuinis
2163 4578 2422 4641 quicquam
2443 4590 2527 4640 per
2543 4580 2884 4630 tastamentum
2909 4580 3058 4645 legat,
3080 4584 3194 4647 quia
3210 4586 3292 4645 jus

1734 4657 1873 4705 civile
1897 4656 1996 4705 tilio
2021 4654 2170 4717 patris
2203 4653 2332 4703 bona
2361 4652 2578 4715 delegat,
2606 4656 2886 4717 patremque
2924 4657 3002 4706 cui
3036 4658 3174 4708 liberi
3205 4673 3289 4720 ge·

1733 4732 1866 4780 nuini
1888 4730 1984 4781 sint
1999 4743 2099 4779 non
2119 4729 2234 4778 sinit
2247 4742 2332 4792 per
2349 4730 2692 4779 testamentum
2711 4731 3019 4782 constituere.
3085 4732 3184 4794 (29)
3203 4734 3290 4782 Ta·

1734 4805 1863 4857 bulae
1901 4806 2000 4855 illoe
2017 4816 2168 4868 quum
2207 4816 2292 4865 per
2310 4803 2556 4853 biennium
2593 4804 2692 4853 t'ere
2728 4804 2986 4866 jacuissent
3017 4806 3068 4857 et
3101 4807 3291 4857 interim

1734 4882 1959 4932 Gbaereas
1997 4882 2098 4930 vita
2151 4880 2456 4942 excessisset,
2504 4879 2766 4930 Androcles
2804 4880 3004 4943 ejusque
3048 4884 3291 4932 consortes

1736 4977 1887 5028 quum
1906 4962 2036 5025 apud
2051 4962 2197 5013 Alcen
2213 4961 2501 5012 blandiendo
2517 4974 2569 5010 se
2579 4960 2896 5010 insinuassent
2907 4998 2922 5021 ,
2945 4962 3291 5024 cernerentquo

1735 5043 2050 5095 substantiam
2087 5041 2398 5093 Eut-,temonis
2429 5040 2528 5101 iam
2556 5052 2744 5102 pessum
2780 5040 2978 5089 euntem
3003 5040 3054 5089 et
3077 5040 3124 5089 in
3156 5052 3290 5089 semo

1736 5121 1881 5184 atque
1914 5116 2138 5168 vecordia
2161 5116 2404 5167 delirantis
2423 5115 2660 5178 egregiam
2691 5114 2780 5164 sibi
2811 5113 2974 5163 datam
3011 5115 3291 5177 opportuni-

1737 5200 1887 5248 tatem
1913 5194 2132 5255 furandi,
2157 5208 2256 5244 uua
2285 5206 2394 5243 cum
2419 5190 2593 5242 femina
2615 5190 2786 5253 parant
2815 5187 3040 5238 insidias.
3107 5190 3206 5251 (3ο)
3233 5192 3292 5241 Et

1736 5275 1946 5339 primum
1971 5270 2164 5336 quidem
2201 5283 2312 5320 eum
2340 5268 2596 5333 impellunt
2631 5268 2685 5314 ut
2703 5263 3044 5313 testamentum
3079 5262 3289 5324 tolleret,
