3825 5842
1454 5 1474 23 .-
1627 7 1634 9 -
1669 5 1699 28 ι,

1468 35 1707 97 νιν-Ἀ

542 499 645 550 124

530 614 790 695 ὠνούμην.
816 613 823 618 ’
891 613 952 696 (a)
986 613 1248 692 Ἥγοῦμαι
1279 612 1465 686 τοίνυν,
1489 603 1532 672 ὦ
1575 609 1763 693 βουλή,
1788 614 1912 692 ἐμὸν
1933 614 2082 696 ἔργον

532 704 795 781 ἀποδεῖξαι
824 709 923 776 ὡς,
952 701 1129 774 ἐπειδὴ
1160 699 1434 781 τὸχωρίον
1462 702 1783 780 ἐκτησάμην,
1810 703 1920 762 οὔτ’
1937 705 2088 763 ἐλαία

530 791 646 850 οὔτε
673 789 832 901 σηκὸς
855 793 973 862 ἐνῆν
998 791 1049 847 ἔν
1071 790 1231 871 αὐτῷ.
1315 787 1530 866 Νομίζω
1552 787 1654 870 γὰρ
1676 795 1763 848 τοῦ
1786 789 1879 868 μὲν
1901 791 2087 872 προτέ·

532 878 620 960 ρου
637 879 863 960 χρόνου,
886 877 991 936 οὐδ’
1016 901 1060 936 ει
1042 876 1245 935 πάλαι
1267 877 1455 948 ἔνησαν
1475 880 1673 957 μυρίαι,
1694 880 1786 937 οὐκ
1802 903 1863 937 αν
1880 879 2090 946 δικαίως

529 970 865 1044 ζημιοῦσθαι·
881 968 925 1025 εἶ
945 964 1045 1046 γὰρ
1072 964 1146 1043 μὴ
1166 964 1230 1022 δι’
1252 969 1391 1042 ἡμᾶς
1406 967 1532 1022 εἶσιν
1555 965 1925 1045 ἠφανισμέναι,
1945 968 2088 1026 οὐδὲν

528 1050 779 1161 προσῆκει
815 1050 942 1133 περὶ
962 1056 1066 1111 τῶν
1104 1050 1390 1133 ἀλλοτρίων
1428 1052 1827 1131 ἁμαρτημάτων
1865 1058 1935 1122 ὡς
1975 1057 2092 1115 ἀδι-

451 1160 503 1199 ιο
528 1145 749 1208 κοῦντας·
779 1139 1108 1201 κινδυνεύειν.
1199 1141 1243 1218 (ο
1247 1141 1264 1218 )
1297 1139 1519 1206 Πάντες
1528 1137 1643 1220 γὰρ
1655 1139 1934 1200 ἐπίστασθε
1955 1141 2035 1201 ὅτι
2063 1145 2090 1200 ὃ

527 1228 753 1309 πόλεμος
776 1228 867 1290 καὶ
904 1228 1077 1288 ἄλλων
1118 1230 1327 1287 πολλων
1373 1225 1534 1295 αἴτιος
1565 1230 1743 1288 κακῶν
1780 1228 2084 1308 γεγένηται,

528 1341 618 1390 και
639 1315 824 1396 τὰμὲν
848 1317 1026 1398 πόρρω
1046 1316 1146 1375 ὕπο
1168 1315 1595 1394 Λακεδαιμονίων
1631 1315 1904 1393 ἐτέμνετο,
1937 1314 2002 1377 τὰ
2042 1321 2088 1378 δ’

528 1405 679 1484 ἐγγὺς
696 1405 801 1465 ὑπὸ
824 1411 927 1466 τῶν
947 1405 1109 1487 φίλων
1132 1405 1472 1484 διηρπάζετο·
1498 1401 1631 1463 ὥστε
1657 1408 1765 1472 πῶς
1790 1403 1852 1463 ἂν
1882 1404 2090 1472 δικαίως

530 1493 659 1573 ὑπὲρ
700 1497 802 1552 τῶν
848 1497 914 1572 τῇ
954 1491 1103 1552 πόλει
1140 1489 1497 1572 γεγενημένων
1534 1514 1809 1572 συμφορων
1849 1490 1952 1570 ἐγὼ
1979 1493 2089 1551 νυνὶ

528 1580 677 1655 δίκην
702 1580 925 1655 διδοίην,
950 1581 1119 1648 ἄλλως
1153 1603 1210 1639 τε
1231 1578 1491 1638 καὶτοῦτο
1512 1579 1572 1636 τὸ
1598 1578 1789 1659 χωρίον
1820 1581 1871 1637 ἐν
1894 1605 1954 1638 τι·
1930 1582 1970 1636 ’3·
1993 1604 2088 1639 πο-

528 1668 672 1750 λέμῳ
692 1666 999 1746 δημευθὲν”
964 1690 1229 1749 απρακτον
1250 1659 1311 1740 ἧν
1331 1667 1507 1724 πλεῖον
1536 1665 1570 1737 ἢ
1591 1669 1707 1748 τρία
1734 1666 1845 1738 ἔτη.
1921 1670 1984 1747 (7)
2009 1670 2088 1728 Οὐ

430 1757 825 1835 Ιθθθαυμαστὸν
850 1758 895 1814 δ’
924 1757 970 1814 εἷ
992 1756 1107 1815 τότε
1130 1754 1221 1822 τὰς
1280 1753 1464 1835 μορίας
1496 1753 1787 1828 ἐξέκοπτον,
1817 1757 1869 1812 ἐν
1896 1747 1942 1837 ᾧ
1973 1757 2088 1815 οῦδὲ

525 1844 593 1904 τὰ
616 1849 649 1916 ἡ
697 1843 831 1925 ἕτερ’
866 1846 1036 1903 αὐτῶν
1057 1844 1332 1926 φυλάττειν
1360 1842 1681 1920 ἠδυνάμεθα.
1764 1842 1960 1904 Ἐπίστ
1963 1849 2087 1903 ασθε

527 1929 603 2004 δὲ,
624 1955 669 1990 ω
697 1930 888 2010 βουλή,
909 1929 1021 1988 ὅσοι
1029 1931 1284 2039 ..μάλιστα
1320 1934 1422 1989 τῶν
1455 1929 1695 1990 τοιούτοιν
1730 1931 2087 2008 ἐπιμελεῖσθε,

421 2060 436 2076 .
527 2013 699 2078 πολλὰ
719 2021 773 2078 ἐν
796 2017 974 2077 ἔκείνω
992 2023 1067 2100 τῷ
1083 2018 1255 2101 χρόνω
1270 2017 1433 2078 δασέα
1457 2018 1581 2078 ὄντα
1601 2017 1756 2088 ἰδίαις
1774 2019 1866 2078 καὶ
1885 2019 2090 2101 μορίαις

528 2099 820 2187 natumst
780 2132 852 2166 ων
886 2114 973 2168 νῦν
1005 2109 1073 2165 τὰ
1110 2106 1282 2166 πολλὰ
1305 2109 1617 2167 ἐκκέκοπται
1653 2107 1745 2166 καὶ
1781 2113 1815 2180 ἡ
1855 2112 1924 2186 γῆ
1959 2107 2086 2190 ψιλὴ

526 2196 825 2275 γεγένηται·
849 2195 937 2254 καὶ
976 2219 1079 2255 των
1109 2197 1279 2254 αὐτων
1308 2195 1398 2254 καὶ
1439 2198 1491 2254 ἐν
1518 2200 1584 2274 τῇ
1609 2194 1789 2275 εἰρήνῃ
1818 2195 1907 2254 καὶ
1939 2199 1991 2254 ἐν
2013 2200 2088 2275 τῷ

474 2305 499 2344 ιι
527 2283 744 2376 πολέμῳ
772 2281 1101 2362 κεκτημένων
1137 2286 1228 2342 οὐκ
1265 2281 1466 2351 ἀξιοῦτε
1504 2287 1631 2364 παρ’
1674 2285 1865 2355 αὐτῶν,
1898 2283 2084 2366 ἑτέρων

524 2367 876 2456 ἐκκοψάντων,
903 2372 1051 2444 δίκην
1082 2370 1390 2450 λαμὸάνειν.
1480 2371 1546 2450 (9)
1580 2370 1766 2430 Καίτοι
1786 2373 1831 2428 εἰ
1857 2371 1974 2439 τους
2003 2371 2086 2430 διὰ

525 2463 714 2530 παντὸς
762 2466 851 2520 τοῦ
904 2459 1091 2542 χρόνου
1136 2465 1486 2542 γεωργοῦντας
1542 2465 1635 2531 τῆς
1681 2460 1849 2527 αἰτίας
1884 2460 2084 2538 ἀφίετε,

524 2541 661 2622 ἦπου
690 2548 793 2630 χρὴ
824 2547 940 2614 τούς
978 2551 1028 2626 γ’
1061 2550 1113 2607 ἐν
1151 2553 1217 2628 τῇ
1254 2547 1433 2628 εἰρηνῃ
1468 2546 1781 2628 πριαμένους
1826 2549 1914 2629 ἀφ’
1943 2551 2088 2626 ὑμῶν

532 2636 783 2713 ἀζημίους
812 2633 1103 2745 γενέσθαι.

604 2746 647 2785 9.
689 2721 849 2784 Ἀλλὰ
884 2723 1019 2803 γάρ,
1063 2747 1107 2782 ω
1156 2721 1351 2802 βουλή,
1385 2721 1507 2800 περὶ
1549 2721 1642 2799 μὲν
1688 2745 1789 2782 των
1836 2719 2085 2801 πρότερον

526 2810 880 2892 γεγενημένων
910 2807 1147 2870 πολλὰ”
1118 2833 1253 2890 εχων
1284 2813 1446 2870 εἰπεῖν
1482 2810 1637 2870 ἱκανὰ
1674 2811 1867 2889 νομίζω
1904 2809 1971 2869 τὰ
2014 2813 2084 2869 εἰ·

500 2899 765 2979 ,ρημὲνα-
798 2897 977 2971 ἐπειδὴ
1028 2900 1074 2956 δ’
1119 2897 1223 2975 ἐγὼ
1264 2896 1563 2979 παρέλαὸον
1604 2921 1663 2958 το
1706 2897 1915 2978 χωρίον,
1967 2897 2086 2979 πρὶν

525 2989 741 3070 ἡμέρας
767 2988 919 3048 πέντε
967 2984 1229 3064 γενέσθαι,
1273 2986 1617 3064 ἀπεμίσθωσα
1670 2985 2085 3068 Καλλιστράτῳ,

455 3098 503 3137 ιο
530 3077 615 3137 ἐπὶ
644 3074 957 3156 Πυθοδώρου
986 3073 1259 3155 ἄρχοντος·
1291 3075 1379 3153 (ιο)
1414 3073 1465 3142 ὃς
1494 3072 1583 3134 δύο
1616 3073 1707 3146 ἔτη
1744 3074 2086 3152 ἐγεώργησεν,

525 3163 642 3224 οὔτε
677 3163 809 3223 ἰδίαν
841 3161 1021 3223 ἐλαίαν
1048 3160 1166 3222 οὔτε
1191 3161 1377 3242 μορίαν
1406 3161 1523 3222 οὔτε
1552 3162 1709 3233 σηκὸν
1740 3161 2084 3242 παραλαὸών.

524 3254 695 3336 Τρίτῳ
719 3254 763 3313 δ’
789 3251 892 3312 ἔτει
916 3249 1216 3330 Δημήτριος
1243 3248 1415 3310 οὑτοσὶ
1437 3250 1717 3331 εἰργάσατο
1739 3252 1987 3311 ἐνιαυτόν·
2013 3254 2086 3332 τῷ

526 3339 580 3401 δὲ
600 3339 832 3422 τετάρτῳ
860 3339 1039 3420 Ἀλκίᾳ
1064 3337 1408 3404 Ἀντισθένους
1430 3336 1759 3418 ἀπελευθέρῳ
1786 3337 2085 3416 ἰμίσθωσα,

524 3427 577 3496 ὃς
620 3427 833 3499 τέθνηκε
876 3431 1041 3485 ταῦτα
1080 3425 1199 3506 τρία
1240 3423 1351 3497 ἔτη.
1434 3422 1664 3502 Ὁμοίως
1700 3424 1791 3483 καὶ
1840 3423 2088 3505 Πρωτέας

527 3513 869 3593 ἐμισθώσατο.
956 3511 1062 3574 Καί
1095 3535 1183 3590 μοι
1206 3514 1344 3590 δεῦρ’
1362 3511 1445 3570 ἴτε
1474 3511 1749 3591 μάρτυρες.

1133 3645 1491 3716 merresa.

533 3844 541 3852 .
614 3817 679 3857 ιι.
724 3793 941 3867 Ἐπειδὴ
986 3793 1153 3854 τόίνυν
1193 3799 1221 3853 ὁ
1264 3794 1447 3875 χρόνος
1494 3785 1641 3863 οὗτος
1680 3793 1885 3870 ἐξήκει,
1937 3790 2088 3860 αὐτὸς

532 3888 767 3965 γεωργῶ.
831 3882 981 3957 Φησὶ
1000 3883 1054 3942 δὲ
1074 3886 1102 3941 ὁ
1124 3882 1409 3964 κατήγορος
1428 3882 1514 3942 ἐπὶ
1537 3882 1819 3943 Σουνιάδου
1844 3881 2090 3990 ἄρχοντος

525 3995 684 4046 σηκον
708 3973 796 4030 ὑπ’
822 3973 953 4052 ἐμοῦ
980 3970 1309 4053 ἐκκεκόφθαι.
1356 3971 1517 4049 Ὑμῖν
1546 3969 1604 4029 δὲ
1624 3968 2087 4049 μεμαρτυρήκασιν

446 4081 497 4121 ιο
525 4065 573 4122 οἱ
600 4061 846 4143 πρότερον
876 4061 1207 4142 ἐργαζόμενοι
1234 4060 1325 4120 καὶ
1358 4059 1528 4119 πολλὰ
1552 4057 1643 4130 ἔτη
1674 4062 1798 4138 παρ’
1826 4061 1956 4134 ἐμοῦ
1989 4079 2084 4135 με·

525 4150 840 4228 μισθωμένοι
868 4149 981 4296 μὴέ
962 4139 1093 4209 εἶναι
1116 4173 1275 4222 σηκον
1298 4152 1350 4207 ἐν
1378 4151 1453 4230 τῷ
1476 4147 1675 4228 χωρίω.
1759 4145 1951 4208 Καίτοι
1977 4149 2087 4212 πῶς

524 4237 586 4296 ἅν
616 4265 693 4308 τις
718 4237 981 4318 φανερωτέ
1057 4263 1080 4304 ς
1116 4236 1459 4317 ἑξελέγξειεψ
1461 4236 1731 4312 ευδόμενον
1785 4233 1872 4294 τὸν
1915 4231 2086 4304 κατή-

522 4331 700 4402 γορον;
729 4327 786 4381 οὗ
814 4323 916 4404 γὰρ
956 4347 983 4382 ο
1006 4323 1060 4382 όν
1099 4346 1177 4400 τε,
1221 4323 1256 4381 ἃ
1291 4323 1535 4404 πρότερον
1568 4320 1640 4399 μὴ
1678 4313 1762 4400 ἦν,
1794 4325 1958 4379 ταῦτα
1997 4319 2084 4378 τὸν

523 4409 735 4491 ὕστερον
763 4409 1099 4489 ἐργαζόμενον
1110 4409 1408 4521 ἀφανίζειν.

607 4519 675 4558 12.
719 4497 862 4575 Ἐγὼ
885 4488 1143 4574 τοίνυν,
1104 4523 1147 4556 ω
1179 4498 1369 4577 βουλή,
1397 4500 1450 4556 ἐν
1480 4495 1575 4574 μὲν
1611 4501 1686 4576 τῷ
1725 4494 1851 4563 τέως
1883 4495 2082 4577 χρόνῳ,

524 4582 635 4643 ὅσοι
662 4607 729 4661 με
760 4583 1007 4664 φάσκοιεν
1036 4583 1194 4643 δεινὸν
1224 4574 1356 4642 εἶναι
1383 4605 1471 4642 και
1502 4583 1694 4664 ἀκριὸἥ
1722 4583 1813 4640 καὶ
1841 4582 1986 4641 οὐδὲν
2020 4583 2082 4642 ἂν

446 4695 500 4733 20
528 4673 641 4748 εἶκῃ
604 4671 749 4730 “aad
774 4669 1059 4749 αλογίστως
1079 4675 1325 4744 ποιῆσαι,
1342 4669 1730 4748 ἠγανάκτουν”
1694 4694 1781 4750 αν,
1802 4669 2084 4750 ἡγούμενος

527 4760 725 4835 μᾶλλον
766 4755 1073 4835 λέγε.σθαι“’
1034 4781 1104 4826 ως
1131 4782 1221 4835 μοι
1259 4763 1521 4839 προσῆκε·
1550 4764 1639 4817 νῦν
1683 4756 1738 4818 δὲ
1776 4757 1977 4826 πάντας
2017 4757 2080 4817 ἂν

527 4851 662 4922 ὑμᾶς
681 4844 973 4924 ,βουλοίμην
1003 4846 1123 4926 περὶ
1152 4849 1279 4923 ἐμοῦ
1310 4844 1505 4920 ταύτην
1544 4845 1637 4917 τὴν
1672 4845 1884 4924 γνώμην
1924 4845 2080 4927 ἔχειν,

524 4931 609 4994 ἵνα
652 4934 851 5015 ἡγῆσθέ
878 4957 945 5012 με
972 4939 1203 5008 σκοπεῖν,
1228 4933 1373 5015 εἴπερ
1400 4933 1643 5004 τοιούτοις
1682 4935 1848 5016 ἔργοις
1874 4937 2080 5016 ἐπεχεί-

526 5045 669 5102 ρουν,
698 5021 789 5081 καὶ
812 5017 846 5077 δ’
870 5046 919 5080 τι
948 5021 1127 5104 κέρδος
1152 5021 1350 5102 ἐγένετο
1383 5027 1459 5103 τῷ
1500 5023 1806 5104 ἀφανίσαντι
1842 5024 1932 5084 καὶ
1968 5023 2081 5096 ἥτις

526 5110 689 5190 ζημία
732 5115 807 5192 τῶ
842 5109 1151 5189 ποιήσαντι,
1180 5134 1272 5171 και
1308 5109 1427 5170 τί
1401 5135 1463 5170 αν
1509 5109 1680 5171 λαθὼν
1724 5110 2081 5193 διεπραξάμην

526 5199 615 5262 καὶ
642 5198 692 5259 τί
714 5197 777 5258 ἂν
805 5197 1019 5282 φανερὸς
1049 5199 1316 5278 γενόμενος
1349 5202 1435 5281 ὑφ’
1470 5201 1614 5278 ὑμῶν
1646 5197 1897 5281 ἔπασχον.
1985 5203 2076 5280 (1³)

529 5279 733 5356 Πάντες
757 5286 859 5371 γὰρ
879 5287 1158 5370 ἅνθρωποι
1186 5285 1271 5348 τὰ
1284 5294 1497 5350 τοιαῦτα
1530 5290 1629 5368 οὔχ
1670 5287 1891 5369 υὸρεως,
1939 5291 2078 5348 αλΗι·

1404 485 1688 547 ΛΥΣῙΟΥ
1726 485 2114 568 ΑΠΟΛΟΓΙΑ
2155 487 2339 548 ΠΕΡΙ
2379 484 2534 546 ΤΟΥ
2577 484 2855 547 ΣΗΚΟΥ.

3446 488 3678 566 (ιω-ιιι)

2175 624 2316 689 igitur
2353 624 2601 685 existimo,
2624 625 2893 688 senatores,
2915 626 2972 675 ut
2999 625 3324 677 demonstrem
3351 640 3412 678 ex
3432 639 3486 677 eo
3507 630 3685 692 tmpore

2177 726 2274 778 quo
2295 727 2464 778 agrum
2491 715 2664 764 nactus
2684 726 2793 764 sum
2808 726 2970 778 neque
2985 714 3143 765 oleam
3174 728 3330 779 neque
3362 717 3571 765 truncum
3589 717 3687 768 oleae

2181 814 2330 853 sacrm
2354 803 2404 852 in
2437 815 2496 852 eo
2519 802 2774 854 exstitisse.
2839 803 3074 854 Existimo
3096 804 3222 854 enim
3246 804 3450 854 anteacti
3469 806 3687 868 temporis,

2179 881 2336 954 neque
2351 892 2392 941 si
2401 891 2569 942 multoe
2585 892 2700 942 olim
2713 890 2778 942 ibi
2797 892 2992 943 ruissent
3011 893 3134 943 oieae
3148 905 3317 956 sacrae,
3335 906 3492 957 poenas
3507 907 3592 944 non
3603 910 3690 946 osse

2179 991 2210 1028 a
2243 979 2381 1029 nobis
2409 981 2521 1041 ,iure
2567 978 2891 1042 postulandas.
2959 983 3119 1041 Quas,
3161 980 3386 1044 inquam,
3418 981 3539 1031 oleas
3611 995 3690 1032 nen

2177 1065 2267 1129 ipsi
2289 1065 2600 1129 sustulimus,
2627 1066 2847 1130 iniquum
2873 1070 2997 1120 esset
3017 1081 3106 1118 nos
3126 1069 3322 1132 propter
3354 1067 3501 1118 aliena
3529 1069 3691 1130 peoeata

2177 1151 2313 1216 quasi
2347 1155 2577 1203 nocentes
2603 1153 2654 1202 in
2685 1153 2952 1215 periculum
2975 1152 3165 1204 adduci.
3227 1154 3299 1216 (6)
3322 1157 3440 1205 Nam
3459 1168 3539 1205 vos
3557 1168 3696 1204 omnes

2176 1239 2436 1302 intelligitis
2479 1239 2660 1290 bellum
2687 1252 2843 1303 quum
2875 1241 3078 1290 aliorum
3113 1237 3472 1306 multorumque
3492 1243 3693 1292 malorum

2177 1339 2371 1377 causam
2409 1327 2579 1389 misse,
2600 1330 2709 1378 tum
2731 1341 2845 1391 quas
2885 1328 3063 1378 absunt
3083 1329 3272 1392 longius
3305 1341 3335 1380 a
3363 1329 3694 1381 Lacedaemoniis

2178 1413 2323 1464 fuisse
2365 1416 2573 1477 succisa,
2615 1428 2726 1479 quae
2757 1416 2982 1479 propiora
3030 1416 3093 1467 ab
3133 1418 3300 1466 amicis
3333 1417 3526 1480 direpta.
3610 1421 3696 1474 Quo

2177 1502 2338 1564 itaque
2352 1501 2462 1564 jure
2479 1515 2644 1553 earum
2669 1503 3023 1566 calamitatum,
3051 1517 3164 1567 quae
3185 1504 3371 1554 civitati
3392 1506 3505 1554 tunc
3521 1503 3696 1566 contige-

2177 1587 2318 1648 runt,
2343 1600 2498 1651 poenae
2519 1601 2548 1637 a
2563 1600 2642 1638 me
2663 1589 2967 1650 repetantur?
2993 1589 3260 1652 prasertim
3283 1603 3432 1653 quum
3451 1589 3698 1639 hic—tundus

2177 1672 2228 1723 in
2263 1673 2391 1724 bello
2437 1675 2707 1739 publicatus
2737 1689 2823 1739 per
2867 1675 3102 1739 integrum
3139 1676 3401 1728 triennium
3451 1679 3498 1727 et
3529 1676 3698 1740 amplius

2175 1774 2273 1811 non
2295 1761 2440 1812 ruerit
2457 1762 2628 1812 cultus.
2695 1761 2760 1826 (7)
2792 1763 2918 1813 Nihil
2937 1762 3100 1826 itaque
3127 1763 3237 1814 miri
3268 1765 3308 1814 si
3327 1777 3410 1828 per
3429 1764 3476 1814 id
3501 1763 3698 1825 temporis

2175 1849 2562 1901 exscinderentur
2596 1851 2718 1901 oleae
2747 1863 2897 1900 saerae
2911 1886 2926 1912 ,
2959 1850 3010 1900 in
3052 1865 3151 1914 quo
3187 1865 3349 1916 neque
3376 1853 3575 1916 proprias
3609 1864 3699 1914 pos·

2175 1937 2406 1987 sessiones
2432 1937 2580 1987 tutari
2597 1938 2859 2001 potuimus.
2887 1939 3047 1989 Nostis
3063 1941 3227 1989 autem
3243 1977 3257 2000 ,
3273 1941 3534 2004 senatores,
3550 1953 3700 2000 vosque
3768 1983 3769 1996 ἢ

2177 2026 2387 2075 maxime
2424 2026 2508 2088 qui
2537 2025 2708 2076 harum
2745 2039 2905 2076 rerum
2943 2040 3110 2077 curam
3137 2027 3328 2090 geritis,
3355 2030 3506 2078 multa
3529 2027 3698 2077 locailla

2177 2113 2456 2176 tempestate
2469 2113 2587 2164 oleis
2604 2128 2755 2177 quum
2773 2113 2969 2178 privatis
2983 2117 3091 2165 tum
3105 2117 3256 2166 sacris
3271 2116 3425 2167 obsita
3445 2117 3698 2178 fuisseque·

2177 2213 2287 2249 rum
2312 2214 2445 2250 nunc
2474 2201 2694 2264 plurimae
2721 2203 2894 2252 excisae
2915 2204 3058 2265 sunt,
3086 2203 3136 2253 et
3159 2205 3322 2254 solum
3356 2217 3554 2254 vacuum
3579 2203 3696 2252 relin-

2175 2287 2364 2351 quitur.
2431 2292 2552 2347 Quae
2575 2287 2680 2338 loca
2717 2290 2910 2340 tametsi
2939 2289 2990 2340 in
3022 2303 3139 2354 pace
3177 2293 3328 2355 atque
3355 2293 3404 2342 in
3435 2292 3553 2342 bello
3581 2290 3696 2339 iidem

2177 2375 2497 2439 possiderent,
2520 2391 2604 2427 vos
2621 2379 2783 2427 tamen
2807 2377 2870 2428 ab
2887 2379 2969 2441 iis,
2989 2379 3053 2428 ob
3069 2393 3128 2429 ea
3149 2393 3264 2444 quae
3289 2381 3371 2430 alii
3403 2379 3696 2437 exsciderunt,

2176 2476 2339 2526 poenas
2355 2464 2576 2514 noluistis
2585 2467 2813 2528 repetere.
2879 2467 2950 2530 (8)
2966 2468 3028 2517 At
3042 2465 3168 2517 enim
3189 2471 3232 2518 si
3245 2471 3497 2532 perpetuos
3511 2478 3696 2530 agrorum

2176 2555 2370 2606 colonos
2404 2555 2536 2607 omni
2566 2557 2708 2621 culpa
2729 2557 3001 2623 absolvitis,
3025 2572 3107 2610 eos
3131 2563 3266 2610 certe
3289 2560 3374 2624 qui
3400 2560 3448 2609 in
3476 2573 3582 2622 pace
3606 2569 3696 2607 coe·

2178 2646 2372 2694 metunt
2397 2657 2428 2694 a
2449 2644 2586 2695 vobis
2602 2644 2850 2697 indemnes
2867 2659 2970 2698 osse
2989 2647 3143 2698 decet.

2237 2738 2284 2783 9.
2318 2733 2774 2796 verumenimvero,
2810 2734 3056 2786 senatores
3070 2769 3086 2795 ,
3139 2747 3298 2797 quum
3335 2735 3486 2786 multa
3531 2732 3697 2783 habeam

2177 2832 2289 2883 quae
2322 2819 2384 2869 de
2421 2820 2721 2883 temporibus
2752 2809 2984 2871 anteactis
3003 2821 3098 2871 dici
3123 2823 3380 2884 poterant,
3412 2836 3468 2873 ea
3496 2835 3596 2886 quie
3621 2822 3697 2883 jam

2175 2906 2302 2956 dicta
2322 2910 2436 2956 sunt
2453 2907 2672 2960 sufficere
2687 2907 2911 2960 arbitror.
2974 2910 3236 2973 Postquam
3255 2924 3352 2973 ego
3377 2913 3582 2974 emptum
3599 2909 3698 2972 agel-

2175 2993 2278 3043 lum
2301 2994 2492 3058 accepi,
2512 2995 2729 3060 quinque
2745 2996 2914 3047 diebus
2931 2997 3014 3046 vix
3033 2997 3205 3060 elapsis
3227 2999 3499 3049 Callistrato
3517 2997 3694 3056 elocari,

2179 3083 2418 3134 archonte
2436 3085 2724 3146 Pythodoro.
2761 3085 2859 3149 (ιο)
2874 3086 2962 3136 Ille
2973 3077 3130 3136 aravit
3140 3101 3227 3151 per
3243 3087 3518 3151 biennium,
3535 3087 3695 3148 accepts

2177 3183 2334 3234 neque
2360 3171 2545 3234 privata
2563 3173 2668 3222 olea
2680 3209 2694 3234 ,
2713 3187 2870 3238 neque
2885 3187 3020 3224 sacra
3038 3212 3053 3237 ,
3067 3188 3224 3239 neque
3245 3179 3423 3226 trunco
3439 3189 3574 3226 sacr-'e
3587 3175 3694 3223 oleae.

2176 3262 2311 3308 Anno
2337 3259 2480 3309 tertio
2508 3273 2594 3323 per
2625 3272 2807 3310 annum
2843 3261 2994 3312 coluit
3015 3263 3306 3312 Demetrius.
3373 3265 3547 3322 Quarto
3561 3260 3697 3312 deinde
3768 3283 3769 3316 1

2175 3356 2302 3394 anno
2319 3344 2496 3394 elocavi
2531 3345 2705 3408 Alcioe,
2734 3346 3026 3397 Antisthenis
3055 3347 3256 3409 liberto,
3277 3349 3452 3399 abhinc
3479 3347 3696 3398 triennium

2177 3434 2387 3481 mortuo.
2415 3431 2522 3482 Pari
2537 3433 2678 3495 pacto
2696 3433 2841 3483 etiam
2862 3435 3056 3484 Proteas
3073 3434 3282 3484 fundum
3308 3436 3548 3487 conduxit.
3573 3437 3696 3496 Atque

2176 3519 2274 3570 huc
2293 3519 2408 3568 mihi
2429 3520 2572 3570 testes
2588 3518 2844 3570 ascendite.

2831 3671 3076 3720 TESTES.

2241 3805 2317 3852 tl.
2351 3803 2424 3851 Eo
2451 3801 2593 3864 igitur
2610 3801 2830 3864 tempore
2859 3800 3030 3850 exacto
3053 3799 3154 3863 ipse
3184 3799 3294 3850 colo
3325 3802 3541 3864 agellum.
3597 3801 3692 3846 con·

2175 3889 2328 3939 tendit
2361 3890 2523 3940 autem
2563 3890 2830 3951 accusator,
2873 3887 3073 3951 Lysiade
3111 3889 3384 3952 Archonte,
3427 3902 3564 3939 sacrm
3599 3885 3693 3934 olem

2175 3977 2402 4028 truncum
2415 3990 2495 4027 me
2512 3977 2782 4027 exscidisse.
2848 3979 2912 4028 At
2923 3976 3063 4026 vobis
3075 3977 3446 4040 comprobatum
3465 3977 3548 4026 mit
3559 3961 3696 4024 rorum

2175 4064 2458 4116 testimoniis
2479 4065 2564 4128 qui
2582 4064 2783 4115 fundum
2809 4065 2992 4128 priores
3017 4063 3272 4114 coluerunt
3299 4079 3386 4129 per
3410 4065 3560 4129 plures
3574 4073 3696 4112 annos

2173 4166 2202 4202 a
2223 4165 2303 4203 me
2323 4151 2618 4208 conductum
2631 4189 2646 4215 ,
2671 4153 2860 4203 nullum
2883 4151 2932 4202 in
2951 4165 3008 4202 eo
3025 4153 3254 4201 truncum
3273 4153 3547 4204 sacraeoleae
3560 4149 3692 4200 luisse.

2173 4235 2267 4298 Qun
2289 4253 2405 4290 vero
2427 4239 2599 4304 aliquis
2620 4241 2947 4294 accusatorem
2964 4252 3107 4290 suum
3133 4239 3372 4291 mendacii
3397 4241 3595 4303 apertius
3608 4249 3697 4285 con·

2174 4327 2364 4378 vincat?
2397 4340 2495 4377 non
2517 4326 2646 4378 enim
2678 4327 2782 4377 lieri
2805 4329 2964 4391 potest
2994 4329 3052 4377 ut
3079 4339 3192 4389 quoe
3215 4325 3338 4378 olim
3363 4342 3461 4379 non
3483 4327 3628 4386 erant,
3651 4333 3696 4370 ea

2171 4416 2339 4479 utique
2357 4417 2556 4466 colonus
2577 4416 2776 4466 ultimus
2791 4415 3021 4466 aboleret.

2237 4509 2310 4553 12.
2346 4503 2608 4566 Equidem,
2652 4503 2926 4565 senatores,
2967 4503 3007 4554 si
3037 4504 3120 4566 qui
3156 4517 3233 4553 me
3265 4505 3380 4556 ante
3411 4453 3504 4554 hoc
3538 4504 3697 4560 tempus

2171 4590 2401 4642 dixissent
2438 4603 2596 4642 acrem
2632 4603 2735 4642 esse
2759 4592 2809 4641 et
2836 4590 3138 4654 diligentem,
3168 4605 3226 4642 ac
3255 4591 3376 4642 nihil
3417 4602 3615 4654 unquam
3639 4591 3696 4634 te-

2171 4694 2301 4732 mere
2327 4684 2544 4745 agentem
2580 4685 2632 4732 et
2659 4683 2959 4746 inconsulto,
2987 4683 3202 4733 tulissem
3227 4683 3455 4747 graviter,
3479 4683 3600 4732 ratus
3618 4677 3696 4728 sci·

2171 4771 2282 4820 licet
2303 4783 2447 4833 supra
2465 4771 2570 4821 haee
2586 4769 2681 4821 dici
2707 4783 2854 4834 quam
2881 4771 2942 4822 de
2974 4784 3055 4821 me
3078 4771 3292 4833 oportuit
3321 4789 3335 4821 :
3359 4784 3490 4820 nunc
3513 4779 3614 4820 vero
3631 4777 3698 4812 m<

2169 4869 2336 4909 omnes
2355 4858 2530 4907 vellem
2553 4857 2622 4908 ita
2639 4857 2702 4908 de
2717 4870 2797 4910 me
2814 4859 3018 4920 sentire,
3039 4860 3094 4907 ut
3113 4859 3393 4908 existimetis
3423 4871 3502 4906 me
3522 4865 3697 4920 penten·

2169 4943 2293 4996 disse
2304 4983 2318 5008 ,
2338 4944 2377 4995 si
2397 4945 2579 5008 aliquid
2595 4946 2694 4996 tale
2709 4946 3008 5009 aggrederer,
3030 4945 3150 5009 quid
3167 4945 3289 4996 lucri
3305 4955 3600 4996 accessurum
3623 4953 3696 4989 ex-

2167 5034 2418 5097 scindenti,
2434 5034 2548 5098 quid
2562 5047 2755 5084 rursum
2765 5034 2928 5084 damni
2946 5035 3041 5084 hoc
3060 5033 3247 5085 facienti
3262 5047 3557 5085 emersurum
3571 5029 3696 5084 esset:

2167 5122 2286 5187 quid
2302 5135 2454 5173 essem
2469 5124 2756 5174 consecutus
2768 5120 2810 5173 si
2827 5123 3091 5184 latuissem,
3111 5120 3227 5185 quid
3244 5135 3276 5172 a
3291 5120 3432 5171 vobis
3441 5119 3550 5169 mali
3559 5125 3700 5179 exper-

2167 5211 2308 5262 turus
2333 5223 2484 5262 essem
2515 5210 2852 5275 deprehensus.
2887 5211 2986 5275 (13)
3007 5213 3186 5260 Omnes
3208 5210 3334 5260 enim
3361 5209 3574 5259 homines
3597 5201 3696 5254 taci-

2169 5313 2284 5349 ποτε
2300 5298 2574 5361 hujusmodi
2595 5311 2693 5350 non
2715 5298 2984 5351 lascivienti
3000 5298 3162 5348 animo
3174 5334 3192 5362 ,
3211 5295 3294 5349 sed
3309 5297 3529 5360 questus
3545 5302 3692 5350 etun.
