3825 5842
423 449 460 500 ε
843 512 847 516 .
1525 437 2034 500 mlonNToz
2073 438 2395 500 TETeAA.
2439 442 2527 514 A,
2576 443 2632 521 β.

489 569 739 651 φανεροὺς
764 573 1115 642 καταστῆσαι·
1137 565 1280 644 ὅμως
1307 565 1364 626 δὲ
1384 578 1474 626 καὶ
1499 571 1650 630 τοῦτο
1672 567 2043 647 ἐπιχειρητέον·

486 659 630 716 οὐδὲν
651 655 754 739 γὰρ
778 656 1078 739 πικρότερον
1105 659 1198 727 τῆς
1225 653 1454 732 ἀνάγκης
1477 652 1640 714 έοικεν
1673 644 1823 714 εἶναι.
1885 652 2044 733 Ἔχω

488 744 544 804 δὲ
565 745 807 823 οὐδαμῶς
823 743 994 812 ἄλλως
1013 741 1244 823 ἐλέγχειν
1266 739 1303 813 ἢ
1321 739 1374 810 ἐξ
1391 732 1464 799 ὧν
1483 738 1601 809 τοὺς
1624 741 1811 809 ἄλλους
1829 745 1858 801 ὁ
1879 741 2044 812 κατή·

486 854 637 914 γορος
663 831 902 891 ἀπολύων
923 830 1078 890 αὐτὸν
1096 829 1184 889 τὸν
1208 827 1428 888 θάνατόν
1449 852 1576 910 φησι
1603 826 1814 906 μηνύειν
1839 829 1933 907 ἐμὲ
1955 828 2043 888 τὸν

477 917 643 1002 ’φονέα
671 917 818 980 ὄντα.
901 921 970 978 Εἰ
997 916 1099 998 γὰρ
1120 916 1315 975 τούτων
1341 915 1582 975 ἀναιτίων
1607 915 1891 976 δοκούντων
1913 907 2044 976 εἶναι

487 1008 542 1066 ἒν
560 1005 680 1084 ἷμοὶ
696 1004 959 1082 τάδίκημα
977 1013 1213 1081 φανεῖται
1226 1047 1244 1077 ,
1265 1002 1462 1064 τούτων
1487 1001 1732 1063 ὑπόπτων
1757 1003 1919 1062 ὄντων
1940 1001 2043 1084 ἐγὼ

486 1093 550 1153 ἂν
578 1094 789 1161 εἰκότως
816 1089 1039 1170 καθαρὸς
1065 1090 1269 1164 δοκοίην
1291 1081 1448 1152 εἶναι.

382 1201 485 1255 11⁷
563 1201 610 1243 s.
651 1175 812 1240 Ἔστι
838 1177 894 1237 δὲ
913 1181 1008 1240 οὐκ
1031 1177 1272 1252 ἀπεικός,
1293 1181 1364 1246 ὡς
1386 1170 1528 1239 οὗτοι
1551 1177 1728 1260 φασίν,
1751 1175 1890 1238 ἀλλὰ
1911 1177 2045 1246 εἰκὸς

485 1265 618 1348 ἀωρὶ
643 1269 746 1325 τῶν
776 1268 975 1325 νυκτῶν
1001 1263 1341 1344 πλανώμενον
1381 1265 1468 1324 ἐπὶ
1503 1270 1610 1334 τοῖς
1647 1265 1873 1344 ἱματίοις
1924 1268 2044 1325 δια-

485 1357 760 1435 φθαρῆναι.
839 1353 919 1414 Τὸ
947 1351 1042 1431 μὲν
1070 1353 1172 1434 γὰρ
1201 1351 1277 1431 μὴ
1319 1353 1594 1425 ἔκδυθῆναι
1635 1351 1781 1413 οὐδὲν
1827 1352 2045 1430 σημεῖόν

484 1443 642 1500 ἐστιν·
656 1443 702 1500 εἰ
715 1439 818 1522 γὰρ
843 1439 917 1519 μὴ
937 1439 1164 1522 ἔφθησαν
1179 1439 1545 1522 περιδύσαντες
1564 1441 1737 1514 αὐτόν,
1755 1440 1892 1500 ἀλλά
1905 1465 2047 1511 τινας

483 1527 791 1610 προσιόντας
833 1527 1142 1610 φοὸηθέντες
1171 1527 1454 1601 ἀπέλιπον,
1479 1528 1798 1610 ἐσωφρόνουν
1821 1527 1912 1588 καὶ
1953 1530 2047 1588 οὐκ

483 1614 758 1692 ἰμαίνοντο
774 1613 868 1686 τὴν
893 1614 1155 1694 σωτηρίαν
1174 1619 1263 1674 τοῦ
1287 1614 1497 1697 κέρδους
1515 1618 1884 1695 προτιμῶντες.
1977 1615 2043 1694 (ο)

414 1716 443 1756 ⁸
489 1703 558 1762 Εἰ
584 1700 640 1760 δὲ
668 1699 862 1779 μὴ.καὶ
884 1700 972 1760 ἐπὶ
987 1703 1092 1768 τοῖς
1128 1700 1356 1779 ἱματίοις
1392 1702 1672 1784 διεφθάρη,
1702 1701 1818 1762 ἀλλ’
1845 1700 2047 1784 ἐτέρους

483 1787 608 1849 ἰδὼν
636 1787 766 1849 ἄλλο
791 1811 846 1847 τι
888 1786 1049 1848 κακὸν
1093 1793 1393 1861 ποιοῦντας,
1428 1788 1516 1848 ἵνα
1558 1788 1632 1867 μὴ
1686 1790 1918 1866 μηνυτὴς
1953 1793 2045 1848 τοῦ

483 1875 804 1954 ἀδικήματος
850 1875 1089 1955 γένηται,
1121 1875 1374 1936 ἀπέθανεν
1426 1879 1517 1935 ὑπ’
1564 1879 1757 1950 αὗτῶν,
1798 1875 1874 1944 τίς
1909 1869 2040 1949 οἶδες

481 1961 620 2031 Τοὺς
645 1962 699 2023 δὲ
716 1962 791 2042 μὴ
809 1961 940 2024 πολὺ
967 1955 1130 2036 ἧσσον
1154 1965 1281 2041 ἐμοῦ
1311 1969 1589 2042 μισοῦντας
1607 1963 1758 2023 αὐτόν
1791 1955 1962 2042 (ἦσαν
1986 1965 2042 2024 δὲ

478 2050 698 2130 πολλοί)
719 2055 829 2119 πῶς
845 2053 940 2110 οὐκ
953 2050 1086 2118 εἰκὸς
1104 2043 1168 2123 ἦν
1183 2053 1311 2129 ἐμοῦ
1333 2053 1532 2129 μᾶλλον
1548 2051 1839 2133 διαφθεῖραι
1857 2050 2043 2126 αὖτόν,

480 2137 690 2207 ἐκείνοις
701 2138 794 2216 μὲν
813 2137 916 2219 γὰρ
940 2137 1140 2221 φανερὰ
1166 2129 1228 2210 ἦν
1258 2143 1293 2212 ἡ
1318 2141 1514 2220 ὑποψία
1533 2141 1602 2206 εἰς
1627 2137 1718 2216 ἐμὲ
1735 2141 1883 2199 ἰοῦσα
1899 2183 1918 2215 ,
1942 2137 2045 2220 ἐγὼ

481 2226 536 2286 δὲ
567 2223 698 2308 ὑπὲρ
727 2224 935 2286 ἐκείνων
974 2225 1209 2295 ὓπαίτιος
1250 2224 1493 2304 ἐσόμενος
1525 2230 1704 2307 σαφῶς
1725 2226 1888 2304 ᾔδειν.
1981 2227 2045 2306 (7)

479 2317 594 2375 Τοῦ
627 2312 682 2372 δὲ
719 2313 1002 2373 ἀκολούθου
1043 2317 1079 2385 ἡ
1109 2313 1370 2396 μαρτυρία
1397 2317 1507 2382 πῶς
1553 2312 1672 2383 ἀξία
1710 2312 2048 2374 πιστεύεσθαί

482 2403 653 2476 ἔστινς
677 2401 780 2461 ὑπό
809 2424 869 2462 τε
888 2399 994 2482 γὰρ
1019 2407 1112 2462 τοῦ
1152 2401 1392 2462 κινδύνου
1423 2401 1857 2480 ἐκπεπληγμένον
1889 2401 2044 2461 αὐτὸν

403 2514 456 2555 ιο
479 2492 574 2550 οὐκ
597 2489 732 2558 εἰκὸς
769 2481 836 2562 ἦν
859 2487 978 2557 τοὺς
1016 2488 1418 2557 ἀποκτείναντας
1445 2494 1637 2568 γνῶναι
1653 2533 1670 2562 ,
1714 2488 1816 2548 ὑπό
1847 2511 1905 2548 τε
1942 2493 2045 2549 τῶν

478 2574 672 2657 κυρίων
689 2576 1166 2656 ἀναγινωσκόμενον
1186 2581 1454 2637 ἐπινεῦσαι
1471 2569 1535 2650 ἦν
1551 2576 1702 2645 εἰκός.
1786 2575 2051 2637 Ἀπιστου-

481 2663 652 2743 μένων
698 2664 754 2724 δὲ
786 2664 878 2725 καὶ
911 2666 1015 2723 τῶν
1053 2663 1229 2724 ἄλλων
1257 2665 1453 2726 δούλων
1482 2668 1536 2724 ἐν
1580 2666 1694 2734 ταῖς
1740 2664 2047 2745 μαρτυρίαις

482 2754 577 2832 (οὔ
617 2750 722 2832 γὰρ
757 2751 822 2812 ἂν
856 2751 1230 2829 ἐ6ασανίζομεν
1278 2751 1495 2832 αὐτούς)
1521 2755 1633 2820 πῶς
1659 2752 1856 2811 δίκαιον
1879 2751 2049 2834 τούτῳ

480 2839 1034 2997 ἵξᾝὲἶῗὲλῖἑέἶῗῗ
1040 2864 1231 2998 ῗῖῗῗ
1251 2838 1633 2986 ἶξῖἷῗῗραξμε
1651 2839 2049 2999 Ἕξῗὶεδέῖζς

2034 2970 2050 2998 2

478 3013 664 3074 ταύτὸν
703 3013 1115 3092 ἀντιλογισάσθω
1129 3059 1146 3088 ,
1171 2950 1254 3074 8τῖ
1281 3039 1350 3093 με
1375 2951 1723 3097 εἰκότερζῖρῆν
1737 2951 1846 3086 ἰὴν
1875 2951 2049 3096 &gaui-

403 3129 456 3172 ιο
481 3103 626 3162 λειαν
645 3107 738 3174 τῆς
761 3101 1038 3174 ἐπιδουλῆς
1063 3108 1319 3183 τηροῦντα
1339 3103 1665 3186 φυλάξασθαι
1697 3103 1788 3162 καὶ
1835 3102 1910 3180 μὴ
1938 3126 2044 3161 πα·

481 3188 782 3271 ραγενέσθαι
813 3193 889 3270 τῷ
913 3189 1048 3272 ἔργῳ
1069 3193 1268 3268 μᾶλλον
1299 3189 1334 3262 ἢ
1360 3197 1541 3251 τοῦτον
1571 3192 1925 3273 σφαττόμενον
1955 3193 2050 3272 ὄρ-

482 3281 583 3345 θῶς
608 3281 822 3354 γνῶναι.
907 3277 968 3356 (9)
1002 3277 1102 3344 ‘sse
1125 3277 1180 3336 δὲ
1213 3277 1359 3338 τόνδε
1387 3279 1476 3338 τὸν
1502 3278 1732 3338 κίνδυνον
1757 3280 1848 3337 οὐκ
1872 3280 2049 3358 ἀσφα-

475 3365 718 3447 λέστερον
768 3369 860 3423 τοῦ
890 3362 994 3423 ἀπὸ
1041 3369 1135 3436 τῆς
1182 3370 1386 3448 γραφῆς
1428 3364 1669 3444 ἡγούμην
1705 3356 1838 3424 εἶναι
1855 3411 1874 3444 ,
1908 3365 2049 3425 ἀλλὰ

476 3452 900 3527 πολλαπλάσιον,
946 3454 994 3511 εἰ
1029 3451 1106 3531 μὴ
1134 3453 1510 3535 παρεφρόνουν,
1546 3451 1757 3522 διδάξω.
1865 3452 2050 3522 Ἁλοὺς

477 3539 575 3619 μὲν
617 3540 720 3622 γὰρ
745 3539 953 3622 γραφὴν
989 3544 1082 3613 τῆς
1114 3540 1209 3617 μὲν
1253 3540 1428 3608 οὐσίας
1467 3541 1612 3622 ᾔδειν
1654 3540 2048 3620 ἓκστησόμενος,

476 3631 570 3699 τῆς
598 3625 654 3686 δὲ
681 3625 883 3694 πόλεως
915 3626 1007 3686 καὶ
1033 3633 1126 3686 τοῦ
1154 3627 1395 3705 σώματος
1429 3629 1524 3686 οὐκ
1570 3626 1888 3707 ἐστερούμην
1910 3673 1928 3706 ,
1958 3651 2050 3687 πε·

478 3714 800 3796 ριγενόμενος
828 3713 992 3775 δὲκαὶ
1026 3715 1274 3797 λειφθείς,
1301 3715 1398 3774 κᾶν
1429 3714 1618 3796 ἔρανον,
1636 3714 1784 3796 παρὰ
1809 3719 1913 3774 τῶν
1945 3717 2046 3798 φί-

396 3820 452 3862 2⁰
477 3806 583 3863 λων
613 3802 884 3876 συλλέξας,
924 3805 1018 3862 οὐκ
1050 3801 1114 3861 ἂν
1144 3805 1215 3871 εἰς
1240 3801 1308 3862 τὰ
1351 3802 1553 3882 ἔσχατα
1584 3803 1724 3862 κακὰ
1750 3795 1923 3876 ἦλθον·
1957 3802 2048 3863 ἐὰν

478 3890 534 3950 δὲ
557 3897 646 3950 νῦν
666 3890 1018 3973 καταληφθεὶς
1044 3890 1310 3969 ἀποθάνω,
1331 3890 1514 3951 ἀνόσια
1543 3890 1712 3962 ὀνείδη
1739 3892 1845 3958 τοῖς
1865 3891 2047 3952 παισὶν

477 3978 771 4060 ὖπολείψω,
811 3976 846 4051 ἢ
876 3977 1054 4063 φυγὼν
1093 3976 1262 4061 γέρων
1292 3978 1384 4037 καὶ
1423 3977 1604 4046 ἄπολις
1632 3975 1705 4037 ὢν
1748 3977 1836 4036 ἐπὶ
1877 3976 2043 4048 ξενίας

473 4067 789 4149 πτωχεύσω.

559 4175 626 4215 10.
669 4154 829 4215 Οὕτω
870 4153 965 4231 μὲν
993 4154 1029 4213 ἃ
1056 4153 1420 4236 κατηγόρηταί
1444 4177 1579 4232 μου,
1625 4157 1802 4214 πάντα
1843 4152 2044 4212 ἄπιστά

476 4243 634 4301 ἔστιν·
665 4241 985 4301 ἀπολύεσθαι
1013 4241 1068 4300 δὲ
1091 4242 1174 4324 ὑφ’
1199 4247 1366 4317 ὑμῶν,
1399 4244 1444 4301 εἰ
1475 4241 1564 4301 καὶ
1600 4241 1811 4308 εἰκότως
1838 4239 1932 4319 μὲν
1956 4241 2045 4300 ὄν-

475 4353 576 4396 τως
605 4327 660 4389 &t
689 4327 764 4406 μὴ
794 4327 1075 4388 ἀπέκτεινα
1102 4328 1190 4388 τὸν
1219 4329 1382 4410 ἄνδρα
1406 4375 1422 4402 ,
1449 4329 1583 4388 πολὺ
1619 4330 1817 4406 μᾶλλον
1847 4327 2044 4396 δίκαιός

477 4419 607 4493 εἰμι.
694 4414 840 4496 Ἐγώ
868 4440 925 4475 τε
966 4416 1067 4496 γὰρ
1095 4417 1316 4497 φανερὸν
1356 4414 1434 4475 ὅτι
1475 4414 1681 4495 μεγάλα
1710 4414 2044 4492 ἀδικούμενος

476 4503 780 4582 ἠμυνάμην·
813 4507 870 4564 οὗ
903 4503 1005 4585 γὰρ
1036 4503 1100 4565 ἂν
1143 4504 1350 4565 ἐδόκουν
1382 4503 1590 4571 εἰκότως
1622 4505 1924 4562 ἀποκτεῖναι
1947 4505 2042 4560 αὗ-

475 4593 582 4652 τόν*
616 4592 734 4660 τούς
759 4617 817 4653 τε
841 4591 1248 4661 ἀποκτείναντας
1273 4591 1366 4652 καὶ
1393 4593 1452 4651 οὗ
1482 4591 1600 4660 τοὺς
1630 4589 1802 4651 αἰτίαν
1823 4590 2042 4669 ἔχοντας

394 4705 449 4745 25
479 4683 778 4740 ἀποκτεῖναι
822 4685 984 4761 ὀρθῶς
1021 4680 1083 4742 ἂν
1122 4680 1603 4758 καταλαμὸάνοιτε.
1701 4681 1790 4758 (n)
1841 4679 1941 4739 Ἐκ
1984 4677 2039 4737 δὲ

476 4771 668 4836 παντὸς
690 4771 884 4851 τρόπου
912 4769 1262 4847 ἀπολυόμενος
1288 4773 1383 4841 τῆς
1423 4768 1592 4834 αἰτίας
1623 4767 1786 4845 ἔγωγε
1823 4765 1940 4825 οὔτε
1968 4769 2041 4834 εἰς

476 4857 544 4916 τὰ
565 4856 754 4937 τεμένη
784 4857 956 4917 εἰσιὼν
992 4857 1089 4930 τὴν
1119 4857 1327 4936 ἁγνείαν
1362 4859 1466 4916 τῶν
1509 4859 1640 4915 θεῶν
1683 4857 1889 4933 μιανῶ,
1921 4853 2039 4914 οὔτε

477 4947 615 5023 ὑμᾶς
656 4947 848 5005 πείθων
896 4945 1159 5005 ἀπολῦσαί
1204 4969 1272 5021 με
1316 4942 1500 5002 ἀνόσια
1545 4942 1783 5023 πράττω.
1868 4943 1940 5005 Οἱ
1982 4941 2037 5001 δὲ

480 5033 750 5102 διώκοντες
775 5032 869 5110 μὲν
893 5033 986 5111 ἐμὲ
1014 5033 1101 5093 τὸν
1143 5033 1370 5092 ἀναίτιον
1401 5031 1488 5092 τὸν
1517 5033 1565 5090 δ’
1595 5029 1760 5090 αἴτιον
1802 5029 2038 5111 ἀφιέντες

478 5125 570 5193 τῆς
592 5145 648 5181 τε
690 5121 908 5204 ἀφορίας
936 5119 1090 5180 αἴτιοι
1129 5118 1394 5198 γίνονται,
1441 5123 1579 5198 ὑμᾶς
1619 5142 1676 5178 τε
1722 5117 1927 5186 ἀσεὸεῒς
1966 5120 2035 5185 εἰς

479 5209 598 5278 τοὺς
623 5208 766 5276 θεοὺς
787 5209 1044 5277 πείθοντες
1073 5213 1398 5282 καταστῆναι
1425 5207 1634 5268 πάντων
1661 5197 1735 5267 ὃν
1769 5203 1863 5285 ἐμὲ
1893 5205 2033 5276 ἄξιόν

3396 439 3695 518 (αι-ω)

2130 567 2394 619 homicidas
2428 582 2552 631 quos
2573 570 2738 632 ignoro
2762 566 2991 618 indicare.
3020 566 3341 620 Nihilominus
3370 567 3465 618 hoc
3498 581 3699 632 quoque

2132 638 2289 689 iacere
2314 640 2525 690 conabor
2551 660 2563 691 ε
2590 639 2843 690 necessitas
2867 639 2995 688 enim
3025 639 3109 702 (ut
3139 639 3189 688 in
3223 639 3477 704 proverbio
3512 639 3699 698 fertur)

2131 709 2342 759 telorum
2373 711 2591 760 omnium
2620 711 2695 759 est
2728 708 3032 758 acerrimum.
3100 712 3207 759 Non
3244 711 3408 759 autem
3440 707 3705 771 repellendi

2133 781 2461 830 accusatorem
2484 781 2585 830 ulla
2607 781 2889 842 argumenta
2906 779 3061 829 habeo
3082 779 3179 830 alia
3196 783 3343 842 atque
3365 780 3449 829 illa
3467 780 3573 846 ipsa
3588 779 3705 842 qui·

2132 849 2225 898 bus
2262 853 2513 900 accusator
2548 853 2732 900 ceteros
2756 863 2925 899 omnes
2956 850 3155 899 crimine
3188 850 3360 912 solvit,
3392 864 3473 900 me
3504 863 3627 902 vero
3650 852 3707 898 ut

2133 919 2396 970 occisorem
2417 920 2591 970 deferri
2614 921 2717 984 ipso
2739 919 2885 970 caedis
2906 933 3077 984 genere
3098 921 3361 970 contendit.
3424 924 3528 971 Hos
3558 920 3708 982 igitur

2132 989 2355 1041 innoxios
2372 1003 2475 1041 esse
2490 989 2864 1042 demonstrando
2884 991 2931 1043 si
2943 991 2993 1040 in
3012 1003 3090 1040 me
3105 990 3233 1040 cadit
3250 992 3391 1054 culpa
3412 991 3577 1052 coedis,
3598 991 3711 1040 illos

2133 1065 2185 1109 in
2206 1061 2481 1124 suspicione
2514 1075 2617 1112 esse
2642 1060 2859 1112 docendo
2884 1074 2974 1126 ego
3008 1061 3139 1112 baud
3170 1061 3319 1114 dubie
3340 1075 3492 1126 purus
3516 1064 3567 1112 et
3607 1061 3711 1110 cri-

2135 1131 2266 1182 mine
2290 1144 2473 1181 vacuus
2499 1145 2601 1182 esse
2618 1131 2835 1182 videbor.

2196 1204 2242 1247 5.
2276 1201 2460 1261 Negant
2485 1198 2535 1248 lii
2570 1198 2817 1261 probabile
2842 1211 2945 1250 esse
2959 1236 2976 1261 ,
3013 1200 3147 1262 quod
3182 1213 3269 1264 ego
3290 1198 3369 1248 aio
3391 1200 3469 1250 vel
3491 1201 3715 1252 maxime

2133 1263 2382 1327 probabile
2398 1277 2517 1326 esse,
2538 1267 2596 1314 ut
2611 1277 2786 1326 caesus,
2810 1264 2931 1314 dum
2952 1269 3096 1316 nocte
3117 1265 3403 1328 intempesta
3428 1269 3711 1328 vagaretur,

2134 1343 2165 1381 a
2188 1331 2535 1390 grassatoribus
2560 1332 2809 1381 confossus
2834 1331 2898 1381 sit
2926 1333 3325 1383 vestimentorum
3347 1332 3611 1394 cupiditate
3641 1333 3713 1382 il-

2132 1393 2283 1446 lectis.
2353 1399 2474 1446 Nam
2511 1395 2645 1460 quod
2679 1396 2894 1446 vestibus
2921 1398 3111 1459 spoliati
3144 1397 3361 1460 jacentes
3377 1410 3475 1447 non
3493 1397 3682 1450 fuerint
3696 1434 3713 1461 ,

2134 1473 2197 1511 ex
2218 1473 2277 1510 eo
2302 1462 2419 1512 nihil
2447 1463 2604 1526 colligi
2623 1465 2813 1526 potest:
2844 1464 3003 1526 potuit
3028 1466 3133 1515 lieri
3158 1467 3217 1515 ut
3248 1463 3465 1518 homines
3489 1464 3715 1515 interve-

2133 1525 2323 1576 nientes
2356 1529 2498 1590 ipsis,
2529 1529 2631 1579 otio
2666 1541 2750 1578 eos
2784 1530 3097 1581 excluderent
3133 1533 3291 1582 vestes
3322 1529 3594 1591 jacentibus
3616 1533 3713 1582 de-

2133 1593 2393 1654 stringendi
2406 1631 2421 1657 ,
2447 1608 2657 1658 quorum
2688 1594 2939 1645 hominum
2969 1599 3132 1660 metu,
3155 1599 3196 1647 si
3227 1595 3441 1658 iacentes
3470 1611 3568 1648 una
3593 1611 3713 1649 curn

2135 1659 2351 1709 vestibus
2399 1660 2723 1724 reliquerunt,
2760 1661 2929 1725 utique
2968 1676 3066 1713 non
3112 1662 3455 1726 desipuerunt,
3497 1653 3615 1714 scd‘
3628 1669 3711 1718 vel

2134 1725 2889 1843 'sissiffizfzssffffgiai‘m
2908 1729 3716 1858 sssszsssaefflffm

2134 1859 2247 1921 quis
2259 1859 2350 1909 scit
2368 1873 2529 1909 annon
2537 1860 2618 1911 hic
2630 1895 2645 1922 ,
2669 1859 2833 1910 videns
2849 1861 3009 1911 nescio
3026 1874 3149 1924 quos
3166 1861 3349 1912 malum
3368 1861 3564 1924 aliquod
3586 1865 3713 1917 raci-

2135 1937 2231 1976 nns
2252 1927 2514 1990 patrantes,
2534 1925 2595 1975 ab
2612 1924 2687 1976 bis
2702 1927 2889 1977 occisus
2911 1927 3056 1978 fuerit
3072 1964 3086 1988 ,
3109 1928 3435 1977 metuentibus
3450 1940 3512 1978 ne
3528 1931 3605 1979 sui
3632 1932 3715 1980 fa-

2136 1991 2312 2042 cinoris
2336 1991 2418 2040 ille
2444 1990 2591 2040 index
2608 1990 2778 2040 fieret?
2811 1996 2963 2042 Porro
2990 1993 3078 2056 qui
3100 1999 3401 2056 peremptum
3426 2005 3524 2046 non
3544 1997 3715 2047 multo

2134 2056 2321 2107 minore
2332 2056 2443 2106 odio
2462 2055 2893 2120 prosequebantur,
2909 2072 3057 2123 quam
3077 2060 3169 2109 suit
3184 2073 3350 2109 meum
3365 2059 3492 2109 illius
3507 2062 3681 2111 odium
3696 2103 3713 2126 ,

2135 2136 2295 2174 nonne
2307 2122 2457 2186 magis
2468 2124 2574 2172 erat
2586 2121 2832 2186 probabile
2850 2125 2941 2175 hos
2958 2161 2973 2186 ,
2996 2138 3144 2188 quam
3162 2139 3243 2175 me
3256 2162 3272 2187 ,
3292 2139 3407 2175 eum
3429 2127 3717 2178 sustulisse?

2134 2191 2345 2250 Norant,
2366 2189 2449 2238 bic
2471 2189 2510 2238 si
2531 2201 2562 2236 a
2582 2202 2876 2264 quocunque
2892 2189 3089 2240 tandem
3107 2190 3385 2252 tolleretur,
3406 2190 3628 2242 futurum
3650 2197 3715 2245 ut

2136 2249 2281 2324 caedis
2306 2251 2357 2301 in
2378 2261 2459 2324 me
2484 2253 2692 2312 suspicio
2717 2252 3043 2325 incumberet3
3080 2267 3168 2316 ego
3198 2255 3362 2302 autem
3396 2266 3477 2326 me
3512 2255 3715 2328 culpam

2136 2312 3169 2448 sffifflussstffiaeaffdsgmprgrkeedfflssbagt’?
3212 2315 3375 2448 fivqgo
3390 2413 3405 2437 ,
3432 2320 3715 2430 ᾱὶεειῖιύηξῐῖἑ

2136 2437 2412 2546 {ffiffiw
2422 2439 2959 2548 ’ut¹²33‘1²,¹t¹?.²¹¹¹3„0¹l¹1⁵ii12
2994 2436 3287 2548 atmiis
3302 2440 3717 2552 &hii-iffi&

2136 2571 2346 2668 quorum
2373 2534 2423 2606 in
2453 2559 2690 2620 potestate
2712 2562 2864 2618 esset.
2901 2560 2951 2608 in
3090 2535 3105 2560 ⁹
3139 2562 3276 2623 tum,
3304 2561 3365 2610 ad
3397 2559 3561 2611 omnia
3594 2540 3714 2625 quag

2137 2619 2151 2668 i
2170 2620 2204 2669 li
2226 2620 2407 2668 vellent
2426 2617 2589 2668 statim
2615 2633 2859 2671 assensum
2878 2634 2997 2671 esse.
3062 2622 3294 2671 Universe
3314 2621 3434 2672 fides
3454 2633 3714 2675 servorum

2136 2681 2355 2730 omnium
2379 2682 2431 2729 in
2452 2679 2645 2731 edendis
2684 2683 2965 2742 testimoniis

2137 2745 2285 2804 esset,
2305 2755 2393 2791 cur
2422 2753 2503 2792 eos
2524 2743 2777 2794 tormentis
2800 2743 3143 2805 subjiceremus
3157 2746 3206 2806 Ρ)
3230 2746 3317 2807 qni
3350 2757 3438 2807 par
3470 2747 3564 2796 erit
3590 2748 3715 2798 huic

2137 2817 2279 2853 servo
2312 2803 2457 2853 fidem
2494 2804 2657 2854 haberi
2692 2806 2838 2855 aienti
2871 2806 3043 2855 herum
3070 2819 3215 2856 suum
3240 2819 3271 2855 a
3292 2819 3371 2856 me
3400 2813 3711 2871 peremptum

2138 2867 2275 2915 esse?
2296 2866 2362 2926 (8)
2400 2869 2693 2927 Argumenta
2788 2880 2869 2916 ιϊο
2894 2867 3196 2919 solummodo
3234 2867 3499 2930 probabilia
3523 2871 3565 2919 si
3632 2874 3712 2921 uis

2138 2928 2331 2976 censeat
2358 2929 2489 2990 paris
2510 2939 2611 2977 esse
2627 2941 2723 2991 pon
2758 2929 2852 2979 eris
2869 2942 2983 2977 cum
3012 2929 3139 2978 veris
3158 2931 3210 2979 et
3234 2929 3404 2990 certis,
3427 2943 3540 2980 eum
3556 2946 3621 2982 ve
3640 2935 3711 2983 im
3812 2953 3814 2964 =

2136 2988 2187 3036 in
2210 2989 2497 3038 contrariam

2138 3049 2379 3100 risimilius
2398 3064 2477 3100 me
2493 3089 2506 3113 ,
2527 3063 2577 3100 in
2596 3053 2819 3112 parandis
2836 3051 3015 3101 insidiis
3031 3054 3338 3102 securitatem
3360 3056 3410 3103 et
3432 3055 3714 3107 cautionem

2136 3114 2385 3174 secutum,
2430 3113 2611 3161 cavisse
2632 3115 2689 3162 ut
2722 3126 2751 3162 a
2768 3112 2912 3164 cscdis
2944 3114 3251 3164 exsecutione
3272 3114 3486 3165 abessem
3504 3152 3520 3178 ,
3556 3130 3714 3179 quam

2136 3174 2194 3222 ut
2218 3173 2516 3234 interessem,
2538 3186 2695 3236 eoque
2716 3188 2794 3224 me
2811 3175 2929 3224 meis
2948 3175 3103 3224 oculis
3122 3174 3185 3226 de
3202 3176 3404 3226 veritate
3424 3177 3575 3227 caedis
3598 3193 3713 3228 cer-

2136 3235 2245 3282 tum
2273 3235 2540 3285 redderem.
2612 3237 2679 3295 (9)
2700 3239 2803 3285 Hoc
2818 3239 2983 3284 autem
2997 3274 3012 3300 ,
3032 3249 3130 3298 quo
3148 3249 3281 3286 nunc
3296 3241 3480 3300 teneor,
3502 3239 3715 3292 actionis

2139 3295 2338 3345 rorensis
2368 3296 2429 3346 de
2455 3297 2713 3349 homicidio
2740 3297 2997 3346 discrimen
3022 3297 3222 3347 minime
3238 3299 3355 3347 mibi
3374 3300 3533 3350 visum
3560 3301 3715 3353 luisse

2140 3356 2408 3418 expeditius
2424 3361 2571 3420 atque
2595 3360 2776 3420 tutius,
2798 3371 2945 3421 quam
2964 3359 3170 3409 alterum
3198 3360 3326 3409 istud
3345 3360 3407 3410 de
3426 3363 3712 3436 sacrilegio,

2136 3416 2235 3466 imo
2267 3431 2413 3482 vero,
2448 3421 2487 3469 si
2523 3435 2621 3471 non
2654 3420 2796 3483 plane
2826 3421 3035 3483 desipui,
3076 3421 3242 3470 multis
3278 3421 3433 3472 modis
3472 3424 3715 3474 formida-
3808 3443 3810 3446 ⁴

2140 3477 2310 3541 bilius,
2338 3481 2388 3529 id
2420 3494 2551 3533 nunc
2567 3483 2951 3533 demonstratum
2972 3496 3049 3531 eo.
3114 3486 3237 3532 Nam
3253 3483 3293 3532 si
3312 3497 3456 3533 causa
3471 3486 3715 3548 sacrilegii

2140 3540 2361 3590 caderem
2377 3580 2392 3604 ,
2413 3544 2631 3593 futurum
2650 3545 2753 3592 erat
2772 3547 2827 3592 ut
2852 3543 3055 3593 fortunis
3072 3543 3373 3593 solummodo
3404 3547 3673 3596 mulctarer
3690 3565 3707 3610 ;

2132 3602 2212 3662 jus
2238 3604 2443 3654 civitatis
2460 3607 2509 3654 et
2526 3607 2748 3680 spiritum
2784 3605 2903 3653 mihi
2934 3617 3077 3654 nemo
3115 3608 3221 3654 erat
3254 3619 3337 3655 ere
3366 3609 3537 3667 turus;
3570 3611 3714 3659 salva

2135 3667 2299 3714 autem
2324 3665 2423 3714 vita
2445 3667 2562 3716 mihi
2587 3668 2754 3717 relicta
2772 3703 2787 3727 ,
2824 3667 3011 3718 etiamsi
3047 3679 3190 3716 causa
3224 3669 3321 3716 ceci
3358 3669 3369 3680 '

2134 3726 2277 3775 tunas
2297 3727 2557 3777 amisissem
2572 3767 2586 3790 ,
2609 3741 2708 3777 non
2734 3730 2898 3777 tamen
2919 3726 3028 3776 ideo
3060 3728 3253 3777 fuissem
3284 3729 3335 3778 in
3372 3730 3545 3778 ultima
3578 3734 3715 3783 mala

2136 3786 2391 3848 adductus,
2418 3789 2502 3838 sed
2520 3790 2582 3840 ab
2598 3789 2765 3839 amicis
2787 3790 2909 3852 stipe
2922 3789 3178 3838 collectitia
3192 3790 3309 3839 mihi
3327 3791 3597 3842 necessaria
3619 3807 3714 3855 pa-
3806 3839 3808 3842 Α

2136 3860 2313 3898 rassem
2334 3869 2346 3881 ·
2370 3849 2613 3901 homicidii
2636 3853 2801 3901 autem
2818 3852 2867 3900 in
2883 3863 3027 3900 causa
3044 3850 3125 3899 bic
3138 3853 3323 3901 victum
3342 3865 3422 3902 me
3446 3855 3717 3906 manebant

2134 3911 2421 3972 supplicium
2438 3915 2611 3962 mortis
2634 3915 2840 3972 certum,
2860 3912 3117 3974 ignominia
3137 3913 3332 3963 nefandi
3346 3913 3538 3963 sceleris
3551 3929 3712 3977 quam

2134 3969 2297 4022 liberis
2320 3985 2409 4046 pro
2430 3975 2714 4037 patrimonio
2737 3987 2869 4025 eram
2898 3975 3182 4036 relicturus3
3210 3976 3298 4023 aut
3314 3976 3354 4029 si
3387 3976 3497 4038 suga
3528 3980 3711 4028 mortis
3804 3981 3806 4010 ³

2132 4034 2421 4096 supplicium
2442 4036 2789 4098 praevenirem,
2822 4035 3007 4086 bomini
3037 4035 3140 4085 seni
3175 4037 3226 4086 et
3255 4037 3437 4086 extorri
3465 4039 3712 4089 mendici·

2132 4095 2244 4144 tatis
2260 4095 2387 4145 mala
2402 4101 2541 4148 erunt
2557 4097 2820 4148 toleranda.

2200 4163 2275 4208 ιο.
2310 4158 2514 4208 Planum
2537 4161 2701 4222 itaque
2719 4159 2809 4208 feci
2831 4195 2846 4221 ,
2866 4158 3050 4208 nullam
3070 4158 3459 4210 criminationum
3479 4162 3542 4211 ab
3564 4175 3715 4214 accu-

2131 4228 2291 4277 satore
2324 4228 2374 4277 in
2402 4241 2483 4278 me
2507 4229 2795 4279 intortamm
2820 4241 2922 4279 me
2954 4229 3249 4279 credibilem.
3294 4231 3387 4282 Sed
3422 4233 3497 4281 fac
3537 4235 3715 4294 tarnen
3802 4280 3804 4290 ,

2129 4297 2375 4359 probabile
2392 4299 2611 4362 quidem,
2630 4301 2683 4349 at
2699 4313 2797 4350 non
2814 4300 3003 4348 certum
3020 4301 3070 4349 et
3084 4299 3387 4362 exploratum
3406 4302 3577 4367 videri,
3596 4318 3713 4356 eam
3802 4303 3804 4310 '

2130 4368 2312 4417 caedem
2339 4382 2369 4418 a
2402 4383 2482 4420 me
2519 4372 2758 4432 patratam
2790 4381 2893 4420 esse
2928 4388 2941 4419 ε
2970 4369 3145 4419 velsic
3166 4382 3245 4420 me
3276 4383 3307 4420 a
3344 4371 3481 4421 vobis
3511 4387 3603 4435 par
3632 4379 3716 4426 est

2128 4437 2315 4487 absolvi
2350 4440 2513 4502 potius
2544 4444 2693 4502 quam
2719 4439 2953 4489 damnari.
3018 4441 3139 4489 Nam
3173 4439 3372 4502 iniurias
3408 4455 3608 4504 magnas
3642 4448 3714 4496 ab

2128 4506 2321 4558 inimico
2346 4509 2463 4557 mihi
2490 4509 2676 4559 oblatas
2702 4523 2781 4558 me
2815 4509 2948 4560 scitis
2983 4508 3283 4572 defendisse3
3312 4525 3425 4561 nam
3450 4513 3501 4561 ni
3532 4515 3603 4563 ita
3626 4529 3713 4566 es-
3800 4509 3802 4552 i

2126 4583 2233 4628 sent
2246 4613 2261 4638 ,
2290 4591 2388 4627 non
2410 4591 2598 4641 possem
2620 4593 2733 4629 cum
2756 4579 2910 4643 specie
2925 4579 3089 4642 aliqua
3107 4579 3259 4630 videri
3280 4581 3445 4632 secisse
3472 4583 3668 4636 facinus
3691 4607 3707 4638 ε

2128 4649 2390 4700 homicidas
2405 4651 2567 4700 autem
2580 4687 2596 4712 ,
2616 4652 2665 4700 et
2676 4663 2773 4700 non
2792 4651 2969 4713 quibus
2986 4650 3231 4701 homicidii
3245 4651 3427 4702 crimen
3444 4654 3595 4706 modo
3616 4657 3711 4706 ob·
3798 4693 3800 4700 .

2122 4719 2433 4782 jicitur,1'ure
2468 4721 2858 4772 condemnaritis.
2925 4721 3026 4783 (ιι)
3047 4721 3291 4784 Quicquid
3303 4725 3393 4784 est,
3406 4737 3713 4789 quocunque
3798 4725 3800 4762 ²

2125 4805 2213 4842 vos
2246 4803 2327 4841 me
2353 4795 2494 4854 pacto
2524 4792 2824 4842 absolveritis
2845 4792 2941 4841 hoc
2961 4793 3162 4842 crimine
3178 4831 3194 4855 ,
3220 4807 3319 4844 non
3342 4795 3559 4857 polluam
3588 4798 3713 4847 deo-

2126 4877 2237 4912 rum
2260 4863 2625 4912 sanctimoniam
2644 4865 2693 4912 in
2714 4875 2883 4913 eorum
2907 4862 3017 4911 rana
3028 4863 3317 4925 ingrediens,
3338 4867 3388 4914 et
3401 4868 3711 4920 contendens
3796 4893 3798 4906 ·

2125 4934 2263 4984 vobis
2280 4934 2569 4996 persuadere
2586 4937 2639 4984 ut
2656 4947 2739 4984 me
2764 4933 3047 4995 absolvatis,
3068 4933 3274 4984 nefanda
3294 4948 3395 4984 non
3426 4936 3571 4988 racio.
3640 4945 3713 4991 At

2124 5004 2213 5067 illi,
2228 5002 2332 5067 qui,
2352 5004 2529 5053 omisso
2552 5018 2665 5054 vero
2678 5003 2935 5065 homicida,
2952 5016 3031 5054 me
3047 5003 3283 5054 insontem
3302 5005 3545 5056 homicidii
3562 5022 3709 5061 reum

2122 5075 2271 5138 agunt
2296 5073 2366 5124 illi
2384 5072 2647 5125 sterilitatis
2676 5075 3002 5124 calamitatem
3030 5075 3199 5136 patriae
3226 5075 3469 5138 inferunt,
3512 5078 3583 5128 illi
3616 5094 3709 5129 au·
3794 5107 3796 5112 ·

2123 5146 2279 5195 ctores
2296 5141 2434 5195 vobis
2455 5145 2578 5196 fiunt
2589 5182 2604 5209 ,
2623 5147 2681 5195 ut
2700 5144 2945 5208 impietate
2961 5143 3161 5193 numina
3176 5144 3380 5194 deorum
3394 5145 3585 5198 laedatis
3610 5169 3623 5198 ε
3652 5149 3709 5200 hi

2121 5216 2252 5279 digni
2300 5216 2511 5280 denique
2568 5216 2709 5280 sunt,
2748 5215 2839 5278 qai
2880 5211 3051 5267 cadem
3090 5215 3253 5268 emnia
3290 5217 3537 5280 patiantur
3570 5219 3663 5283 ipsi
3680 5255 3701 5284 ,

2990 2695 3143 2744 quum
3164 2683 3375 2732 sublesta
3393 2683 3456 2732 sit
3486 2685 3627 2744 (nam
3661 2691 3719 2737 ni
3814 2725 3816 2734 .

2656 3003 2707 3039 m
2725 2990 2821 3040 hoc
2838 3003 3001 3039 secum
3025 2993 3247 3054 reputare
3274 3009 3288 3040 ε
3312 2992 3469 3041 multo
3498 2997 3606 3043 erat
3624 3009 3714 3045 ve·
3812 2979 3815 3018 Ψ

3448 3683 3497 3716 m
3524 3672 3577 3718 et
3604 3671 3713 3719 foi·-
3806 3715 3808 3728 ,
