3825 5842
407 427 484 484 22
1469 419 1969 486 ΑΝΤιΦαΝΤοΣ
2009 423 2341 488 TETPAA.
2386 425 2451 500 Δ,
2494 426 2543 486 ε.

401 557 520 620 οὐδὲ
547 565 762 636 σημεῖον
791 557 936 619 οὐδὲν
965 557 1233 619 ὑπολιπὼν
1273 550 1344 620 ὧν
1373 558 1610 638 ἠμύνατο
1627 609 1644 641 ,
1674 560 1951 624 ἀπέθανεν.

402 649 472 711 Εἴ
508 645 564 708 δὶ
603 655 717 716 ταῖς
753 647 936 730 χερσὶν
965 648 1232 707 ἀπέκτεινε
1271 648 1360 707 καὶ
1387 649 1445 710 οὗ
1485 648 1706 730 σιδήρῳ,
1751 647 1871 710 ὅσον
1900 651 1957 710 αἱ

398 738 569 818 χεῖρες
609 741 700 796 τοῦ
743 734 956 816 σιδήρου
999 733 1304 816 οἰκειότεραι
1342 734 1507 817 τούτῳ
1553 735 1683 809 εἰσί,
1721 738 1953 819 τοσούτῳ

404 823 602 900 μᾶλλον
628 821 807 905 φονεύς
830 825 985 884 ἐστιν.
1072 823 1133 900 (ε)
1161 822 1453 902 Ἐτόλμησε
1478 821 1532 882 δὲ
1553 826 1712 883 εἰπεῖν
1727 830 1796 893 ὡς
1820 830 1847 885 ὁ
1872 825 1961 906 ἄρ·

401 909 490 979 ξας
510 913 602 984 τῆς
624 912 832 990 πληγῆς
855 909 945 969 καὶ
970 908 1044 988 μὴ
1068 908 1362 992 διαφθείρας
1386 912 1583 988 μᾶλλον
1598 917 1689 972 τοῦ
1715 910 1956 972 ἀποκτεί-

399 1021 578 1066 ναντος
601 997 779 1079 φονεύς
808 998 937 1057 ἐστι·
965 1002 1145 1056 τοῦτον
1173 994 1274 1078 γὰρ
1303 997 1584 1077 βουλευτὴν
1611 1005 1702 1058 τοῦ
1733 1004 1957 1062 θανάτου

314 1107 370 1148 ³0
399 1085 528 1172 φησὶ
549 1085 805 1166 γενέσθαι.
890 1085 1034 1162 Ἐγὼ
1060 1083 1115 1144 δὲ
1145 1083 1276 1145 πολὺ
1301 1085 1548 1146 τάναντία
1571 1085 1768 1146 τούτων
1795 1087 1955 1170 φημί.

403 1179 472 1238 Εἰ
502 1174 602 1257 γὰρ
631 1177 686 1234 αἱ
718 1175 888 1256 χεῖρες
919 1173 953 1233 ἃ
980 1171 1320 1249 διανοούμεθα
1349 1172 1554 1254 ἑκάστῳ
1579 1178 1730 1254 ἡμῶν
1758 1179 1954 1256 ὖπουρ·

401 1269 608 1346 γοῦσιν,
643 1266 670 1321 ὁ
699 1261 793 1341 μὲν
818 1260 1056 1334 πατάξας
1078 1260 1169 1321 καὶ
1199 1259 1274 1341 μὴ
1304 1261 1612 1331 ἀποκτείνας
1635 1266 1729 1334 τῆς
1753 1265 1959 1342 πληγῆς

387 1339 686 1432 ’βουλευτὴς
720 1349 948 1427 ἐγένετο,
985 1354 1012 1409 ὃ
1039 1348 1094 1410 δὲ
1123 1349 1421 1428 θανασίμως
1446 1346 1652 1408 τύπτων
1677 1354 1768 1410 τοῦ
1797 1348 1957 1410 θανᾶ-

401 1449 508 1500 του·
533 1441 591 1500 ἐκ
613 1436 714 1518 γὰρ
755 1427 826 1498 ὧν
857 1441 1045 1504 ἐκεῖνος
1079 1436 1358 1510 διανοηθεὶς
1393 1435 1638 1516 ἔδρασεν,
1668 1441 1695 1496 ὃ
1719 1435 1851 1519 ἀνὴρ
1874 1434 1957 1497 τέ-

386 1533 601 1610 θνηκεν.
682 1525 844 1588 Ἔστι
874 1525 928 1586 δὲ
954 1530 987 1599 ἡ
1017 1525 1112 1604 μὲν
1141 1524 1333 1606 ἀτυχία
1359 1530 1451 1586 τοῦ
1469 1524 1822 1606 πατάξαντος,
1848 1523 1959 1598 ἡδὲ

331 1674 340 1683 ,
398 1614 640 1698 συμφορὰ
659 1619 748 1674 τοῦ
776 1612 1049 1681 παθόντος.
1083 1613 1149 1674 Ὁ
1175 1610 1267 1690 μὲν
1291 1611 1394 1694 γὰρ
1418 1610 1470 1682 ἐξ
1496 1604 1568 1671 ὧν
1592 1611 1805 1695 ἔδρασεν
1830 1615 1958 1673 ἐκεῖ·

396 1727 478 1772 νος
507 1701 802 1785 διαφθαρείς
825 1747 842 1782 ,
871 1705 930 1762 οὐ
958 1706 1025 1782 τῇ
1057 1704 1241 1761 ἑαυτοῦ
1269 1700 1504 1782 ἁμαρτία
1523 1744 1541 1779 ,
1577 1699 1717 1760 ἀλλὰ
1759 1705 1824 1780 τῇ
1865 1705 1959 1761 τοῦ

313 1816 367 1857 ss
395 1789 722 1862 πατάξαντος
742 1789 1072 1872 χρησάμενος
1101 1787 1375 1849 ἀπέθανεν·
1404 1791 1433 1848 ὁ
1454 1788 1508 1848 δὲ
1533 1789 1691 1867 μείζω
1715 1781 1786 1849 ὧν
1805 1789 1959 1862 ἤθελε

397 1879 625 1961 πράξας,
654 1884 719 1960 τῇ
757 1882 942 1939 ἑαυτοῦ
971 1877 1164 1960 ἀτυχίᾳ
1204 1876 1262 1938 ὃν
1291 1881 1386 1938 οὐκ
1420 1876 1602 1952 ἤθελεν
1633 1875 1954 1938 ἀπέκτεινεν.

388 1966 459 2048 (a)
480 1967 619 2030 Ὑπὸ
646 1965 701 2028 δὲ
728 1973 817 2028 τοῦ
846 1969 1024 2050 ἰατροῦ
1057 1965 1273 2048 φάσκων
1302 1965 1456 2026 αὐτὸν
1486 1968 1760 2025 ἀποθανεῖν
1779 2010 1798 2043 ,
1832 1971 1959 2026 θαυ-

396 2054 547 2133 μείζω
570 2054 649 2114 ὅτι
676 2057 775 2136 οὐχ
798 2058 882 2138 ὑφ’
913 2057 1065 2134 ἡμῶν
1093 2058 1196 2114 τῶν
1228 2053 1728 2134 συμὸουλευσᾶντων
1753 2057 1955 2136 ἐπιτρε-

395 2143 588 2226 φθῆναί
622 2166 778 2226 φησιν
820 2143 975 2203 αὐτὸν
1010 2145 1375 2225 διαφθαρῆναι.
1461 2142 1567 2204 Καὶ
1588 2141 1691 2224 γὰρ
1715 2140 1777 2201 ἂν
1811 2141 1956 2222 εἰμὴ

396 2232 752 2314 ἐπετρέψαμεν
771 2277 790 2310 ,
811 2235 898 2292 ὑπ’
931 2231 1242 2312 ἀθεραπείας
1271 2229 1334 2291 ἂν
1361 2229 1458 2311 ἔφη
1488 2232 1833 2313 διαφθαρῆναι
1862 2233 1957 2290 αὗ-

393 2320 502 2384 τόν.
587 2321 656 2382 Εἰ
679 2319 736 2380 δέ
765 2343 847 2380 τοι
872 2320 964 2380 καὶ
987 2319 1088 2380 ὑπὸ
1121 2325 1210 2379 τοῦ
1239 2321 1419 2401 ἰατροῦ
1449 2319 1702 2378 ἀπέθανεν
1721 2364 1740 2399 ,
1770 2323 1840 2389 ὣς
1859 2321 1957 2381 οὐκ

313 2429 370 2470 ao
395 2409 678 2484 ἀπέθανεν,
704 2412 733 2469 ὁ
762 2407 856 2487 μὲν
880 2408 1054 2490 ἰατρὸς
1078 2411 1136 2469 οὗ
1171 2405 1350 2491 φονεὺς
1378 2409 1535 2467 αὖτοῦ
1577 2405 1718 2467 ἐστίν
1758 2409 1825 2486 (ὁ
1852 2407 1956 2490 γὰρ

394 2497 551 2577 νόμος
580 2495 798 2558 ἀπολύει
822 2495 1008 2575 αὐτόν)
1031 2544 1050 2577 ,
1073 2495 1160 2557 διὰ
1188 2496 1242 2555 δὲ
1265 2495 1357 2564 τὰς
1393 2495 1578 2556 τούτου
1608 2493 1817 2575 πληγὰς
1838 2497 1954 2556 ἐπι·

393 2585 694 2669 τρεψάντων
719 2589 869 2664 ἡμῶν
897 2588 1066 2667 αὐτῷ,
1087 2587 1196 2653 πῶς
1221 2582 1283 2644 ἂν
1313 2583 1468 2651 ἄλλος
1489 2606 1563 2652 τις
1583 2582 1619 2655 ἢ
1639 2587 1667 2642 ὃ
1691 2582 1957 2664 βιασάμε-

396 2697 478 2743 νος
499 2679 643 2754 ἡμᾶς
663 2677 892 2756 χρῆσθαι
919 2676 1060 2754 αὐτῷ
1089 2671 1269 2756 φονεὺς
1291 2671 1374 2746 εἴη
1399 2671 1492 2745 ἄν;

472 2785 519 2824 a.
553 2762 711 2826 Οὕτω
740 2761 794 2822 δὲ
823 2765 1054 2845 φανερῶς
1082 2761 1421 2842 ἐλεγχόμενος
1447 2764 1508 2821 ἐκ
1545 2759 1738 2830 παντὸς
1763 2759 1956 2841 τρόπου

395 2854 702 2913 ἀποκτεῖναι
723 2850 810 2911 τὸν
845 2850 1041 2933 ἄνδρα,
1072 2853 1143 2919 εἰς
1169 2855 1322 2910 τοῦτο
1349 2849 1548 2927 τόλμης
1577 2848 1668 2910 καὶ
1696 2847 1958 2919 ἀναιδείας

391 2940 538 3014 ἥκει,
557 2939 682 3022 ὥστ)
709 2941 802 3002 οὐκ
829 2941 1018 3021 ἀρκοῦν
1039 2941 1182 3020 αὐτῷ
1209 2937 1348 2998 ἐστὶν
1371 2937 1502 3018 ὑπὲρ
1529 2942 1622 3011 τῆς
1645 2940 1803 2998 αὑτοῦ
1828 2940 1955 2998 ἀσε-

394 3027 537 3097 6είας
550 3029 938 3107 ἀπολογεῖσθαι,
959 3026 1095 3087 ἀλλὰ
1110 3026 1200 3086 καὶ
1220 3031 1381 3105 ἡμᾶς,
1402 3025 1454 3086 οἳ
1469 3025 1532 3085 τὸ
1545 3025 1725 3085 τούτου
1743 3025 1955 3105 μίασμα

291 3115 801 3230 128ἒπεξερχόμεθα,
828 3115 1082 3193 ἀθέμιστα
1109 3113 1200 3174 καὶ
1224 3114 1404 3173 ἀνόσια
1429 3113 1555 3194 δρᾶν
1578 3112 1728 3195 φησί.
1769 3112 1956 3192 Τούτῳ

394 3205 490 3282 μὲν
517 3229 606 3265 ουν
647 3203 834 3286 πρέπει
876 3203 968 3264 καὶ
1011 3208 1180 3263 ταῦτα
1207 3201 1298 3262 καὶ
1336 3199 1414 3261 ἔτι
1455 3200 1652 3260 τούτων
1696 3200 1956 3281 δεινότερα

391 3291 589 3372 λέγειν,
617 3297 836 3352 τοιαῦτα
876 3289 1164 3372 δεδρακότι·
1253 3287 1314 3369 (7)
1346 3293 1500 3366 ἡμεῖς
1523 3288 1578 3348 δὲ
1606 3287 1694 3348 τὸν
1733 3287 1953 3348 θάνατον

392 3379 611 3460 φανερὸν
635 3378 1056 3450 ἀποδεικνύντες,
1090 3376 1186 3449 τήν
1212 3399 1270 3437 τε
1300 3373 1506 3456 πληγὴν
1536 3374 1955 3454 ὁμολογουμένην

391 3466 445 3538 ἐξ
465 3459 527 3540 ἧς
558 3466 814 3543 ἀπέθανέ,
845 3464 932 3526 τόν
954 3489 1012 3524 τε
1034 3465 1190 3544 νόμον
1216 3467 1286 3532 εἰς
1311 3463 1400 3523 τὸν
1427 3463 1733 3534 πατάξαντα
1754 3462 1842 3524 τὸν
1863 3465 1954 3547 φό-

390 3577 475 3614 νον
504 3552 793 3633 ἀνάγοντα,
825 3553 940 3630 ᾀντὶ
983 3558 1074 3613 τοῦ
1115 3551 1368 3620 παθόντος
1414 3552 1803 3630 ἐπισκήπτομεν
1834 3555 1956 3628 ὑμῖν

390 3645 468 3724 τῷ
497 3640 678 3702 τούτου
701 3641 840 3722 φόνῳ
862 3640 922 3700 τὸ
942 3639 1148 3718 μήνιμα
1166 3643 1269 3700 τῶν
1296 3639 1576 3720 ἀλιτηρίων
1605 3637 1956 3717 ἀκεσαμένους

325 3740 352 3780 ⁵
393 3738 569 3790 πᾶσαν
598 3729 693 3804 τὴν
723 3729 873 3790 πόλιν
900 3727 1135 3810 καθαρὰν
1164 3733 1255 3788 τοῦ
1277 3728 1572 3808 μιάσματος
1604 3732 1953 3803 καταστῆσαι.

975 3901 1340 3926 -Qm-

1146 4019 1194 4076 δ.

725 4185 810 4236 ΕΞ
843 4183 1204 4236 ΑΠΟΛΟΓΙΑΣ
1243 4184 1286 4232 0
1317 4183 1610 4233 ΥΣΤΕΡΟΣ.

469 4336 538 4400 ‘O
564 4335 659 4415 μὲν
689 4335 850 4416 ἀνήρ,
878 4337 936 4395 οὗ
964 4333 1253 4412 καταγνοὺς
1280 4331 1433 4401 αὐτὸς
1455 4336 1645 4410 αὑτοῦ,
1677 4331 1814 4394 ἀλλὰ
1853 4331 1948 4404 τὴν

391 4425 622 4499 σπουδὴν
653 4429 758 4484 τῶν
777 4422 1081 4503 κατηγόρων
1105 4423 1374 4507 φοὸηθείς,
1404 4422 1700 4497 ὓπαπέστη·
1729 4429 1858 4501 ἡμῖν
1889 4420 1947 4482 δὲ

309 4535 358 4576 ιο
385 4523 493 4584 τοῖς
525 4514 689 4598 φίλοις
719 4517 870 4583 ζῶντι
899 4511 935 4585 ἢ
978 4512 1288 4574 ἀποθανόντι
1321 4511 1685 4592 εὐσεὸέστερον
1726 4512 1941 4591 ἀμύνειν

388 4607 554 4686 αὐτῷ.
599 4601 816 4682 Ἄριστα
833 4601 929 4680 μὲν
948 4595 1034 4662 οὖν
1054 4602 1206 4670 αὐτὸς
1220 4601 1282 4662 ἂν
1299 4601 1430 4683 ὑπὲρ
1450 4604 1605 4660 αὑτοῦ
1621 4603 1944 4679 ἀπελογεῖτο·

387 4691 502 4752 ἐπεὶ
527 4692 584 4751 δὲ
614 4691 739 4750 τάδε
769 4689 1155 4772 ἀκινδυνότερον
1185 4689 1352 4759 ἔδοξεν
1385 4693 1512 4769 ἡμῖν
1551 4679 1718 4767 εἶναι,
1747 4679 1823 4760 οἶς
1851 4689 1947 4768 με’·-

384 4804 560 4860 γιστον
589 4777 651 4839 ἂν
680 4777 861 4848 πένθος
889 4779 1086 4858 γένοιτο
1109 4783 1428 4861 στερηθεῖσιν
1453 4780 1612 4839 αὐτοῦ
1621 4822 1638 4853 ,
1674 4779 1945 4857 ἀπολογη-

383 4870 516 4932 τέον.
1021 4871 1028 4880 ’

463 4981 509 5021 2.
553 4959 712 5020 Δοκεῖ
745 4957 802 5018 δέ
847 4981 936 5035 μοι
971 4957 1094 5037 περὶ
1122 4957 1210 5016 τὸν
1241 4955 1468 5037 ἄρξαντα
1513 4960 1606 5028 τῆς
1634 4955 1840 5032 πληγῆς
1883 4955 1944 5015 τὸ
1986 4946 1991 4979 ¹

3328 423 3601 505 (ua-m)

2046 569 2333 636 exspiravit,
2370 585 2433 623 ne
2466 571 2635 626 relicto
2670 571 2865 638 quidem
2902 573 3003 624 ullo
3052 572 3340 626 defensionis
3384 575 3603 642 vestigio.

2047 664 2270 718 Manibus
2296 665 2337 716 si
2358 666 2541 718 coedem
2557 704 2574 730 ,
2602 679 2701 720 non
2718 666 2865 731 ferro,
2890 667 3101 732 peregit,
3122 681 3298 722 manua
3320 681 3418 733 quo
3454 671 3605 734 tugis

2046 754 2093 806 ci
2108 757 2469 822 propri-‘equam
2488 757 2669 810 ferrum
2686 758 2845 820 erant,
2854 758 2993 809 tanto
3006 758 3157 822 magis
3170 759 3243 815 est
3254 757 3513 816 homicida.-
3534 758 3601 823 (t)

2048 849 2205 902 Audet
2236 863 2381 914 porro
2402 851 2667 914 affirmare,
2690 850 2957 916 principem
2982 852 3103 908 rim
3116 889 3133 916 ,
3162 852 3356 908 amau
3378 852 3601 906 adversa·

2048 941 2175 992 rlum
2192 955 2291 996 nou
2318 945 2600 1009 peremerit.
2628 943 2961 1009 magbtamen
2980 945 3605 1010 quamipsmninterfecto-

2050 1047 2157 1086 rem
2172 1034 2585 1088 homicidamesse
2604 1037 3607 1102 :namquiafflrediatuneumessemortia

2016 1127 2497 1196 praemeditantem.
2577 1130 3603 1194 Egoveroaliaomniscmseo.uamni

2048 1233 2286 1272 manusea
2304 1234 2415 1285 quoe
2430 1221 2720 1274 meditamur
2742 1223 3002 1288 unicuique
3020 1225 3241 1274 nostrum
3262 1225 3605 1288 exsequantur,

2046 1313 2089 1366 is
2100 1317 2185 1379 qul
2206 1315 2393 1380 plagam
2410 1315 2637 1366 inflixerit
2650 1315 2780 1366 haud
2795 1315 3005 1380 letalem,
3025 1315 3179 1381 piam
3199 1317 3390 1368 tantum
3398 1329 3606 1380 praeme-

2047 1407 2226 1459 ditator
2247 1411 2350 1471 est3
2368 1408 2455 1472 qui
2478 1409 2642 1459 antem
2668 1409 2877 1460 letaliter
2904 1408 3017 1460 ferit
3030 1445 3047 1472 ‚
3080 1407 3123 1458 is
3146 1407 3505 1472 premeditatu-
3534 1407 3607 1458 eat

2046 1497 2191 1548 necis,
2222 1509 2335 1547 nam
2352 1509 2466 1561 quae
2482 1495 2635 1548 iliede
2654 1495 2854 1548 consilio
2873 1495 3105 1560 patravit,
3124 1510 3187 1546 ex
3204 1495 3279 1546 his
3294 1495 3373 1546 hic
3388 1495 3607 1546 mortuus

2047 1591 2137 1641 est.
2158 1589 2416 1641 infelicitas
2432 1589 2661 1641 coedentis
2672 1592 2745 1641 est
2756 1626 2773 1653 ,
2784 1589 2969 1640 malum
2986 1589 3212 1654 perpessi.
3237 1589 3329 1640 llic
3340 1589 3469 1640 enim
3480 1589 3607 1642 ilti-

2049 1684 2188 1736 factia
2220 1683 2563 1748 interemptus,
2584 1697 2683 1734 non
2716 1697 2805 1735 sua
2822 1683 2992 1746 culpa,
3022 1682 3107 1736 sed
3132 1681 3361 1734 coedentia
3374 1719 3390 1746 ,
3422 1683 3567 1749 periit
3590 1701 3605 1732 ι

2047 1777 2129 1828 ille
2161 1777 2353 1838 autem,
2371 1778 2423 1827 in
2448 1776 2677 1828 caedendo
2702 1775 2831 1828 ultra
2851 1788 3000 1840 quam
3026 1775 3463 1828 voluerat-evectus
3476 1812 3495 1838 ,
3528 1775 3607 1828 in-

2048 1870 2272 1923 felicitate
2309 1883 2398 1921 sua
2426 1870 2621 1921 sustulit
2663 1882 2812 1934 quem
2850 1869 3021 1928 tollere
3054 1882 3154 1922 non
3192 1861 3486 1920 decreverat.
3538 1870 3607 1936 (5)

2048 1963 2253 2027 Culpam
2283 1963 2454 2013 mortis
2482 1963 2535 2013 in
2564 1959 2808 2012 medicum
2837 1974 2992 2026 quum
3025 1961 3285 2023 transfert,
3308 1961 3458 2012 miror
3488 1965 3608 2026 qul,

2050 2069 2149 2107 non
2186 2056 2487 2120 peremptum
2518 2068 2547 2106 a
2568 2053 2707 2105 nobis
2732 2054 2856 2116 aiat,
2879 2053 2965 2118 qui
2994 2053 3086 2116 ipsi
3106 2054 3327 2104 auctores
3344 2053 3527 2116 fuimus
3551 2057 3609 2106 ut

2046 2163 2099 2200 se
2124 2141 2253 2200 huic
2266 2148 2455 2199 medico
2488 2149 2830 2200 committeret.
2898 2151 3051 2200 Porro
3075 2148 3117 2200 si
3139 2147 3328 2202 medico
3356 2161 3457 2202 non
3476 2162 3609 2202 com-

2048 2243 2223 2294 missus
2247 2256 2276 2293 a
2306 2241 2445 2292 nobis
2474 2242 2625 2302 esset,
2656 2241 2877 2292 dicturus
2910 2241 3035 2292 foret
3072 2253 3209 2305 reus,
3243 2242 3381 2293 illum
3416 2241 3611 2294 defectu

2046 2330 2373 2382 medicationis
2390 2331 2600 2395 periisse.
2619 2331 2683 2380 At
2713 2329 2791 2382 fac
2814 2328 2989 2382 medici
3006 2329 3147 2393 culpa
3164 2330 3231 2381 ita
3250 2344 3365 2382 eum
3386 2332 3610 2394 periisse,

2046 2423 2103 2471 ut
2136 2433 2235 2471 non
2258 2419 2399 2484 periit
2425 2439 2439 2470 z
2466 2432 2565 2470 non
2587 2417 2829 2470 homicida
2856 2417 2962 2481 eius
2993 2418 3117 2469 foret
3132 2417 3349 2469 medicus
3372 2419 3612 2482 (namlex

2046 2522 2159 2560 eum
2196 2508 2455 2572 absolvit),
2506 2509 2699 2572 propter
2733 2505 2935 2558 verbera
2966 2507 3129 2557 autem
3148 2505 3213 2556 al»
3228 2506 3323 2557 hoc
3344 2507 3413 2560 illi
3428 2508 3611 2571 ingesta

2046 2611 2199 2662 quum
2226 2597 2467 2648 medicum
2486 2595 2895 2658 arcessiverimus,
2922 2594 3166 2660 quomodo
3194 2595 3318 2645 alius
3334 2595 3507 2660 aliquis
3522 2597 3613 2647 ho-

2046 2685 2221 2737 micida
2236 2685 2328 2750 sit,
2354 2697 2504 2749 quam
2519 2683 2562 2738 is
2594 2684 2681 2748 qui
2696 2697 2787 2734 nos
2811 2683 2964 2746 coegit
2984 2696 3131 2746 opera
3154 2683 3327 2734 medici
3352 2683 3455 2734 uti?

2108 2783 2154 2826 s.
2190 2777 2481 2838 Quanquam
2498 2772 2665 2836 itaque
2690 2773 2797 2823 tam
2825 2771 3075 2836 perspicue
3102 2783 3274 2834 genere
3302 2771 3436 2822 omni
3460 2785 3612 2836 argu-

2046 2866 2319 2917 mentorum
2334 2862 2609 2926 coarguitur
2622 2897 2637 2924 ,
2654 2861 2875 2912 nostrum
2896 2859 3153 2923 peremisse
3164 2896 3180 2924 ,
3199 2872 3258 2911 eo
3274 2861 3441 2912 tamen
3456 2860 3613 2911 auda·

2046 2955 2137 3004 ciae
2154 2953 2305 3018 atque
2322 2949 2637 3016 impudentia
2657 2948 2906 3013 procedit,
2924 2949 2985 3000 ut
3006 2961 3105 3000 non
3120 2949 3239 3000 satis
3264 2948 3441 3000 liabent
3467 2963 3613 3000 snam

2044 3041 2341 3106 impietatem
2358 3052 2564 3104 pumre
2576 3074 2591 3101 ,
2611 3050 2783 3089 verum
2801 3037 2949 3088 etiam
2978 3049 3097 3101 nos,
3130 3036 3377 3101 piaculum
3406 3036 3512 3100 eius
3528 3043 3611 3087 'm-

2044 3131 2299 3190 sectantes,
2318 3128 2415 3178 aiat
2428 3126 2675 3191 illegitima
2692 3127 2743 3178 et
2755 3124 3067 3192 impingere.
3130 3123 3225 3178 Sed
3238 3125 3369 3176 hunc
3384 3125 3612 3190 quidem,

2043 3219 2215 3270 talium
2244 3217 2512 3272 facinorum
2530 3228 2694 3276 reum,
2726 3215 2849 3265 tales
2864 3227 3011 3266 voces
3039 3215 3091 3266 et
3114 3213 3274 3265 adhue
3296 3213 3444 3264 etiam
3468 3216 3609 3266 atro-

2044 3307 2199 3358 ciores
2219 3305 2403 3368 jactare
2418 3304 2557 3355 decet
2576 3321 2591 3354 ε
2659 3303 2727 3366 (7)
2746 3315 2836 3354 nos
2852 3305 3017 3354 autam
3030 3339 3047 3366 ,
3073 3303 3159 3367 qui
3175 3315 3347 3354 necem
3366 3302 3473 3354 sine
3488 3315 3611 3354 cou-

2044 3395 2279 3447 troversia
2296 3394 2471 3445 factam
2489 3393 2779 3454 doceamus,
2804 3393 3060 3457 etplagam
3088 3391 3321 3442 lethaian
3352 3391 3527 3453 fuisse,
3555 3393 3613 3442 et

2044 3485 2199 3548 legem
2234 3484 2535 3547 proferamus
2578 3481 2871 3534 verberator-i
2904 3479 3221 3531 homicidium
3254 3479 3574 3543 imputantem
3590 3517 3610 3544 ,

2044 3573 2257 3624 defuncti
2280 3573 2475 3624 nomine
2495 3571 2633 3623 vobis
2656 3569 3030 3631 demandamus,
3072 3570 3130 3619 ut
3162 3567 3309 3632 liujus
3350 3568 3611 3622 hominumn

2044 3663 2273 3726 sanguine
2293 3660 2591 3712 iracundiam
2612 3659 2815 3713 deorum
2833 3657 3096 3721 poenalium
3126 3657 3327 3721 placetis
3354 3658 3611 3722 toruaque

2044 3751 2113 3802 sic
2136 3751 2381 3803 (ivitatem
2407 3763 2439 3800 a
2462 3747 2653 3814 piaculo
2674 3745 2951 3811 repurgetis.

2646 3899 3011 3929 —w

2795 4031 2851 4084 4.

2187 4197 2491 4250 ΒΕΒΕΝὸῙΟ
2522 4195 2878 4248 postlimen
2919 4195 3201 4246 musonis
3232 4191 3456 4246 OAEDIS.

2102 4341 2231 4392 Urbe
2256 4353 2368 4391 rens
2404 4339 2638 4401 excessit,
2673 4351 2773 4388 non
2792 4350 2893 4401 quo
2914 4335 3199 4404 semetipse
3230 4333 3606 4398 condemnaret,

2036 4419 2120 4470 sed
2134 4420 2467 4471 accusatorum
2488 4417 2845 4468 contentionem
2868 4413 3219 4466 reformidans:
3243 4412 3385 4465 nobis
3407 4413 3575 4466 aui-em
3590 4449 3605 4474 ,

2036 4502 2121 4566 qui
2139 4505 2241 4564 ejus
2258 4498 2400 4550 amici
2418 4510 2615 4563 sumus,
2634 4496 2696 4547 ad
2727 4497 2954 4560 pietatem
2972 4493 3201 4546 tuendam
3217 4493 3367 4543 satius
3388 4493 3461 4544 est
3476 4529 3493 4554 ‚
3518 4505 3605 4542 su-

2034 4579 2219 4643 perstiti
2255 4577 2415 4630 adhuc
2440 4589 2589 4641 quam
2616 4573 2807 4626 sublato
2823 4585 3120 4623 succurrere.
3186 4569 3381 4634 Optime
3406 4569 3605 4634 quidem

2036 4660 2135 4724 ipse
2157 4671 2293 4708 suam
2317 4656 2516 4707 dixisset
2539 4665 2770 4708 causam:
2801 4664 2975 4702 verum
3002 4650 3118 4714 quia
3138 4647 3417 4713 posterioris
3440 4645 3604 4698 defen-

2035 4733 2181 4784 sionis
2196 4731 2467 4795 periculnm
2494 4742 2587 4780 nos
2606 4729 2771 4780 subire
2792 4727 2951 4778 tutius
2974 4727 3081 4776 erat
3095 4759 3110 4786 ,
3131 4735 3279 4788 quam
3304 4721 3465 4786 ipsum
3478 4759 3497 4785 ,
3514 4735 3603 4786 age

2033 4812 2195 4874 partes
2222 4822 2327 4872 ejus
2348 4821 2547 4871 agamus
2570 4819 2692 4870 nos,
2718 4805 2897 4870 quibus
2910 4801 3207 4859 desideriam
3228 4799 3345 4864 ejus
3360 4799 3603 4864 fingentur·

2034 4886 2221 4937 luctum
2242 4885 2304 4934 sit
2320 4884 2599 4935 allaturum.

2096 4975 2141 5018 2.
2176 4967 2380 5018 Videtur
2410 4965 2576 5029 itaque
2592 4963 2712 5014 mihi
2728 4961 2925 5028 quidem
2962 4959 3139 5024 injuria
3172 4971 3319 5023 penes
3334 4959 3601 5026 principem

386 5047 620 5122 ἀδίκημα
649 5025 802 5108 {ivae
889 5045 955 5106 ‘0
987 5045 1082 5123 μὲν
1111 5036 1198 5105 οὖν
1228 5045 1428 5106 διώκων
1453 5045 1548 5105 οὐκ
1567 5043 1730 5104 εἰκόσι
1752 5067 1945 5122 τεκμη·
2033 5059 2287 5108 verberum
2306 5054 2529 5108 residere.
2595 5058 2749 5112 Quem
2766 5049 3069 5104 adversarius
3096 5048 3229 5100 aiens
3252 5047 3469 5100 amicum
3500 5062 3595 5098 no-

390 5134 515 5214 ρῖοῑς
541 5135 808 5216 χρώμενος
841 5139 1020 5194 τοῦτον
1051 5133 1137 5192 τὸν
1169 5131 1398 5213 ἅρξαντᾶ
1439 5155 1594 5215 φησιν
1639 5121 1789 5194 εἶναι.
1872 5134 1943 5194 Εἰ
2032 5149 2190 5198 strum
2217 5159 2348 5209 esse,
2378 5144 2531 5196 utitur
2554 5141 2849 5206 argumentis
2864 5151 3036 5203 parum
3054 5137 3401 5188 consentaneis.
3468 5141 3593 5191 Nam

387 5220 481 5296 μὲν
503 5223 604 5304 γὰρ
632 5221 811 5304 ὥσπερ
839 5221 1048 5302 βλέπειν
1073 5221 1168 5300 μὲν
1195 5230 1302 5290 τοῖς
1327 5223 1628 5305 ὀφθαλμοῖς,
1653 5219 1856 5282 ἀκούειν
1885 5219 1941 5280 δὲ

2030 5237 2099 5299 si,
2128 5232 2533 5299 quemadmodum
2559 5229 2711 5282 oeulis
2736 5243 2765 5279 a
2782 5228 2957 5280 natura
2982 5225 3153 5278 datum
3176 5225 3253 5276 est
3277 5225 3333 5279 ut
3365 5227 3595 5287 cernant,
