3825 5842
493 486 562 540 ρο
1533 470 2044 533 annom-«1⁸02
2083 472 2410 534 ΤΕΤΡΑΛ.
2457 475 2525 551 r,
2572 476 2625 552 ρ.

1243 604 1296 681 β.

385 754 488 806 ¹2⁶
580 763 897 815 ΑΠΟΛΟΓΙΑ
929 760 1773 880 ΦΟΝΟῘὲῗὲῙΣέΕῗἿΜΥΝΟΜΕΝΟΣ
1804 762 1955 810 Anz-

1105 974 1429 1024 ΥΠΟΘΕΣΙΣ.

482 1116 544 1166 Ἥ
567 1114 730 1172 στάσις
755 1116 1048 1180 μετάστασις·
1084 1116 1322 1181 μεταφέρει
1353 1115 1444 1181 γὰρ
1476 1114 1551 1165 ἐπὶ
1586 1113 1668 1164 τὸν
1700 1111 2049 1177 θεραπεύσαντα

554 1188 716 1307 ἓξὲξ
731 1188 810 1237 τὸν
831 1187 984 1252 φόνον·
1005 1188 1059 1239 τὸ
1081 1188 1173 1253 γὰρ
1197 1186 1620 1252 ἀντεγκληματικὸν
1643 1188 1707 1243 ὡς
1727 1184 2049 1249 παρεπόμενον

564 1384 694 1450 Ὅτι
723 1386 818 1467 μὲν
851 1392 1064 1469 βραχεῖς
1090 1385 1208 1453 τοὺς
1237 1384 1420 1466 λόγους
1449 1387 1792 1457 ἐποιησαντο,
1829 1385 1889 1442 οὗ
1922 1390 2051 1444 θαυ-

489 1474 640 1553 μάζω
667 1477 855 1534 αὐτῶν·
883 1478 941 1533 οὗ
966 1472 1069 1555 γὰρ
1095 1476 1167 1541 ὡς
1201 1472 1277 1551 μὴ
1302 1473 1538 1533 πάθωσιν
1574 1476 1602 1533 6
1629 1473 1858 1541 κίνδυνος
1879 1474 2053 1539 αὐτοῖς

487 1561 646 1635 ἐστίν,
677 1562 793 1621 ἀλλ’
815 1565 884 1630 ὧς
906 1560 1001 1641 ἐμὲ
1026 1558 1102 1638 μὴ
1124 1560 1336 1629 δικαίως
1363 1562 1430 1620 δι’
1453 1559 1645 1641 ἔχθραν
1669 1559 2049 1641 διαφθείρωσιν·

487 1651 567 1710 δτι
613 1650 656 1709 δ’
707 1649 904 1720 ἔξισοῦν
952 1651 1058 1717 τοῖς
1103 1648 1364 1728 μεγίστοις
1404 1648 1729 1729 ἐγκλήμασιν
1771 1648 1953 1720 ἤθελον
1992 1648 2053 1707 τὸ

431 1761 457 1801 s
487 1746 740 1819 πρᾶγμα,
761 1730 824 1797 οὗ
843 1741 872 1796 6
894 1734 1168 1797 ἀποθανὼν
1195 1740 1337 1819 αὑτῷ
1365 1736 1528 1805 αἴτιος
1545 1736 1636 1797 καὶ
1661 1738 1860 1817 μᾶλλον
1883 1735 1919 1809 ἢ
1948 1734 2052 1816 ἐγὼ

488 1824 716 1904 ἐγένετο,
739 1824 950 1893 εἰκότως
977 1824 1040 1885 ἂν
1066 1827 1374 1905 ἀγανακτεῖν
1405 1849 1495 1904 μοι
1517 1826 1669 1885 δοκῶ.
1724 1822 1929 1906 Ἄρχων
1950 1822 2052 1905 γὰρ

486 1916 677 1995 χειρῶν
702 1912 914 1990 ἀδίκων,
939 1913 1031 1974 καὶ
1053 1915 1314 1995 παροινῶν
1335 1916 1406 1982 εἰς
1431 1913 1592 1997 ἄνδρα
1615 1911 1748 1973 πολὺ
1769 1916 1925 1972 αὑτοῦ
1944 1936 2053 1972 σω-

488 2000 848 2084 φρονέστερον,
875 2002 975 2081 οὔχ
1002 2004 1143 2083 αθτῷ
1172 1999 1327 2079 μόνον
1358 2005 1451 2075 τῆς
1481 2008 1767 2083 συμφορᾶς,
1797 1999 1934 2059 ἀλλὰ
1962 1998 2052 2059 καὶ

489 2088 607 2165 ἐμοὶ
631 2088 791 2156 αἴτιος
817 2092 907 2148 τοῦ
938 2087 1267 2169 ἐγκλήματος
1283 2087 1505 2167 γέγονεν.
1553 2090 1617 2167 (a)
1648 2078 1818 2167 Οἶμαι
1843 2086 1939 2167 μὲν
1962 2081 2052 2147 οὗν

491 2174 655 2255 ἔγωγε
682 2174 800 2236 οὔτε
829 2176 1004 2237 δίκαια
1031 2176 1242 2245 τούτους
1264 2176 1369 2237 οὔθ’
1395 2175 1514 2236 ὅσια
1539 2178 1668 2258 δρᾶν
1706 2178 2054 2257 ἐγκαλοῦντας

489 2264 622 2343 ἔμοί.
642 2268 694 2327 Τ
694 2264 751 2324 ὃν
773 2265 875 2347 γὰρ
893 2264 1121 2347 ἄρξαντα
1139 2268 1231 2338 τῆς
1247 2268 1454 2345 πληγῆς
1467 2310 1484 2339 ,
1508 2266 1554 2325 εἰ
1575 2262 1670 2341 μὲν
1696 2264 1895 2347 σιδήρῳ
1915 2264 1952 2337 ἢ
1970 2264 2051 2324 λί-

490 2349 615 2435 Θῳῆ
639 2351 776 2435 ξύλῳ
797 2354 1081 2432 ἠμυνάμην
1103 2352 1278 2427 αὗτόν,
1295 2352 1506 2427 ἠδίκουν
1532 2352 1626 2432 μὲν
1649 2355 1755 2415 οὐδ’
1773 2352 1937 2422 οὕτως
1958 2355 2049 2433 (οὗ

411 2461 464 2502 10
488 2441 590 2521 γὰρ
605 2442 792 2516 ταύτά,
812 2440 948 2501 ἀλλὰ
964 2442 1172 2521 μείζονα
1192 2441 1283 2503 καὶ
1298 2442 1513 2503 πλείονα
1534 2441 1725 2502 δίκαιοι
1738 2445 1786 2502 οἱ
1804 2442 2053 2524 ἄρχοντες

491 2529 830 2610 ἀντιπάσχειν
845 2530 972 2589 εἰσίν
989 2534 1032 2609 )·
1052 2538 1168 2599 ταῖς
1182 2530 1236 2591 δὲ
1251 2532 1403 2611 χερσὶ
1419 2531 1734 2609 τυπτόμενος
1758 2534 1846 2591 ὑπ’
1870 2533 2049 2606 αὐτοῦ,

491 2624 606 2684 ταῖς
679 2616 820 2699 ερσὶν
853 2616 988 2699 ἅπερ
1016 2617 1252 2699 ἔπασχον
1289 2620 1557 2699 ἀντιδρῶν,
1587 2618 1784 2699 πότερα
1811 2618 2050 2693 ἠδίκουν;

493 2705 560 2783 (a)
579 2707 625 2765 E
649 2727 718 2763 εν·
737 2706 847 2787 ἐρεῖ
858 2702 914 2764 δέ
928 2733 953 2761 α
976 2708 1092 2766 ἀλλ’
1116 2708 1144 2765 6
1160 2705 1310 2783 νόμος
1329 2706 1513 2786 εἵργων
1534 2705 1669 2784 μήτε
1692 2706 1901 2773 δικαίως
1918 2707 2052 2786 μήτε

493 2792 684 2862 ἀδίκως
703 2794 1022 2854 ἀποκτείνειν
1040 2794 1217 2875 ἔνοχον
1229 2799 1321 2854 τοῦ
1342 2795 1496 2875 φόνου
1505 2803 1613 2861 τοῖς
1629 2796 1903 2871 ἐπιτιμίοις
1920 2802 2053 2855 ἀπο-

492 2879 661 2963 φαίνει
688 2903 746 2942 σε
764 2880 906 2942 ὄντα·
934 2886 962 2943 6
980 2882 1082 2964 γὰρ
1102 2880 1234 2965 ἀνὴρ
1271 2881 1526 2958 τέθνηκεν.
1545 2910 1572 2937 ιι
1591 2882 1736 2962 Ἐγὼ
1755 2883 1811 2943 δὲ
1836 2884 1927 2943 καὶ
1940 2882 2053 2944 δεύ-

489 2989 637 3051 τερον
668 2969 760 3029 καὶ
786 2970 956 3052 τρίτον
979 2973 1072 3031 οὐκ
1089 2970 1393 3031 ἀποκτεῖναί
1419 2994 1572 3053 φημι.
1601 2972 1668 3033 Εἰ
1699 2969 1796 3049 μὲν
1823 2970 1926 3054 γὰρ
1952 2973 2051 3033 ὑπὸ

413 3082 464 3124 15
490 3058 594 3116 τῶν
608 3058 823 3137 πληγῶν
842 3062 871 3119 6
891 3057 1022 3141 ἀνὴρ
1038 3063 1370 3142 παραχρῆμα
1390 3058 1666 3135 ἀπέθανεν,
1689 3062 1779 3119 ὑπ’
1793 3062 1921 3138 ἐμοῦ
1936 3060 2051 3141 μέν,

493 3144 701 3215 δικαίως
720 3148 766 3207 δ’
791 3146 856 3207 ἂν
881 3148 1141 3222 ἐτεθνήκει
1155 3150 1230 3227 (οὗ
1252 3146 1355 3230 γὰρ
1374 3148 1558 3223 ταύτά,
1575 3146 1712 3208 ἀλλὰ
1731 3148 1942 3223 μείζονα
1962 3150 2053 3209 καὶ

492 3234 708 3294 πλείονα
721 3237 768 3295 οῖ
789 3234 1033 3316 ἄρξαντες
1048 3237 1237 3296 δίκαιοι
1249 3237 1590 3317 ἀντιπάσχειν
1613 3237 1739 3297 εἰσίν
1757 3240 1794 3317 )·
1815 3238 1878 3319 (ε)
1890 3242 1981 3297 νῦν
1998 3238 2052 3297 δὲ

492 3322 720 3389 πολλαῖς
738 3320 960 3404 ἡμέραις
982 3322 1193 3405 ὕστερον
1215 3327 1427 3404 πονηρῷ
1446 3326 1609 3406 ἰατρῷ
1628 3325 1947 3405 ἑπιτρεφθεὶς
1969 3324 2052 3384 διὰ

494 3407 589 3480 τὴν
619 3414 709 3468 τοῦ
737 3410 916 3491 ἰατροῦ
946 3411 1236 3493 μοχθηρίαν
1263 3411 1353 3470 καὶ
1382 3414 1441 3471 οὗ
1464 3411 1550 3471 διὰ
1570 3410 1664 3480 τὰς
1687 3410 1894 3491 πληγὰς
1924 3413 2052 3471 ἀπί-

494 3500 633 3556 θανε.
719 3497 1092 3577 Προλεγόντων
1122 3502 1226 3581 γὰρ
1259 3500 1404 3581 αὐτῷ
1427 3502 1531 3559 τῶν
1567 3498 1738 3559 ἄλλων
1767 3502 1979 3580 ἰατρῶν,
2009 3502 2055 3560 εἰ

494 3583 689 3658 ταύτην
734 3583 829 3657 τὴν
861 3586 1142 3669 θεραπείαν
1183 3585 1577 3669 θεραπεύσοιτο,
1616 3588 1695 3648 ὅτι
1734 3587 1941 3667 ἰάσιμος
1980 3587 2053 3649 ὧν

496 3670 927 3754 διαφθαρήσοιτο,
967 3676 1035 3734 δι’
1069 3678 1204 3755 ὑμᾶς
1243 3674 1361 3743 τοὺς
1401 3674 1723 3755 συμὸούλους
1760 3678 2055 3760 διαφθαρεὶς

415 3782 472 3823 ao
494 3758 612 3839 ἐμοὶ
641 3760 845 3821 ἀνόσιον
874 3761 1116 3841 ἔγκλημα
1143 3761 1484 3842 προσέὸαλεν.
1550 3766 1610 3844 (s)
1642 3764 1880 3826 Ἀπολύει
1908 3765 1965 3825 δέ
1987 3788 2055 3845 με

494 3848 585 3908 καὶ
606 3853 635 3908 6
663 3848 818 3928 νόμος
842 3853 959 3910 καθ’
987 3849 1042 3909 δν
1068 3848 1344 3929 διώκομαι·
1366 3852 1454 3911 τὸν
1481 3850 1581 3935 γὰρ
1611 3852 2053 3914 ἐπιδουλεύσαντα

494 3936 694 3996 κελεύει
721 3936 880 4020 φονέα
907 3928 1055 3998 εἶναι.
1113 3938 1257 4018 Ἐγὼ
1281 3936 1376 4017 μίν
1403 3931 1491 4000 οὗν
1518 3945 1628 4009 πῶς
1653 3941 1718 4001 ἂν
1745 3941 2055 4002 ἕπιὸουλεύ-

495 4048 649 4105 σαιμι
684 4028 826 4109 αὐτῷ
842 4074 860 4108 ,
899 4030 943 4087 εἰ
971 4025 1046 4107 μὴ
1074 4028 1165 4087 καὶ
1187 4027 1562 4103 ἕπεὸουλεύθην
1592 4033 1680 4090 ὑπ’
1725 4033 1915 4111 αὐτοῦς
1949 4040 2056 4100 τοῖς

493 4113 596 4196 γὰρ
633 4116 806 4185 αὐτοῖς
832 4116 1152 4195 ἀμυνόμενος
1179 4118 1334 4178 αὐτὸν
1369 4117 1458 4177 καὶ
1488 4117 1554 4178 τὰ
1595 4117 1727 4179 αὑτὰ
1755 4120 1888 4201 δρῶν
1918 4120 2054 4203 ὅπερ

495 4202 747 4284 ἔπασχον,
777 4204 935 4286 σαφὲς
966 4204 1046 4265 ὅτι
1072 4205 1137 4265 τὰ
1171 4206 1304 4267 αῧτὰ
1333 4205 1686 4269 ἕπεὸούλευσα
1708 4210 1798 4268 καὶ
1837 4208 2053 4269 ἐπεὸου-

493 4290 703 4363 λεύθην.
791 4292 854 4368 (c)
880 4294 947 4353 Εἰ
975 4292 1032 4351 δέ
1058 4317 1135 4362 τις
1157 4297 1219 4354 ἐκ
1239 4298 1342 4355 τῶν
1365 4298 1581 4375 πληγῶν
1601 4295 1690 4356 τὸν
1716 4296 1935 4357 θάνατον
1957 4297 2057 4358 οἷό-

422 4400 476 4441 25
497 4398 647 4452 μενος
672 4376 914 4455 γενέσθαι
941 4381 1096 4461 φονέα
1125 4403 1192 4458 με
1222 4384 1376 4441 αὐτοῦ
1405 4387 1608 4462 ἡγεῖται
1649 4376 1809 4463 εἶναι,
1850 4387 2053 4447 ἀντιλο-

497 4464 732 4543 γισάσθω
759 4464 841 4523 ὅτι
862 4465 947 4525 διὰ
967 4466 1056 4526 τὸν
1085 4467 1311 4549 ἄρξαντα
1335 4473 1391 4529 αἱ
1413 4470 1614 4549 πληγαὶ
1641 4472 1914 4551 γενόμεναι
1942 4480 2056 4533 τοῦ·

497 4574 584 4612 τον
607 4550 772 4611 αἴτιον
800 4558 890 4613 τοῦ
919 4554 1141 4615 θανάτου
1163 4554 1254 4615 καὶ
1281 4560 1372 4617 οὔκ
1400 4556 1490 4635 ἐμὲ
1523 4558 1891 4641 ἀποφαίνουσιν
1910 4560 2053 4621 ὄντα·

497 4641 554 4699 οὗ
577 4638 678 4720 γὰρ
699 4638 761 4699 ἂν
789 4640 1074 4720 ἠμυνάμην
1103 4644 1176 4722 μὴ
1201 4644 1516 4724 τυπτόμενος
1545 4650 1634 4706 ὑπ’
1667 4649 1845 4709 αὐτοῦ.
1899 4647 2053 4709 'Arto-

496 4726 746 4805 λυόμενος
773 4726 826 4788 δὲ
856 4728 958 4789 ὑπό
981 4752 1037 4789 τε
1065 4738 1158 4790 τοῦ
1190 4731 1386 4811 [νόμου
1413 4734 1513 4795 ὑπό
1551 4758 1608 4794 τε
1646 4740 1776 4809 τοῦ]
1808 4733 2055 4818 ἄρξαντος

496 4819 591 4887 τῆς
607 4815 838 4894 πληγῆς,
859 4814 962 4896 ἐγὼ
980 4816 1076 4896 μὲν
1100 4820 1266 4880 οὐδενὶ
1283 4820 1460 4903 τρόπῳ
1483 4822 1662 4905 φονεὺς
1687 4825 1845 4883 αὐτοῦ
1867 4824 2001 4905 εἶμί,
2028 4830 2055 4885 6

498 4901 554 4963 δὲ
585 4901 881 4982 ἀποθανών,
910 4905 957 4963 εἰ
981 4904 1074 4983 μὲν
1103 4908 1298 4991 ἀτυχίᾳ
1323 4909 1590 4990 τέθνηκεν,
1616 4915 1682 4993 τῇ
1711 4915 1897 4973 ἑαυτοῦ
1930 4915 2055 4973 ἀτυ-

496 4989 590 5071 χία
615 4988 870 5072 κέχρηται
899 4991 1165 5074 (ἠτύχησε
1191 4994 1294 5077 γὰρ
1329 4996 1486 5078 ἄρξας
1516 5004 1609 5074 τῆς
1631 5004 1895 5082 πληγῆς),
1924 5004 1970 5061 εἰ
2008 5004 2055 5062 δ’

415 5102 469 5143 ao
497 5077 718 5162 ἀθουλίᾳ
746 5080 873 5156 τινί,
894 5085 962 5161 τῇ
985 5085 1169 5143 ἑαυτοῦ
1200 5084 1421 5168 ἀὸουλία
1443 5087 1760 5172 διέφθαρται·
1785 5092 1843 5149 οὗ
1872 5089 1974 5173 γὰρ
1998 5080 2057 5150 εὖ

499 5170 697 5249 φρονῶν
725 5166 914 5231 ἔτυπτέ
933 5192 1020 5285 με.

579 5276 625 5318 7.
655 5254 756 5327 Ὦς
785 5256 878 5335 μὲν
905 5283 995 5320 ουν
1023 5261 1080 5321 οὗ
1111 5261 1321 5333 δικαίως
1355 5270 1743 5352 κατηγοροῦμαι
1761 5314 1778 5349 ,
1801 5267 2053 5329 ἐπιδέδει-

3406 474 3665 551 (ωε-ων)

2278 796 2582 849 ΒΕΡΕΝΒΙΟ
2614 795 2819 845 (ΞΕΒΙΕ
2852 796 3238 847 AGGREssoni
3272 796 3549 847 OBLATAE.

2722 966 2937 1017 ARGUM
2944 966 3174 1017 amum.

2136 1120 2294 1169 Status
2312 1131 2463 1169 causo
2480 1122 2717 1169 translatio
2736 1124 2806 1169 est
2825 1138 2837 1165 ι
2858 1122 3075 1169 transtert
3090 1122 3281 1169 enimin
3300 1124 3537 1168 curantem
3553 1120 3679 1167 medl-

2192 1212 2299 1248 cum
2316 1213 2503 1249 causam
2520 1202 2673 1249 cledis.
2704 1200 3140 1249 Recrimlnatorlum
3172 1200 3299 1247 enlm
3329 1200 3382 1246 ut
3414 1209 3679 1257 consequens

2190 1282 2328 1339 cepit.

2200 1397 2342 1448 Brevi
2372 1396 2590 1448 oratione
2612 1396 2863 1448 deuinctos
2891 1410 2994 1449 esse
3023 1398 3323 1449 accusatores
3352 1397 3475 1460 mel,
3510 1396 3576 1447 nil
3598 1394 3680 1445 mi-

2138 1498 2220 1535 ror
2240 1499 2254 1534 :
2274 1486 2569 1549 nequeenim
2592 1486 2808 1549 hocipais
2824 1498 2955 1536 nunc
2971 1485 3146 1550 agitur,
3164 1499 3266 1550 quo
3282 1485 3349 1537 nil
3368 1485 3484 1536 mali
3510 1484 3682 1549 patian-

2139 1574 2222 1624 tur
2238 1572 2353 1637 ipsi3
2378 1572 2461 1624 sed
2476 1573 2632 1639 istud,
2650 1577 2709 1625 nt
2720 1574 3062 1625 satisfacientes
3077 1573 3311 1625 simultati
3327 1587 3439 1638 erga
3464 1586 3543 1623 me
3565 1586 3679 1634 suae,

2137 1674 2223 1725 per
2234 1663 2365 1713 netas
2373 1674 2453 1713 me
2460 1662 2769 1725 pessumdent
2794 1681 2809 1713 ε
2830 1662 2964 1725 qnod
2981 1664 3145 1713 antem
3158 1660 3418 1713 teterrimis
3442 1674 3681 1725 exaequare

2138 1749 2419 1801 criminibus
2446 1750 2577 1801 hunc
2594 1762 2761 1801 casum
2780 1750 3104 1815 contendunt,
3132 1750 3274 1813 cuius
3298 1750 3399 1815 ipse
3414 1751 3507 1801 sibi
3537 1750 3683 1814 potius

2138 1852 2287 1901 quam
2324 1852 2411 1902 ego
2446 1838 2535 1903 ipsi
2561 1842 2753 1903 auctor,
2792 1840 2887 1891 hoc
2938 1840 3068 1891 recte
3098 1838 3334 1903 indignari
3368 1840 3489 1890 mihi
3517 1839 3683 1890 videor.

2138 1929 2248 1991 lpse
2271 1927 2555 1991 injuriarum
2580 1928 2775 1979 initium
2798 1926 2975 1979 faciens
2998 1929 3051 1979 et
3084 1940 3172 1992 per
3187 1928 3523 1979 temulentiam
3548 1928 3683 1978 laces·

2138 2026 2247 2066 sens
2264 2028 2343 2067 me
2360 2015 2519 2067 multo
2534 2015 2639 2080 ipso
2655 2015 3097 2081 temperantiorem,
3120 2028 3218 2067 non
3235 2015 3327 2067 sibi
3348 2016 3497 2067 modo
3513 2016 3685 2066 calami·

2138 2103 2290 2154 tatem
2314 2104 2487 2168 istam,
2520 2103 2605 2155 sed
2636 2104 2753 2155 mihi
2784 2104 2932 2156 etiam
2970 2103 3099 2155 hanc
3123 2104 3363 2155 actionem
3390 2105 3589 2155 creavit.
3622 2102 3681 2167 (2)

2138 2194 2269 2256 Nego
2288 2192 2453 2257 itaque
2469 2206 2553 2245 eos
2568 2206 2650 2243 me
2670 2194 2943 2245 incusantes
2974 2195 3107 2245 recte
3124 2194 3280 2245 facere
3299 2192 3545 2257 justeque.
3576 2195 3685 2243 Nam

2138 2280 2179 2331 si
2212 2292 2532 2345 aggressorem
2550 2283 2637 2332 aut
2660 2282 2789 2332 ferro
2806 2282 2893 2333 aut
2912 2294 3033 2333 saxo
3058 2282 3147 2332 aut
3172 2282 3299 2333 mste
3314 2282 3591 2346 repulissem
3603 2317 3618 2344 ,
3634 2293 3686 2330 ne

2138 2367 2209 2419 sic
2232 2369 2427 2432 quidem
2461 2369 2637 2433 Iniuste
2662 2370 2860 2435 egissem
2898 2374 3229 2435 (aggi-emeres
3254 2370 3381 2422 enim
3402 2382 3503 2422 non
3528 2369 3683 2422 eadem

2140 2456 2289 2507 modo
2308 2457 2395 2509 sed
2417 2458 2600 2521 maiora
2625 2461 2772 2509 ettam
2798 2460 2848 2511 ct
2868 2459 3008 2524 plura
3034 2459 3245 2510 vicissim
3266 2459 3369 2524 pati
3384 2459 3654 2522 merentur)
3672 2478 3683 2506 ε

2139 2557 2228 2609 ego
2258 2559 2378 2596 vero
2404 2548 2530 2597 lctus
2556 2559 2829 2611 pugnorum
2854 2546 2917 2597 ab
2951 2560 3010 2599 eo
3040 2548 3159 2598 mihi
3187 2548 3395 2612 ingestos
3410 2548 3579 2613 pugnis
3610 2546 3687 2611 ipsi

2140 2634 2331 2685 retudi:
2365 2636 2416 2686 in
2447 2636 2541 2686 hoc
2560 2650 2681 2687 num
2702 2638 2877 2699 injuste
2898 2638 3001 2701 egi?
3024 2637 3090 2703 (3)
3109 2638 3197 2690 sit.
3223 2638 3361 2690 Dicet
3394 2650 3514 2689 vero
3534 2657 3547 2689 ι
3566 2658 3591 2683 ι.
3610 2638 3689 2689 At·

2140 2736 2227 2788 qui
2249 2724 2347 2786 lex,
2366 2738 2429 2777 ne
2442 2726 2549 2790 quis
2570 2739 2728 2790 neque
2740 2728 2851 2790 jure
2870 2740 3028 2791 neque
3049 2726 3224 2792 injuria
3241 2726 3493 2779 occidatur
3510 2730 3687 2789 vetans,

2142 2812 2389 2865 homicidii
2420 2817 2470 2867 te
2504 2816 2660 2879 poenis
2696 2816 2965 2867 obnoxium
3015 2830 3119 2868 csse
3156 2814 3368 2868 declarat
3410 2836 3425 2867 ι
3461 2816 3537 2867 vit
3574 2816 3689 2867 enim

2138 2900 2300 2966 periit.
2332 2922 2359 2949 υ
2442 2908 2541 2969 Ego
2570 2919 2686 2956 vero
2709 2905 2886 2957 iterum
2906 2908 3055 2969 atque
3080 2906 3255 2957 iterum
3286 2918 3407 2970 nego
3441 2918 3556 2957 eum
3574 2919 3603 2957 a
3622 2915 3690 2955 me

2140 2994 2443 3055 peremptum
2465 3007 2582 3045 esse.
2634 2998 2755 3046 Nam
2776 2994 2815 3045 si
2843 2994 3065 3057 protinus
3102 2995 3164 3046 ab
3198 2994 3347 3059 plagis
3380 2995 3689 3059 exspirasset,

2140 3077 2249 3129 tum
2279 3092 2395 3131 sane
2410 3094 2439 3133 a
2458 3093 2537 3131 me
2570 3083 2820 3145 peremtus
2836 3081 2921 3132 sed
2941 3082 3074 3146 iuste
3090 3082 3253 3133 tamen
3274 3084 3399 3135 soret
3419 3084 3566 3146 (nam
3578 3082 3691 3145 juste

2139 3180 2239 3217 non
2258 3168 2427 3219 eadem
2440 3170 2631 3220 tantum
2645 3205 2660 3232 ‚
2678 3170 2765 3220 sed
2781 3171 2927 3221 etiam
2940 3168 3123 3233 maiora
3134 3172 3183 3221 et
3198 3170 3338 3235 plura
3355 3169 3691 3235 aggressoribus

2140 3256 2467 3319 rependuntur
2484 3257 2502 3319 )
2534 3276 2549 3309 z
2566 3256 2633 3322 (4)
2650 3258 2733 3309 ille
2748 3272 2883 3322 vero,
2910 3258 3133 3309 manibus
3150 3258 3322 3310 medici
3346 3260 3555 3323 imperiti
3570 3270 3691 3309 com·

2140 3342 2340 3408 missus,
2370 3345 2533 3396 munitis
2564 3345 2734 3398 diebus
2765 3348 2876 3410 post
2912 3348 3081 3411 periit,
3116 3360 3213 3398 non
3231 3361 3260 3397 a
3282 3346 3460 3411 plagis,
3485 3346 3569 3398 sed
3590 3345 3691 3396 mall

2140 3431 2314 3484 medici
2336 3432 2508 3499 culpa3
2538 3434 2733 3497 reliquis
2774 3435 2903 3485 enim
2930 3435 3128 3486 medicis
3162 3434 3583 3499 denuntiantibus,
3614 3436 3691 3485 ista

2141 3517 2183 3568 si
2228 3521 2409 3583 oegroto
2438 3518 2746 3571 adhiberetur
2796 3521 3020 3574 medendi
3048 3524 3171 3574 ratio
3186 3559 3202 3587 ,
3234 3525 3471 3587 saguntum
3486 3562 3505 3589 ,
3554 3535 3690 3588 quum

2140 3607 2349 3657 sanabile
2366 3608 2552 3658 malum
2575 3608 2664 3672 sit,
2694 3611 2861 3660 tamen
2900 3610 3189 3662 moriturum
3210 3624 3338 3675 esse,
3374 3626 3461 3676 pet
3496 3621 3690 3664 errorem

2142 3695 2325 3745 consilii
2354 3696 2501 3747 vestri
2533 3696 2614 3747 ille
2643 3698 2855 3749 moriens
2884 3698 3112 3762 injustam
3148 3700 3267 3751 milii
3289 3701 3413 3751 hanc
3438 3700 3691 3753 accusatio-

2141 3796 2253 3833 nem
2270 3784 2517 3837 cxcitavit.
2543 3784 2610 3848 (5)
2636 3788 2813 3837 Verum
2837 3786 2984 3837 etiam
3008 3787 3087 3837 lex
3104 3824 3119 3851 ,
3140 3801 3204 3839 ex
3219 3800 3317 3851 qua
3338 3802 3451 3839 reus
3471 3802 3601 3853 agor,
3625 3795 3692 3835 mc

2141 3874 2363 3925 absolvit.
2428 3875 2651 3927 Declarat
2664 3889 2721 3926 ea
2738 3876 3030 3927 homicidam
3043 3888 3146 3928 esse
3162 3878 3276 3929 vitm
3290 3878 3489 3929 alterins
3511 3876 3689 3929 insidia·

2139 3965 2263 4014 tum.
2294 3963 2439 4027 Atqui
2460 3978 2559 4028 quo
2572 3966 2722 4028 ‘pacto
2740 3978 2827 4028 ego
2843 3964 2978 4015 dicar
2994 3966 3246 4017 insidiatus
3268 3980 3391 4032 esse,
3406 3966 3499 4017 nisi
3522 3967 3561 4019 si
3583 3978 3691 4016 oon·

2141 4052 2315 4103 cedant
2340 4052 2485 4103 etiam
2504 4052 2643 4103 illum
2659 4054 2781 4103 mihi
2796 4044 3076 4104 insidiatum
3092 4057 3223 4105 esse?
3240 4056 3359 4105 Nam
3378 4068 3533 4119 quum
3548 4054 3693 4105 delen·

2141 4137 2259 4189 dens
2280 4150 2359 4188 mc
2376 4137 2545 4189 eodem
2568 4138 2714 4190 modo
2736 4140 2787 4189 in
2808 4154 2921 4191 eum
2944 4142 3121 4205 egerim
3138 4143 3391 4220 quod-ipse
3412 4144 3511 4206 egit
3527 4144 3577 4195 in
3594 4154 3691 4203 me,

2140 4231 2303 4291 aperte
2332 4226 2464 4278 haud
2494 4226 2645 4291 magis
2678 4240 2787 4278 sum
2821 4228 3071 4281 insidiatus
3100 4230 3163 4293 ei,
3182 4244 3329 4294 quam
3348 4230 3447 4295 ipse
3476 4231 3593 4282 mihi
3620 4232 3691 4280 in·

2141 4314 2341 4367 sidiatus
2370 4318 2460 4367 est.
2533 4316 2603 4380 (ο)
2632 4318 2744 4368 Jam
2777 4318 2819 4367 si
2850 4317 2960 4382 quis
2983 4318 3146 4381 plagas
3166 4332 3270 4369 esse
3300 4318 3472 4371 mortis
3506 4328 3691 4370 causam

2140 4406 2282 4468 putat
2324 4404 2528 4469 ideoque
2566 4418 2646 4457 me
2678 4405 3040 4457 interfectorem
3080 4406 3172 4458 viri
3220 4406 3398 4471 hahet,
3434 4411 3603 4465 contra
3652 4406 3690 4453 is

2141 4505 2308 4543 secum
2326 4495 2545 4559 reputet,
2569 4494 2733 4559 plagas
2764 4494 2895 4560 illas,
2932 4508 3085 4560 quum
3109 4498 3392 4561 propterea,
3424 4496 3559 4560 quod
3580 4496 3689 4546 alter

2142 4580 2334 4631 initium
2347 4594 2515 4632 earum
2538 4582 2724 4647 fecerit,
2742 4596 2829 4647 ego
2847 4583 3123 4648 indixerim,
3148 4585 3315 4638 testari
3332 4584 3494 4649 potius
3506 4598 3605 4636 non
3620 4594 3692 4633 me

2141 4666 2226 4720 sed
2244 4668 2380 4720 illum
2403 4671 2572 4721 mortis
2586 4674 2833 4725 auctorem
2856 4685 2961 4724 oese
2982 4692 2995 4723 ι
3016 4685 3130 4727 nam
3140 4671 3234 4723 nisi
3252 4671 3554 4737 vapulassem
3565 4710 3582 4737 ‚
3603 4682 3691 4723 non

2140 4758 2534 4810 reverberassem.
2569 4763 2733 4818 Quum
2752 4760 2917 4825 itaque
2932 4758 3000 4826 [et
3011 4759 3112 4825 lex]
3123 4761 3464 4826 etam-essoris
3472 4762 3692 4829 culpame

2140 4844 2428 4911 absolvant,
2464 4861 2552 4911 ego
2582 4848 2717 4899 nullo
2746 4852 2890 4913 pacto
2915 4848 3160 4905 homicida
3188 4850 3293 4914 ejus
3314 4863 3452 4914 sum3
3478 4850 3691 4901 mortuns

2140 4946 2258 4987 vero
2279 4934 2320 4985 si
2345 4948 2430 4998 per
2453 4935 2781 4987 infelicitatem
2800 4936 3044 5001 quandam
3060 4938 3228 5004 perlit,
3250 4952 3309 4989 ea
3331 4938 3480 5003 ipsius
3499 4939 3571 4989 est
3588 4936 3691 4987 inse-

2140 5021 2295 5074 licitas
2316 5022 2335 5087 (
2352 5022 2522 5073 infelix
2538 5036 2712 5088 nempe
2745 5026 2837 5076 suit
2852 5039 2911 5077 eo
2931 5026 3065 5091 quod
3093 5028 3225 5092 prior
3250 5040 3331 5079 me
3349 5026 3573 5089 incessit)
3590 5041 3606 5088 ς
3624 5023 3689 5073 sin

2142 5111 2411 5162 teneritate
2431 5111 2597 5175 periit,
2620 5112 2739 5163 item
2762 5113 2844 5164 illa
2860 5128 2949 5166 sua
2966 5115 3107 5181 periit
3130 5135 3143 5168 z
3168 5128 3284 5167 nam
3307 5128 3438 5168 sanae
3458 5114 3632 5167 mentis
3654 5107 3690 5160 si

2143 5200 2307 5251 fuisset
2317 5238 2333 5263 ,
2352 5212 2451 5251 non
2467 5200 2766 5254 verberasset
2780 5216 2878 5256 me.
3670 5214 3677 5223 ·

2206 5292 2254 5339 7.
2282 5288 2490 5341 Planum
2502 5290 2595 5343 recl
2620 5294 2923 5345 accusatores
2934 5293 3111 5362 injuste
3131 5304 3298 5359 agere,
3312 5302 3392 5344 me
3404 5290 3677 5345 incusantes
