3825 5842
445 499 526 563 ⁴⁹

442 622 574 703 γάρ,
593 619 684 681 ἐὰν
705 623 852 697 ὑμεῖς
869 618 1327 701 καταψηφίσησθε,
1345 617 1435 677 καὶ
1459 617 1534 695 μὴ
1555 614 1680 676 ὄντα
1697 614 1854 699 φονέα
1875 613 2001 693 μηδ’

444 712 620 792 ἔνοχον
647 712 724 791 τῷ
751 708 887 790 ἔργῳ
911 707 1212 788 χρήσασθαι
1239 712 1304 786 τῇ
1333 706 1453 785 δίκῃ
1475 706 1567 765 καὶ
1589 709 1665 786 τῷ
1687 704 1860 785 νόμῳ,
1890 702 2001 785 εἵρ-

443 803 628 880 γεσθαι
651 796 850 864 πόλεως
869 799 1019 877 ἱερῶν
1041 799 1230 855 θυσιῶν
1257 793 1490 874 ἀγώνων,
1517 793 1650 874 ἅπερ
1671 792 1892 871 με’γιστα
1913 790 2005 849 καὶ

445 884 776 945 παλαιότατα
803 885 908 952 τοῖς
943 882 1246 965 ἀνθρώποις.
1335 886 1386 943 Τ
1387 881 1614 954 οσαύτην
1641 880 1742 962 γὰρ
1771 878 2003 958 ἀνάγκην

446 978 476 1033 ὅ
505 974 660 1053 νόμος
687 972 825 1053 ἔχει,
853 972 990 1031 ὥστε
1027 971 1118 1031 καὶ
1147 970 1208 1030 ἄν
1249 995 1326 1039 τις
1357 970 1540 1052 οκτείνῃ
1581 968 1698 1029 τινὰ
1738 960 1811 1027 ὧν
1853 967 2008 1036 αὐτὸς

367 1086 420 1127 ³5
447 1071 630 1144 κρατεῖ
657 1062 746 1121 καὶ
778 1060 852 1139 μὴ
879 1060 1015 1120 ἔστιν
1043 1064 1072 1120 ὁ
1099 1059 1431 1141 τιμωρήσων,
1458 1058 1526 1140 ,τὸ
1552 1056 1887 1136 νομιζόμενον
1912 1055 2005 1115 καὶ

447 1152 508 1211 τὸ
528 1152 660 1211 θεῖον
682 1148 860 1218 δεδιὼς
878 1149 1084 1229 ἁγνεύει
1108 1172 1167 1208 τε
1189 1148 1370 1208 ἑαυτὸν
1393 1146 1483 1207 καὶ
1505 1146 1748 1226 ἀφέξεται
1769 1136 1841 1205 ὧν
1861 1144 2007 1225 εἴρη-

347 1296 358 1301 -
447 1264 536 1299 ται
561 1244 616 1300 ἐν
637 1243 712 1319 τῷ
734 1237 906 1321 νόμῳ,
933 1238 1152 1308 ἐλπίζων
1179 1237 1341 1305 οὕτως
1369 1236 1432 1297 ἂν
1457 1235 1646 1317 ἄριστα
1675 1232 1903 1315 πράξειν.
1940 1234 2003 1312 (ε)

445 1326 602 1389 Ἔστι
623 1327 716 1406 μὲν
738 1326 840 1408 γὰρ
858 1324 924 1385 τὰ
947 1325 1113 1385 πλείω
1135 1327 1238 1393 τοῖς
1261 1323 1548 1404 ἀνθρώποις
1564 1330 1654 1383 τοῦ
1677 1322 1790 1402 βίου
1818 1323 1872 1381 ἐν
1895 1321 2009 1387 ταῖς

447 1415 668 1483 ἐλπίσιν·
706 1414 912 1476 ἀσεὸῶν
936 1414 990 1473 δὲ
1023 1414 1115 1473 καὶ
1143 1412 1488 1495 παραόαίνων
1523 1410 1590 1470 τὰ
1625 1413 1695 1479 εἷς
1718 1408 1836 1477 τοὺς
1867 1407 2011 1475 θεοὺς

446 1506 538 1566 καὶ
566 1509 724 1578 αὐτῆς
763 1504 826 1565 ἃν
853 1508 949 1575 τῆς
981 1502 1215 1575 ἐλπίδος,
1243 1501 1371 1582 ὅπερ
1397 1502 1508 1561 ἐστὶ
1531 1500 1774 1579 μέγιστον
1805 1497 2005 1579 ἀνθρώ-

448 1618 563 1661 ποις
590 1591 803 1671 ἀγαθόν,
833 1590 986 1658 αὐτὸς
1008 1590 1164 1651 αὑτὸν
1187 1589 1518 1670 ἀποστεροίη.
1603 1590 1714 1649 Καὶ
1745 1588 1910 1655 οὐδεὶς
1946 1586 2009 1646 ἂν

367 1700 424 1739 ιο
449 1680 755 1759 τολμήσειεν
779 1676 897 1737 οὔτε
919 1676 1014 1751 τὴν
1041 1678 1188 1749 δίκην
1213 1676 1308 1750 τὴν
1333 1676 1709 1755 δεδικασμένην
1741 1675 2013 1757 παραὸαί-

450 1791 573 1843 νειν,
597 1768 880 1834 πιστεύσας
907 1764 988 1825 ὅτι
1017 1768 1112 1825 οὐκ
1139 1764 1316 1847 ἔνοχός
1343 1768 1454 1825 ἐστι
1489 1769 1564 1845 τῷ
1597 1764 1764 1846 ἔργῳ,
1805 1762 1912 1824 οὔτ’
1946 1754 2013 1823 αὗ

453 1854 692 1922 συνειδὼς
720 1853 872 1921 αὐτὸς
895 1856 1038 1933 αὑτῶ
1053 1852 1200 1934 ἔργον
1228 1850 1567 1933 εἰργασμένος
1587 1857 1818 1911 τοιοῦτον
1844 1849 1920 1930 μὴ
1951 1854 2010 1912 οὗ

450 1948 678 2025 χρῆσθαι
705 1946 782 2024 τῷ
802 1942 965 2023 νόμῳ·
990 1942 1191 2021 ἀνάγκη
1213 1937 1266 1999 δὲ
1285 1944 1378 2011 τῆς
1398 1963 1454 1999 τε
1481 1940 1626 2011 δίκης
1649 1944 1890 1999 νικᾶσθαι
1907 1962 2015 1998 πα·

456 2031 523 2114 ρὰ
550 2031 610 2090 τὸ
637 2028 852 2106 ἀληθές,
888 2032 1049 2089 αὐτοῦ
1076 2053 1132 2089 τε
1161 2036 1254 2089 τοῦ
1287 2031 1533 2103 ἀληθοῦς,
1559 2028 1657 2088 κᾶν
1687 2027 1761 2107 μὴ
1789 2034 1818 2089 ὁ
1844 2052 2016 2107 τιμω-

457 2120 629 2202 ρήσων
649 2110 707 2200 ᾖ.
813 2120 876 2201 (ο)
909 2121 1094 2180 Αὐτῶν
1118 2116 1172 2178 δὲ
1196 2118 1393 2178 τούτων
1413 2117 1564 2177 ἕνεκα
1587 2115 1640 2178 οἵ
1662 2142 1719 2177 τε
1747 2116 1898 2195 νόμοι
1926 2115 2018 2175 καὶ

455 2213 510 2268 αἱ
533 2206 808 2286 διωμοσίαι
827 2206 917 2267 καὶ
939 2207 1007 2266 τὰ
1031 2205 1190 2285 τόμια
1209 2206 1302 2267 καὶ
1326 2208 1381 2265 αἱ
1397 2204 1706 2287 προρρήσεις
1719 2252 1735 2282 ,
1755 2206 1846 2265 καὶ
1863 2196 2013 2265 τᾶλλ’

456 2296 554 2357 ὅσα
581 2296 778 2376 γίνεται
805 2299 909 2355 τῶν
937 2297 1093 2355 δικῶν
1123 2300 1212 2355 τοῦ
1250 2292 1402 2375 φόνου
1431 2292 1613 2373 ἕνεκα,
1656 2290 1789 2353 πολὺ
1824 2289 2019 2374 διαφέ-

355 2385 614 2469 142ροντοί
639 2388 777 2445 ἐστιν
805 2384 842 2455 ἢ
871 2383 958 2444 ἐπὶ
986 2388 1092 2451 τοῖς
1122 2384 1321 2457 ἄλλοις,
1360 2382 1440 2442 ὅτι
1476 2383 1566 2442 καὶ
1601 2380 1736 2441 αὐτὰ
1761 2380 1828 2440 τὰ
1864 2380 2019 2462 πρά-

455 2496 664 2555 γματα,
683 2472 804 2554 περὶ
830 2462 901 2531 ὧν
922 2474 970 2532 οἱ
989 2472 1214 2532 κίνδυνοι
1230 2516 1246 2545 ,
1279 2471 1398 2553 περὶ
1419 2469 1666 2531 πλείστου
1689 2468 1828 2531 ἐστὶν
1856 2472 2019 2550 ὀρθῶς

458 2562 852 2642 γιγνώσκεσθαι·
880 2562 1042 2640 ὀρθῶς
1065 2559 1161 2638 μὲν
1184 2558 1286 2642 γὰρ
1308 2558 1605 2637 γνωσθέντα
1632 2556 1856 2637 τιμωρία
1877 2555 2019 2616 ἐστὶν

461 2647 588 2731 ὑπὲρ
614 2653 707 2708 τοῦ
731 2640 1084 2725 ἀδικηθέντος,
1108 2646 1265 2728 φονέα
1289 2646 1343 2705 δὲ
1361 2648 1450 2705 τὸν
1472 2644 1546 2725 μὴ
1571 2644 1734 2705 αἴτιον
1757 2648 2019 2726 ψηφισθῆ·

460 2762 547 2797 ναι
569 2736 801 2817 ἁμαρτία
829 2736 918 2795 καὶ
943 2734 1154 2795 ἀσέὸεια
1180 2734 1250 2803 εἷς
1276 2758 1334 2794 τε
1357 2733 1476 2803 τοὺς
1503 2732 1644 2801 θεοὺς
1671 2731 1762 2791 καὶ
1793 2732 1908 2800 τοὺς
1936 2731 2020 2791 νό-

462 2850 605 2905 μους.
693 2824 800 2886 Καὶ
816 2826 909 2885 οὐκ
935 2822 1047 2884 ἴσον
1067 2824 1178 2884 ἐστὶ
1196 2822 1283 2883 τόν
1301 2847 1358 2883 τε
1381 2822 1630 2884 διώκοντα
1654 2820 1728 2900 μὴ
1753 2824 1912 2901 ὀρθῶς
1940 2822 2019 2879 αἷ-

462 2914 740 2975 τιοίσασθαι
758 2912 848 2973 καὶ
871 2916 1004 2991 ὑμᾶς
1021 2911 1138 2981 τοὺς
1161 2910 1409 2981 δικαστὰς
1431 2912 1504 2991 μὴ
1526 2915 1686 2993 ὀρθῶς
1709 2913 1924 2989 γνῶναι.
1948 2908 2017 2970 Ἥ

393 3026 420 3066 ὅ
463 3000 558 3081 μὲν
586 3000 686 3083 γὰρ
726 3000 908 3061 τούτου
955 3000 1179 3069 αἰτίασις
1207 3004 1301 3061 οὐκ
1329 3002 1440 3081 ἔχει
1471 3006 1560 3060 νῦν
1603 3000 1772 3074 τέλος,
1805 3000 1922 3058 ἀλλ’
1968 3000 2020 3057 ἐν

461 3096 581 3170 ὑμῖν
610 3092 720 3150 ἐστι
747 3090 838 3149 καὶ
865 3094 930 3169 τῇ
961 3089 1096 3169 δίκῃ·
1125 3088 1160 3149 ὅ
1180 3114 1230 3149 τι
1262 3092 1307 3149 δ’
1341 3090 1404 3150 ἂν
1434 3094 1578 3169 ὑμεῖς
1608 3088 1683 3167 μὴ
1707 3090 1866 3171 ὀρθῶς
1887 3089 2022 3167 γνῶ-

461 3204 550 3258 τε,
589 3184 742 3239 τοῦτο
774 3179 868 3237 οὐκ
892 3178 1030 3237 ἔστιν
1071 3177 1190 3238 ὅποι
1215 3177 1277 3239 ἂν
1305 3178 1590 3254 ἀνενεγκών
1614 3201 1690 3246 τις
1727 3177 1821 3251 τὴν
1851 3174 2023 3235 αἰτίαν

464 3266 803 3327 ἀπολύσαιτο.

543 3376 591 3416 7.
634 3353 780 3434 Ἐγὼ
822 3353 906 3433 δέ,
935 3345 978 3414 ὦ
1009 3354 1302 3435 ἄνδρες,οὖ
1340 3354 1433 3425 τὴν
1474 3354 1637 3426 αὐτὴν
1667 3351 1880 3432 γνώμην
1916 3351 2023 3432 ἔχω

449 3438 583 3527 ,περὶ
607 3444 700 3513 τῆς
723 3442 1004 3519 ἀπολογίας
1025 3441 1190 3524 ἥνπερ
1215 3444 1263 3501 οἱ
1286 3441 1565 3520 κατήγοροι
1589 3440 1819 3520 περὶτῆς
1851 3463 2023 3511 κατη-

464 3527 661 3610 γορίας.
684 3522 846 3590 Οὗτοι
869 3528 970 3611 γὰρ
1003 3527 1097 3601 τὴν
1121 3530 1216 3605 μὲν
1244 3528 1412 3597 δίωξιν
1433 3527 1697 3595 εὗσεὸείας
1723 3524 1876 3587 ἕνεκά
1895 3550 2024 3609 φασι

467 3618 724 3675 ποιεῖσθαι
751 3616 840 3676 καὶ
869 3622 960 3675 τοῦ
997 3616 1224 3691 δικαίου,
1248 3615 1342 3689 τὴν
1376 3616 1429 3675 δὲ
1466 3615 1782 3696 κατηγορίαν
1811 3614 2023 3674 ἅπασαν

467 3704 774 3777 πεποίηνται
799 3704 1046 3778 διαὸολῆς
1067 3704 1218 3765 ἕνεκα
1241 3704 1330 3765 καὶ
1359 3704 1580 3778 ἀπάτης·
1610 3704 1737 3788 ὅπερ
1765 3702 2024 3763 ἀδικώτα-

389 3801 440 3843 10
465 3790 553 3851 τόν
583 3794 692 3852 ἐστι
725 3796 828 3852 τῶν
854 3794 907 3852 ἐν
950 3792 1253 3875 ἀνθρώποις·
1289 3793 1380 3853 καὶ
1411 3795 1505 3853 οὐκ
1542 3790 1862 3872 ἐλέγξαντες,
1903 3791 2026 3851 εἴτι

467 3882 650 3954 ἀδικῶ,
669 3882 880 3951 δικαίως
900 3906 966 3961 με
984 3880 1256 3962 βούλονται
1277 3887 1633 3964 τιμωρεῖσθαι,
1655 3880 1792 3941 ἀλλὰ
1813 3879 2028 3940 διαὸάλ-

465 3972 666 4045 λοντες,
700 3970 789 4030 καὶ
817 3973 862 4030 εἰ
887 3970 1051 4050 μηδὲν
1074 3974 1267 4046 ἀδικῶ,
1295 3974 1556 4049 ζημιῶσαι
1576 3971 1666 4031 καὶ
1690 3968 1931 4039 ἐξελάσαι
1966 3971 2024 4028 ἐκ

466 4062 560 4130 τῆς
580 4063 676 4138 γῆς
690 4059 901 4132 ταύτης.
969 4058 1044 4144 ’(8)
1071 4058 1221 4139 Ἐγὼ
1237 4060 1292 4121 δὲ
1316 4059 1441 4130 ἀξιῶ
1460 4062 1665 4141 πρῶτον
1681 4056 1775 4136 μὲν
1795 4056 1915 4138 περὶ
1940 4058 2027 4115 αὖ·

466 4152 558 4208 τοῦ
584 4153 673 4207 τοῦ
701 4148 1007 4231 πράγματος
1029 4148 1322 4230 κρίνεσθαι,
1343 4146 1432 4207 καὶ
1454 4146 1802 4226 διηγήσασθαι
1820 4148 1873 4205 ἐν
1901 4148 2025 4221 ὑμῖν

467 4234 535 4293 τὰ
564 4236 816 4314 γενόμενα
852 4237 1043 4297 πάντα·
1085 4236 1266 4297 ἔπειτα
1304 4237 1424 4318 περὶ
1451 4240 1550 4296 τῶν
1590 4235 1764 4295 ἄλλων
1787 4225 1858 4293 ὧν
1887 4224 2027 4293 οὗτοι

469 4327 862 4401 κατηγοροῦσιν,
887 4322 975 4383 ἐὰν
996 4328 1117 4401 ὑμῖν
1142 4323 1415 4402 ἡδομένοις
1429 4316 1468 4397 ,·“’
1471 4322 1800 4402 βουλήσομαι
1835 4322 2027 4380 ἀπολο-

393 4442 443 4482 15
469 4407 747 4489 γήσασθαι.
787 4408 1052 4488 Ἧγοῧμαι
1078 4413 1179 4490 γάρ
1199 4434 1286 4488 μοι
1318 4410 1476 4486 τιμὴν
1501 4410 1591 4468 καὶ
1617 4408 1870 4489 ὠφέλειαν
1891 4407 2027 4468 αὐτὰ

471 4492 645 4569 οἴσειν,
677 4504 780 4562 τοῖς
803 4495 858 4555 δὲ
889 4496 1195 4577 κατηγόροις
1212 4496 1426 4563 καὶτοῖς
1449 4495 1816 4576 ἐπηρεάζουσιν
1839 4496 2017 4575 αἰσχύ·

471 4604 580 4655 νην·
667 4580 724 4664 (a)
746 4584 861 4643 ἐπεί
883 4584 962 4644 τοί
981 4608 1039 4663 γε
1067 4584 1155 4645 καὶ
1179 4582 1362 4662 δεινόν,
1391 4573 1434 4643 ὦ
1464 4583 1658 4664 ἄνδρες·
1681 4582 1768 4642 ἵνα
1793 4582 1886 4660 μὲν
1909 4584 2027 4657 ἐξῆν

472 4674 669 4744 αὐτοῖς,
693 4671 741 4730 εἴ
772 4696 823 4731 τι
851 4671 954 4751 ἐγὼ
977 4672 1186 4745 ἠδίκουν
1212 4672 1308 4745 τὴν
1343 4672 1493 4733 πόλιν
1518 4670 1553 4743 ἢ
1583 4674 1635 4729 ἐν
1661 4671 1890 4754 χορηγίᾳ
1918 4671 1951 4743 ἢ
1977 4675 2029 4731 ἐν

473 4760 648 4827 ἄλλοις
659 4760 816 4839 τισίν,
835 4762 1134 4843 ἀποφήνασι
1149 4752 1240 4821 καὶ
1255 4760 1576 4840 ἐξελέγξασιν
1595 4760 1758 4843 ἄνδρα
1771 4784 1829 4820 τε
1847 4762 2030 4841 ἐχθρὸν

471 4848 870 4929 τιμωρήσασθαι
909 4850 998 4910 καὶ
1029 4848 1125 4923 τὴν
1160 4850 1310 4911 πόλιν
1347 4852 1647 4933 ὠφελῆσαι,
1687 4853 1904 4909 ἐνταῦθα
1936 4850 2031 4924 μὲν

472 4934 635 5003 οὗδεὶς
666 4934 877 4995 πώποτε
908 4928 1076 4997 οἶόστε
1105 4936 1304 5017 ἐγένετο
1335 4940 1505 4997 αὐτῶν
1540 4936 1656 4997 οὔτε
1703 4937 1886 5018 μικρὸν
1914 4936 2030 4996 οὔτε

475 5023 611 5105 μέγα
640 5024 844 5105 ἐλέγξαι
881 5027 1156 5086 ἀδικοῦντα
1186 5026 1333 5085 τόνδε
1363 5025 1448 5086 τὸν
1475 5026 1638 5108 ἄνδρα
1661 5027 1719 5085 τὸ
1751 5029 1945 5098 πλῆθος
1972 5026 2031 5086 τὸ

391 5126 446 5169 2⁰
474 5113 736 5195 ὑμέτερον·
767 5116 819 5173 ἐν
848 5113 903 5173 δὲ
929 5114 1096 5196 τούτῳ
1131 5118 1205 5196 τῷ
1234 5116 1420 5194 ἀγῶνι,
1448 5114 1604 5196 φόνου
1631 5113 1896 5181 διώκοντες
1941 5113 2031 5172 καὶ

477 5206 566 5259 τοῦ
593 5202 753 5281 νόμου
795 5203 955 5273 οὕτως
983 5202 1213 5283 ἔχοντος,
1241 5204 1310 5269 εἷς
1343 5202 1469 5262 acri>
1511 5202 1570 5263 τὸ
1605 5213 1824 5285 πρᾶγμα
1865 5228 2030 5279 κατη-

1332 480 1832 547 ΑΝΤΙΦΩΝΤΟΣ
1869 482 1921 542 Ο
1954 481 2145 543 ΠΕΡΙ
2182 480 2330 542 ΤΟΥ
2370 477 2797 541 ΧΟΡΕΥΤΟΥ.

3346 479 3615 556 (vu—m
3630 476 3651 557 l

2090 637 2207 678 vero
2230 624 2475 688 praev-iet.
2555 624 2623 686 (4)
2642 626 2801 682 Quem
2826 624 2954 673 enim
2974 635 3063 675 vos
3092 624 3557 688 condamnet-itis,
3581 630 3659 675 ta-

2092 714 2231 763 metsi
2256 726 2353 763 non
2377 713 2441 763 sit
2462 712 2706 763 homicida
2734 713 2973 763 etmanus
2990 712 3033 763 ei
3056 713 3153 763 sint
3172 725 3204 762 a
3226 726 3401 764 cruore
3426 714 3623 765 uatactae
3640 752 3658 777 ,

2092 804 2257 853 tamen
2281 802 2519 853 sententia
2534 803 2695 853 vestra
2722 803 3025 866 acquiescere
3040 802 3212 864 debet,
3231 803 3364 853 etex
3382 802 3489 865 lege
3506 802 3664 852 absti-

2092 889 2228 941 nebit
2257 902 2311 939 se
2334 890 2601 940 necessario
2624 904 2653 940 a
2678 890 2783 940 solo
2810 891 2998 954 patrio,
3029 903 3060 940 a
3090 890 3215 940 fanis
3242 891 3294 939 et
3324 889 3602 950 sacrificiis,
3630 903 3665 939 a

2095 978 2247 1041 ludis,
2286 992 2398 1042 quae
2434 979 2595 1029 omnia
2632 978 2907 1029 homiuibus
2926 978 3084 1030 solent
3112 992 3219 1029 esse
3238 979 3487 1029 carissima
3517 981 3665 1041 atque

2094 1067 2438 1130 antiquissima.
2462 1068 2617 1118 Tanta
2632 1067 2749 1129 legis
2764 1068 2837 1118 est
2853 1068 3108 1118 necessitas
3118 1104 3134 1131 ,
3152 1068 3209 1117 ιιι
3226 1062 3421 1117 tametsi
3442 1069 3499 1116 tu
3521 1080 3665 1115 mau-

2096 1157 2253 1221 cipem
2270 1157 2411 1206 tuum
2430 1154 2689 1218 occideris,
2708 1157 2789 1207 cui
2808 1156 2973 1206 nullus
2996 1156 3129 1206 ultor
3156 1156 3246 1217 sit,
3272 1158 3331 1205 tu
3352 1156 3521 1205 tam-
3546 1158 3667 1206 ritus

2098 1248 2275 1299 vetusti
2300 1249 2351 1298 et
2371 1246 2519 1298 divini
2550 1246 2761 1296 numinis
2784 1244 3075 1296 verecundia
3098 1247 3151 1295 te
3176 1245 3467 1309 expiandum
3496 1258 3667 1307 cures,

2097 1337 2430 1400 abstmeasque
2446 1335 2625 1399 quibus
2640 1334 2727 1385 tibi
2744 1334 2827 1385 lex
2842 1332 3105 1384 interdicit.
3188 1334 3256 1395 (5)
3286 1334 3553 1385 Felicitatis
3576 1334 3668 1383 hu-

2099 1438 2256 1475 manae
2282 1438 2393 1489 pars
2412 1422 2723 1488 potissimain
2745 1436 3076 1487 spcsuspensa
3097 1424 3171 1472 est
3204 1422 3319 1472 :sed
3349 1422 3479 1472 hanc
3512 1423 3669 1485 ipsam

2100 1528 2262 1578 spem,
2284 1526 2531 1565 summum
2564 1512 2680 1563 vitm
2711 1512 2935 1561 inumanae
2960 1511 3173 1572 bonum,
3205 1511 3306 1575 ipse
3326 1510 3417 1561 sibi
3444 1514 3673 1574 amputat

2100 1601 2141 1651 is
2152 1638 2167 1663 ,
2186 1600 2272 1664 qui
2290 1600 2539 1663 religiones
2550 1597 2751 1649 deorum
2770 1600 2986 1650 temerat.
3003 1601 3171 1663 Neque
3188 1602 3261 1651 est
3274 1613 3401 1650 unus
3416 1601 3641 1651 omnium
3654 1638 3671 1663 ,

2101 1690 2186 1752 qui
2200 1723 2216 1751 ,
2234 1702 2293 1739 eo
2316 1688 2445 1753 quod
2469 1688 2561 1739 sibi
2578 1686 2773 1739 sceleris
2790 1688 2935 1751 huius
2951 1688 3195 1739 commissi
3212 1701 3311 1739 non
3331 1690 3395 1739 sit
3414 1691 3644 1740 conscius
3656 1728 3671 1752 ‚

2102 1790 2368 1842 repugnare
2385 1776 2561 1829 audeat
2580 1774 2833 1828 seutentiae
2856 1777 3075 1840 judicum
3094 1778 3155 1828 de
3171 1791 3222 1829 se
3238 1778 3379 1841 latae,
3398 1792 3497 1841 qua
3514 1780 3671 1829 homi·

2103 1866 2214 1917 cidii
2232 1866 2581 1917 condemnatus
2597 1866 2687 1928 sit3
2706 1865 2789 1916 sed
2808 1879 3003 1917 necesse
3026 1868 3101 1917 est
3120 1865 3191 1916 illi
3207 1868 3675 1930 ser-vireseutmtiae,

2102 1956 2325 2019 quamvis
2354 1968 2470 2005 vero
2506 1955 2735 2017 repugnet
2762 1972 2775 2003 ι
2810 1955 2861 2002 et
2888 1953 3047 2016 ipsum
3082 1964 3255 2003 verum
3294 1966 3486 2004 necesse
3512 1958 3589 2005 est
3616 1958 3679 2005 ut

2102 2044 2430 2106 obmutescat,
2450 2042 2715 2107 prasertim
2738 2042 2779 2091 si
2802 2040 2926 2091 desit
2953 2042 3035 2104 qui
3062 2041 3144 2104 jus
3172 2040 3396 2092 vindicet.
3461 2042 3535 2107 (6)
3562 2047 3679 2102 Qua

2095 2109 2167 2182 'de
2196 2146 2340 2183 causa
2370 2133 2421 2183 et
2445 2132 2606 2194 legum
2630 2130 2909 2194 capitalium
2933 2128 3303 2193 diligentissimae
3336 2130 3589 2182 cautiones
3622 2134 3677 2183 et

2105 2223 2403 2273 sacramenta
2424 2220 2669 2284 utrimque
2704 2219 2905 2270 dicenda
2936 2220 2985 2269 et
3017 2220 3241 2270 extorum
3272 2219 3598 2283 presel-,tiones
3623 2224 3679 2270 et

2106 2311 2491 2363 denuntiationes
2508 2308 2571 2360 de
2598 2309 2718 2360 locis
2748 2310 2907 2360 vetitis
2922 2311 2971 2360 et
3000 2309 3185 2372 reliqua
3206 2309 3416 2358 multum
3438 2307 3683 2359 differunt

2106 2400 2169 2450 ab
2194 2399 2253 2449 iis
2264 2435 2279 2461 ,
2306 2411 2418 2462 quae
2431 2398 2483 2447 in
2503 2398 2607 2447 aliis
2624 2397 2894 2447 actionibus
2910 2396 3015 2447 {ieri
3031 2396 3212 2457 solent3
3231 2409 3309 2446 res
3324 2409 3497 2459 nempe
3514 2396 3648 2459 ipsas
3663 2434 3679 2457 ,

2107 2488 2168 2537 de
2194 2486 2368 2551 quibus
2390 2487 2470 2535 hic
2486 2486 2658 2549 agitur,
2676 2488 2809 2535 recto
2824 2484 3005 2547 judicio
3036 2484 3317 2547 disceptari,
3346 2496 3493 2547 quam
3519 2484 3681 2547 pluri-

2106 2580 2244 2618 mum
2270 2567 2415 2617 refert
2446 2586 2457 2617 :
2483 2566 2533 2615 id
2560 2566 2689 2616 euim
2714 2565 2755 2615 si
2782 2565 2865 2615 ilat
2878 2602 2892 2626 ,
2918 2566 3101 2616 ultione
3130 2564 3300 2614 satisfit
3330 2563 3559 2614 manibus
3592 2578 3684 2628 pu

2110 2656 2245 2705 nefas
2268 2654 2503 2717 perempti
2514 2670 2531 2717 ;
2568 2654 2643 2703 sin
2672 2655 2836 2704 autem
2866 2652 3031 2716 iniqua
3062 2653 3298 2703 sententia
3334 2651 3480 2702 homo
3510 2652 3685 2703 insons

2108 2744 2415 2808 percellatur,
2443 2756 2541 2792 non
2560 2742 2603 2793 is
2622 2755 2756 2793 error
2780 2741 2926 2791 modo
2948 2741 3049 2803 est,
3076 2740 3160 2791 sed
3182 2741 3327 2791 etiam
3356 2740 3573 2792 numinis
3602 2742 3685 2791 di·

2110 2832 2210 2881 viui
2228 2832 2485 2895 legumque
2504 2832 2827 2881 humanarum
2848 2829 3061 2879 violatio.
3087 2832 3255 2892 Neque
3280 2828 3477 2892 perinde
3496 2832 3575 2880 oet
3594 2844 3683 2880 ac-

2110 2922 2379 2972 cusatorem
2398 2932 2645 2984 perperam
2668 2932 2893 2969 accusare
2907 2955 2921 2981 ,
2948 2919 3095 2981 atque
3112 2932 3200 2968 vos
3217 2917 3401 2980 judices
3422 2932 3683 2982 perperam

2107 3009 2340 3072 judicare.
2362 3009 2615 3059 Accusatio
2638 3007 2767 3057 enim
2785 3007 2913 3057 illius
2934 3007 2985 3056 in
3008 3019 3059 3057 se
3075 3008 3176 3056 vim
3198 3007 3358 3056 exitus
3379 3006 3565 3056 nullam
3590 3008 3682 3057 ba-

2110 3095 2193 3145 bet
2208 3132 2224 3157 ,
2246 3095 2298 3146 at
2314 3096 2365 3144 in
2382 3096 2545 3144 vestra
2560 3094 2794 3145 sententia
2812 3094 2897 3144 illa
2917 3094 3042 3145 inest
3058 3094 3269 3145 efficacia
3294 3113 3307 3144 ι
3336 3094 3573 3158 quicquid
3592 3110 3685 3146 vos

2112 3182 2269 3233 secius
2290 3181 2621 3244 deci-eventia,
2650 3181 2699 3231 id
2722 3195 2821 3245 quo
2854 3182 3069 3233 referatis
3082 3219 3096 3245 ,
3119 3181 3188 3231 nil
3206 3182 3419 3247 habetis,
3442 3196 3543 3247 quo
3570 3184 3685 3235 cu!-

2112 3283 2224 3334 pam
2243 3271 2472 3335 purgetis.

2174 3364 2221 3411 7.
2256 3362 2357 3423 Ego
2373 3372 2517 3421 vero,
2541 3358 2659 3422 viri,
2690 3358 2753 3409 de
2768 3358 3042 3410 defensione
3072 3373 3169 3410 non
3191 3359 3319 3411 idem
3344 3360 3523 3423 sentio,
3544 3362 3687 3425 quod

2112 3450 2413 3499 accusatores
2428 3448 2493 3499 de
2512 3447 2818 3499 accusatione
2836 3448 3064 3501 sentiunt.
3084 3452 3207 3499 Nam
3225 3449 3277 3499 hi
3294 3464 3449 3513 quum
3466 3464 3519 3501 se
3536 3463 3685 3501 accu-

2112 3549 2217 3587 sare
2238 3536 2371 3585 aiant
2387 3536 2577 3600 pietatis
2598 3537 2647 3586 et
2675 3536 2917 3599 aequitatis
2936 3550 3049 3599 ergo
3062 3571 3077 3598 ,
3095 3538 3250 3587 totam
3284 3540 3447 3589 lamen
3474 3552 3682 3590 acc-usa-

2113 3626 2293 3675 tlonem
2314 3637 2373 3674 eo
2398 3624 2764 3687 compararunt,
2794 3638 2892 3687 quo
2916 3637 2995 3675 me
3027 3624 3277 3675 calumniis
3312 3639 3513 3677 exosum
3539 3628 3686 3678 vobis

2114 3712 2342 3775 reddant,
2384 3714 2433 3763 et
2470 3725 2557 3762 vos
2600 3712 3005 3776 circumveniant5
3038 3727 3150 3777 qum
3188 3714 3319 3764 fraus
3343 3715 3415 3765 est
3450 3715 3683 3765 fraudum

2112 3803 2348 3865 omnium,
2363 3815 2485 3865 quaa
2500 3801 2711 3851 humana
2722 3814 2859 3851 meus
2869 3802 3278 3864 comminiscetur,
3291 3802 3553 3854 teterrima.
3572 3806 3681 3854 Non

2114 3890 2208 3940 hoc
2236 3891 2412 3953 agunt,
2434 3892 2491 3940 ut
2522 3890 2717 3953 planum
2740 3889 2916 3940 faciant
2940 3902 3021 3941 me
3044 3892 3199 3940 scelus
3229 3890 3501 3957 admisisse,
3524 3906 3685 3957 eoque

2118 3978 2245 4029 facto
2258 4014 2271 4039 ‚
2287 3978 2344 4027 ut
2361 3991 2527 4041 poenas
2544 3977 2657 4027 dem
2673 3978 2891 4039 meritas3
2911 3976 2997 4027 sed
3014 3976 3161 4037 istud,
3184 3980 3241 4029 ut
3253 4014 3269 4040 ,
3290 3980 3477 4029 tametsi
3496 3980 3682 4044 insons,

2114 4066 2327 4129 ipsorum
2345 4065 2549 4115 obrutus
2566 4065 2842 4128 calumnas,
2863 4065 3069 4116 mulctet
3088 4066 3201 4115 etin
3220 4066 3420 4116 exilium
3442 4080 3573 4131 agar.
3613 4073 3683 4131 (ε)

2115 4157 2215 4217 Ego
2228 4168 2345 4204 vero
2358 4156 2470 4205 ante
2480 4154 2641 4203 omnia
2655 4166 2756 4203 rem
2775 4154 2957 4217 gestam
2971 4166 3035 4204 ex
3048 4152 3214 4204 ordine
3230 4167 3469 4217 exponam
3484 4193 3501 4219 ,
3516 4157 3567 4206 et
3586 4160 3683 4207 cri·

2116 4242 2259 4293 minis
2274 4242 2449 4306 ipsius,
2470 4242 2608 4305 cujus
2624 4241 2893 4305 insimulor,
2918 4243 3151 4293 rationem
3171 4240 3367 4293 reddam
3390 4263 3403 4295 ε
3425 4242 3627 4309 deiude,
3642 4248 3683 4297 si

2116 4345 2203 4382 vos
2220 4331 2385 4382 audire
2397 4330 2605 4393 Juverit,
2624 4330 2781 4381 -etiam
2802 4330 3009 4395 reliquas
3030 4330 3205 4381 horum
3223 4332 3577 4383 criminationes
3604 4335 3681 4384 di·

2118 4420 2266 4470 luam.
2284 4420 2423 4469 Unde
2439 4432 2610 4470 censeo
2626 4418 2743 4469 mibi
2752 4417 2900 4469 decus
2916 4421 3063 4482 atque
3078 4419 3300 4482 salutem,
3316 4419 3521 4472 inimicis
3538 4423 3589 4472 et
3606 4436 3681 4472 ca·

2118 4509 2485 4560 lumniatoribus
2498 4508 2804 4572 ignominiam
2824 4509 2941 4559 sore.
2965 4508 3033 4573 (9)
3046 4511 3107 4559 Et
3124 4510 3337 4571 proiecto
3355 4510 3547 4561 infanda
3560 4514 3681 4563 mihi

2116 4598 2179 4648 ab
2208 4598 2284 4649 liis
2298 4599 2459 4649 oblata
2478 4600 2553 4648 aet
2576 4598 2767 4660 iniuria.
2832 4602 2955 4648 Nam
2985 4597 3160 4660 quibus
3184 4598 3382 4661 licebat,
3402 4599 3443 4649 si
3460 4601 3576 4662 quid
3596 4603 3681 4651 aut

2118 4685 2303 4735 edendo
2323 4698 2520 4735 munere
2533 4686 2619 4735 aut
2640 4685 2733 4735 alio
2752 4686 2979 4748 quopiam
3002 4684 3147 4735 modo
3164 4686 3215 4735 in
3234 4687 3583 4750 rempublicam
3600 4690 3679 4739 de-

2117 4774 2361 4837 liquissem
2376 4810 2391 4835 ,
2416 4772 2465 4823 id
2484 4772 2696 4825 indicare
2716 4775 2861 4836 atque
2884 4786 3140 4835 coarguere
3153 4810 3168 4836 ,
3186 4775 3319 4837 quod
3338 4775 3565 4825 facientes
3584 4791 3679 4827 una

2118 4863 2363 4913 hominem
2384 4861 2475 4911 sibi
2499 4860 2724 4911 infestum
2742 4863 2900 4912 oesent
2916 4860 3006 4911 ulti
3025 4860 3153 4912 etde
3170 4862 3414 4925 republica
3435 4864 3560 4914 bene
3582 4880 3679 4917 me·

2118 4952 2223 5014 riti3
2254 4951 2303 5000 hi
2320 4950 2569 5000 cernentes
2584 4950 2675 5000 sibi
2700 4952 2925 5013 negatum
2940 4987 2955 5013 ,
2988 4952 3043 5000 ut
3060 4950 3211 5000 ullam
3232 4964 3261 5000 a
3282 4965 3363 5002 me
3381 4952 3555 5003 saetam
3584 4956 3674 5005 rei-

2118 5040 2323 5104 publicoe
2336 5038 2559 5101 injuriam
2577 5039 2677 5089 sive
2695 5052 2919 5103 magnam
2936 5040 3037 5090 sive
3054 5053 3251 5103 parvam
3266 5040 3674 5108 demonstrarent,

2113 5129 2214 5191 jam
2237 5128 2423 5178 actione
2454 5126 2699 5177 homicidii
2726 5141 2805 5178 me
2831 5128 3099 5189 incessunt,
3122 5130 3174 5179 ct
3198 5142 3349 5193 quum
3377 5129 3455 5181 lex
3493 5134 3675 5197 edicat,

2118 5218 2173 5265 ut
2191 5216 2437 5267 accusator
2458 5214 2575 5266 nihil
2600 5214 2691 5266 nisi
2716 5216 2873 5279 ipsum
2891 5215 3036 5266 coedis
3053 5216 3235 5267 crimen
3251 5220 3445 5282 arguat,
3470 5220 3519 5270 hi
3539 5235 3677 5273 accu-

477 5298 665 5372 γορεῖν,
686 5296 1026 5374 μηχανῶνται
1063 5294 1144 5353 ἐπ’
1171 5292 1262 5370 ἐμὲ
1281 5292 1462 5373 λόγους
1491 5293 1692 5377 ψευδεῖς
1719 5297 2033 5365 συντιθέντες
2070 5330 2077 5347 2
2112 5304 2286 5355 sationi
2313 5316 2411 5355 suae
2429 5304 2780 5356 commentitias
2810 5304 3083 5357 immiscent
3112 5306 3453 5370 praetensioues
3502 5312 3679 5374 quibus
