3825 5842
115 452 368 531 'ssa—ses)

974 452 1222 513 LYSIAE
1265 452 1569 515 CONTRA
1611 454 2077 517 ALCIBIADEM
2120 457 2243 517 ΟΒ.
2288 456 2366 515 11.

3168 468 3279 521 169

67 610 80 641 τ.
101 587 184 641 τῶν
219 578 484 661 σφετέρων
523 580 690 639 αὐτῶν
725 582 900 647 κακῶς
940 578 1342 660 βουλευσάμενοι
1369 579 1489 661 περὶ
1527 583 1632 639 τῶν
1729 582 1812 631 ubi
1835 582 1935 631 suis
1975 580 2120 633 rebus
2156 582 2359 645 pessime
2392 583 2748 647 consuluerint,
2785 583 2849 635 de
2882 585 3053 636 vestris
3096 589 3285 639 concio·

107 668 342 749 ὑμετέρων
366 669 774 745 δημηγοροῦσιν.

166 778 230 815 ιε.
273 755 421 833 Ἐγὼ
451 753 548 832 μὲν
572 746 660 813 οὖν
687 758 757 821 ὣς
777 754 1034 833 ἐδυνάμην
1061 754 1250 835 ἄριστα
1279 754 1637 837 κατηγόρηκα,

103 844 364 918 ἐπίσταμαι
391 842 440 901 δ’
479 841 560 901 ὅτι
585 845 632 901 ot
665 839 760 919 μὲν
797 842 946 901 ἄλλοι
987 846 1088 901 τῶν
1133 842 1477 922 ἀκροωμένων
1507 849 1639 903 θαυ-

103 936 357 1011 μείζουσιν,
387 930 536 997 ὅπως
553 932 670 989 ποθ’
704 929 865 997 οὕτως
891 930 1118 1011 ἀκριὸῶς
1144 930 1394 1004 ἐδυνήθην
1418 930 1637 1013 ἐξευρεῖν

101 1021 156 1081 τὰ
170 1018 351 1079 τούτων
386 1018 788 1099 ἁμαρτήματα,
813 1008 955 1085 οὗτος
993 1018 1048 1077 δέ
1085 1043 1186 1097 μου
1228 1022 1530 1099 καταγελᾷ,
1559 1019 1639 1079 ὅτι

103 1108 198 1167 οὐδὲ
223 1107 512 1167 πολλοστὸν
547 1105 701 1185 μέρος
729 1106 914 1187 εἴρηκα
942 1110 1045 1165 τῶν
1073 1105 1270 1175 τούτοις
1298 1108 1636 1189 ὑπαρχόντων

102 1200 270 1255 κακῶν.
355 1193 448 1276 (⁴7)
489 1193 678 1271 Ὑμεῖς
705 1185 795 1252 οὗν
822 1194 912 1253 καὶ
933 1192 1008 1252 ’τὰ
1037 1195 1287 1277 εἰρημένα
1315 1196 1404 1255 καὶ
1431 1198 1498 1255 τὰ
1535 1220 1640 1255 πα·-

49 1300 86 1336 ιυ
105 1282 460 1364 ραλελειμμένα
492 1281 926 1359 ἀναλογισάμενοι
951 1280 1084 1340 πολὺ
1115 1286 1316 1361 μᾶλλον
1342 1288 1497 1344 αὐτοῦ
1539 1308 1639 1343 κα-

100 1370 466 1453 ταψηφίσασθε,
521 1369 888 1444 ἐνθυμηθέντες
933 1368 1014 1428 ὅτι
1059 1369 1232 1451 ἔνοχος
1279 1371 1372 1449 μέν
1422 1374 1533 1431 ἐστι
1572 1376 1638 1453 τῇ

103 1464 282 1538 γραφῇ,
309 1456 520 1535 μεγάλη
551 1458 598 1513 δ’
617 1453 830 1535 εὐτυχία
863 1455 921 1514 τὸ
948 1456 1191 1516 τοιούτων
1216 1460 1442 1517 πολιτῶν
1465 1462 1636 1520 ἀπαλ-

105 1550 296 1623 λαγῆναι
317 1544 490 1603 πόλει.
595 1544 875 1623 Ἀνάγνωθι
915 1544 960 1602 δ’
1001 1548 1174 1611 αὐτοῖς
1202 1546 1318 1615 τοὺς
1337 1545 1525 1625 νόμους
1547 1546 1639 1607 καὶ

104 1635 200 1701 τοὺς
223 1633 394 1712 ὅρκους
433 1631 528 1691 καὶ
552 1634 648 1702 τὴν
689 1632 914 1712 γραφήν·
959 1632 1053 1691 καὶ
1092 1633 1290 1695 τούτων
1315 1636 1639 1714 μεμνημένοι

103 1726 380 1802 ψηφιοῦνται
399 1718 470 1777 τὰ
493 1718 698 1781 δίκαια.

457 1866 697 1913 ΠΟΜΟΙ.
741 1865 957 1915 ΟΡΚΟῙ.
1000 1866 1230 1915 rnen.

675 2043 1042 2071 ψ

793 2212 924 2273 XV.

51 2426 89 2467 la
230 2406 420 2468 KATA
461 2399 940 2465 ΑΛΚιΒιΑΔοΥ
978 2356 1486 2465 ΑΣΤΡΑΤΕιΛὲ.

176 2597 301 2677 Ἐγὼ
314 2595 424 2677 μέν,
439 2586 485 2657 ὦ
507 2596 698 2678 ἄνδρες
725 2594 988 2674 δικασταί,
1011 2595 1102 2655 καὶ
1131 2599 1268 2675 ὑμᾶς
1296 2599 1543 2676 αἰτοῦμαι
1567 2596 1634 2658 τὰ

111 2686 255 2745 δίκαια
275 2685 640 2767 ψηφίσασθαι,
682 2684 897 2743 καὶτῶν
941 2689 1244 2766 στρατηγῶν
1270 2683 1484 2763 δέομαι,
1517 2685 1632 2747 ἐπεὶ

109 2768 181 2832 καὶ
201 2776 247 2832 ἐν
272 2778 331 2846 τῆ
359 2771 496 2852 ἄλλῃ
548 2776 686 2853 ἀρχῇ
716 2774 909 2831 πολλοῦ
946 2771 1077 2841 ἄξιοι
1105 2777 1170 2851 τῇ
1195 2770 1344 2831 πόλει
1372 2772 1635 2853 γεγόνασι,

49 2882 88 2919 20
108 2862 178 2919 καὶ
198 2841 425 2941 περῖτῶν
455 2865 562 2933 τῆς
589 2859 900 2941 ἀστρατείας
929 2863 1142 2942 γραφῶν
1171 2858 1369 2927 κοινοὺς
1409 2851 1540 2919 εἶναι
1560 2865 1636 2943 τῷ

109 2972 152 3006 τε
171 2947 380 3007 διώκοντι
400 2948 491 3007 καὶ
509 2952 598 3029 τῷ
617 2946 882 3030 φεύγοντι,
911 2947 1001 3005 καὶ
1025 2946 1100 3025 μὴ
1135 2951 1450 3028 βοηθοῦντας
1473 2952 1543 3015 ὡς
1570 2948 1633 3007 ἂν

113 3034 354 3113 βούλωνται
389 3044 575 3093 πᾶσαν
617 3034 916 3116 προθυμίαν.
951 3033 1090 3113 ἔχειν
1135 3034 1282 3115 παρὰ
1325 3035 1384 3094 τὸ
1433 3036 1630 3095 δίκαιον

113 3127 218 3198 ὑμᾶς
236 3122 575 3204 ψηφίσασθαι,
606 3124 670 3203 (2)
697 3120 1097 3200 ἐνθυμουμένους
1124 3122 1204 3183 ὅτι
1223 3122 1404 3207 σφόδρ’
1425 3124 1487 3185 ἂν
1508 3129 1638 3203 ἠγα-

109 3220 336 3283 νακτεῖτε,
364 3214 410 3269 εἰ
444 3214 500 3269 ἐν
529 3216 602 3291 τῇ
647 3208 872 3291 ὑμετέρᾳ
912 3211 1200 3294 δοκιμασίᾳ
1239 3216 1287 3271 οἱ
1330 3214 1635 3289 θεσμοθέται

111 3298 354 3365 ἀναθέντες
397 3302 548 3375 ἱμῶν
591 3298 793 3358 ἐδέοντο
832 3298 1325 3381 καταψηφίσασθαι,
1355 3298 1635 3380 ἡγούμενοι

59 3403 94 3441 2⁵
113 3386 242 3445 δεινὸν
265 3378 422 3463 εἶναι,
446 3389 494 3445 εἰ
521 3389 575 3444 οἱ
619 3384 842 3453 τιθέντες
877 3386 966 3446 τὸν
1009 3390 1186 3467 ἀγῶνα
1223 3386 1313 3447 καὶ
1340 3386 1434 3459 τὴν
1465 3390 1636 3470 ψῆφον

113 3473 297 3543 διδόντες
331 3498 406 3533 πα
443 3474 822 3534 ακελεύσονται
862 3478 964 3533 τῶν
1003 3474 1098 3553 μὲν
1141 3472 1214 3553 μὴ
1245 3476 1638 3558 [καταψηφίζε-

113 3568 232 3633 σθαι,
256 3567 351 3621 τῶν
378 3498 469 3643 ὃς]
509 3561 987 3643 καταψηφίζεσθαι.
1070 3564 1136 3642 (3)
1173 3564 1245 3623 Τί
1267 3563 1311 3622 δ’
1343 3563 1406 3623 ἂν
1431 3564 1634 3644 αἴσχιον

111 3650 196 3717 ἔθος
219 3648 249 3721 ἢ
275 3651 551 3732 δεινότερον
588 3659 811 3731 πρᾶγμα
839 3649 1022 3709 τούτου
1064 3653 1127 3731 τῇ
1159 3650 1309 3711 πόλει
1342 3649 1561 3730 γένοιτο,
1592 3655 1637 3712 εἷ

111 3738 324 3815 τολμήσει
361 3744 388 3798 ὁ
427 3738 524 3818 μὲν
557 3738 740 3820 ἄρχων
782 3740 834 3797 ἐν
870 3745 983 3805 ταῖς
1015 3741 1116 3797 τῶν
1154 3737 1448 3820 ἐπικλήρων
1473 3739 1638 3809 δίκαις

113 3826 362 3886 ἀντιὸολεῑν
391 3826 485 3885 καὶ
510 3824 764 3885 ἱκετεύειν
799 3824 916 3892 τοὺς
945 3823 1192 3892 δικαστὰς
1213 3824 1245 3883 ὅ
1263 3848 1314 3883 τι
1350 3824 1414 3883 ἂν
1445 3824 1635 3906 βούλη·

111 3938 180 3971 ται
201 3918 515 3996 πραχθῆναι,
541 3918 572 3973 ὁ
597 3912 652 3972 δὲ
677 3912 1007 3993 πολέμαρχος
1026 3913 1116 3972 καὶ
1141 3916 1188 3971 οἱ
1215 3910 1396 3971 ἕνδεκα
1427 3914 1634 3986 δεήσον-

109 4025 178 4060 ται
200 4005 244 4061 ἐν
272 4013 380 4071 ταῖς
409 4004 587 4069 δίκαις
613 4002 728 4069 ταῖς
763 4004 850 4083 ὑφ’
883 4005 1081 4061 ἑαυτῶν
1115 4000 1503 4081 εἰσαγομέναις,
1533 4000 1637 4062 ὥσ-

61 4108 96 4145 ιο
112 4114 190 4171 περ
213 4090 296 4150 καὶ
311 4096 430 4169 νῦν,
463 4092 532 4170 (4)
567 4088 689 4171 Χρὴ
715 4088 882 4148 τοίνυν
911 4087 1000 4148 καὶ
1024 4088 1153 4170 ίιπὲρ
1177 4092 1322 4165 ὑμῶν
1347 4092 1517 4148 αὐτῶν
1543 4092 1635 4162 τὴν

110 4177 242 4249 αὐτὴν
270 4178 480 4259 γνώμην
519 4178 692 4258 ἔχειν,
725 4176 1130 4255 ἐνθυμουμένους
1170 4176 1252 4236 ὅτι
1289 4175 1433 4235 οὐδὲν
1459 4178 1638 4237 διοίσει

109 4266 216 4340 ὑμᾶς
239 4264 338 4348 ἰδία
361 4266 484 4347 περὶ
505 4271 604 4339 τῆς
629 4264 939 4346 ἀστρατείας
963 4268 1191 4344 βοηθεῖν,
1213 4264 1248 4336 ἢ
1270 4262 1468 4324 τούτων
1497 4265 1639 4336 τινὰς

112 4352 276 4411 δεῖσθαι
316 4354 500 4421 αὐτοὺς
546 4352 646 4426 τὴν
691 4357 858 4435 ψῆφον
911 4351 1158 4418 διδόντας.
1243 4350 1303 4431 (a)
1361 4351 1639 4435 Σκέψασθε

113 4438 183 4517 δέ,
209 4431 248 4501 δ’)
271 4442 446 4525 ἄνδρες
478 4441 760 4515 δικασταί,
787 4439 876 4501 ἐὰν
899 4440 1076 4500 ἰκανὸν
1103 4438 1323 4518 γένηται
1359 4441 1638 4523 τεκμήριον

114 4524 176 4584 ὅτι
195 4530 342 4597 οὐδείς
374 4554 460 4590 πω
501 4534 612 4589 τῶν
662 4528 926 4610 ἀρχόντων
957 4531 1010 4588 ἐν
1037 4532 1113 4611 τῷ
1146 4530 1482 4612 στρατοπέδῳ
1522 4531 1640 4591 Ἀλ-

116 4614 294 4697 κιὸιιίδῃ
338 4610 402 4692 ἦν
442 4616 950 4699 παρεσκευασμένος.
1033 4615 1233 4697 Ἐχρῆν
1279 4616 1382 4699 γὰρ
1439 4616 1639 4692 αὐτούς,

122 4701 234 4783 εἴπερ
294 4708 458 4779 ἀληθῆ
516 4705 760 4783 λέγουσιν
791 4748 808 4779 ,
849 4706 1129 4765 ἀνακαλεῖν
1188 4704 1282 4781 μὲν
1327 4706 1608 4785 Πάμφιλον
1622 4752 1640 4785 ,

74 4802 106 4840 2
123 4788 182 4847 ὅτι
203 4793 417 4872 ἀφαιρῶν
441 4794 534 4853 τὸν
579 4792 741 4852 ἵππον
770 4792 971 4860 ἱππέως
1016 4791 1289 4873 ἀπεστέρει
1329 4790 1424 4864 τὴν
1451 4791 1602 4852 πόλιν
1623 4838 1638 4865 ,

129 4878 380 4939 ἐιιιὸάλλειν
408 4880 462 4940 δὲ
508 4882 586 4962 τῷ
615 4880 868 4963 φυλάρχῳ
885 4925 902 4954 ,
946 4882 1025 4939 ὅτι
1065 4879 1350 4950 ἐξελαύνων
1379 4878 1636 4939 Ἀλκιὸιά·

131 4965 202 5035 δην
240 4971 292 5027 ἐκ
325 4974 414 5041 τῆς
453 4972 620 5052 φυλῆς
660 4970 848 5050 ἄκυρον
894 4970 1057 5029 ἐποίει
1101 4969 1196 5042 τὴν
1240 4970 1435 5028 τούτων
1477 4968 1640 5042 τάξιν,

134 5055 314 5115 κελεύειν
357 5056 410 5117 δὲ
457 5059 544 5117 τὸν
593 5057 873 5139 ταξίαρχον
923 5056 1206 5139 ἐξαλείφειν
1245 5056 1398 5117 αὐτὸν
1445 5060 1504 5115 ἐκ
1551 5063 1640 5116 τοῦ

137 5142 215 5197 τῶν
243 5146 452 5203 ὁπλιτῶν
493 5146 812 5224 καταλόγου.
925 5145 990 5223 (ο)
1025 5147 1136 5204 Νῦν
1176 5143 1231 5204 δὲ
1273 5143 1468 5204 τούτων
1497 5143 1642 5204 οὐδὲν

143 5228 362 5307 ἐποίησαν,
383 5232 500 5294 ἀλλ’
519 5236 570 5293 ἐν
600 5232 697 5313 μὲν
735 5236 811 5316 τῷ
840 5234 1178 5315 στρατοπέδῳ
1214 5231 1512 5315 περιεώρων
1549 5235 1641 5293 αὖε

1731 671 1924 719 nantur.

1791 760 1870 807 46.
1899 760 1997 821 Ego
2016 756 2159 820 igitur
2181 770 2327 821 quam
2360 757 2496 821 potui
2514 758 2695 821 optime
2716 762 2954 811 accusavi.
2984 764 3094 813 Non
3119 762 3287 827 ignoro

1730 854 1817 903 hos
1838 852 2029 917 quidem
2062 853 2301 903 auditores
2322 853 2486 903 mirari
2511 867 2611 917 quo
2637 856 2780 919 pacto
2810 857 3051 920 potuerim
3082 859 3285 910 istorum

1731 948 1910 1011 flagitia
1934 950 2039 999 tam
2070 949 2298 1001 accurate
2328 950 2640 1015 investigare3
2672 952 2817 1003 istum
2848 956 3012 1005 autem
3043 955 3162 1007 mihi
3180 957 3285 1007 irri-

1727 1046 1844 1097 dere
1881 1046 2013 1109 quod
2048 1060 2205 1109 neque
2235 1047 2561 1098 multesimam
2597 1048 2810 1112 ipserum
2837 1053 3065 1117 nequitiae
3100 1056 3287 1118 partem

1729 1144 2010 1205 persecutus
2026 1143 2215 1194 fuerim.
2286 1144 2385 1209 (47)
2410 1148 2511 1196 Vos
2535 1146 2697 1211 itaque
2716 1148 2778 1198 ‘et
2808 1160 2865 1199 ea
2890 1163 3001 1212 quae
3026 1148 3129 1201 dixi
3161 1151 3212 1202 et
3232 1166 3287 1203 ea

1728 1252 1838 1303 quae
1854 1240 2136 1303 praetermisi
2154 1242 2414 1305 cogitantes
2425 1280 2440 1306 ‚
2468 1256 2606 1294 reum
2622 1243 2797 1295 exinde
2819 1246 2974 1297 multo
3000 1248 3153 1311 magis
3170 1263 3288 1300 eon·

1728 1335 1978 1399 demnate3
2003 1338 2097 1387 rati
2128 1338 2312 1390 scilicet
2347 1339 2494 1389 istum
2538 1340 2740 1392 crimine
2770 1344 2950 1406 teneri,
2976 1356 3037 1395 ac
3059 1344 3184 1397 bene
3212 1346 3285 1411 agi

1729 1446 1843 1483 cum
1861 1432 2108 1497 republica
2130 1434 2170 1485 si
2192 1436 2255 1485 ab
2273 1435 2542 1485 istiusmodi
2558 1436 2743 1487 civibus
2763 1438 3008 1491 liberetur.
3034 1444 3063 1492 J
3067 1441 3287 1495 udicibus

1729 1531 1878 1581 recita
1889 1530 2043 1595 leges,
2056 1531 2396 1595 iusiurandum
2410 1569 2425 1596 ,
2446 1534 2495 1583 et
2520 1533 2741 1585 libellum
2750 1538 3102 1589 accusatorium
3126 1559 3140 1591 ε.
3161 1553 3285 1603 quo-

1729 1641 1838 1677 rum
1866 1641 2103 1679 memores
2118 1630 2249 1692 justa
2265 1632 2316 1681 et
2336 1644 2479 1693 aequa
2500 1630 2775 1683 decernent.

2152 1748 2366 1796 LEGES.
2402 1748 2868 1799 JUSJURANDUM.

2104 1878 2405 1929 LIBELLUS
2432 1879 2917 1930 ACCUSATORIUS.

2358 2049 2677 2075 w

2450 2210 2576 2271 XV.

2087 2367 2391 2429 CONTRA
2437 2368 2942 2443 ALCIBIADEM,

2110 2466 2195 2513 oB
2228 2466 2561 2515 bassanu
2594 2468 2900 2517 ιιιιιτιΑι-ι.

1789 2601 2054 2664 Equidem,
2082 2601 2297 2665 judices,
2330 2605 2380 2653 et
2415 2617 2503 2654 vos
2523 2617 2610 2653 oro
2632 2606 2689 2655 ut
2724 2618 2835 2668 quae
2854 2605 2985 2667 iusta
3010 2607 3105 2657 sint
3125 2607 3288 2659 decer·

1728 2689 1880 2752 natis,
1899 2690 1951 2741 et
1970 2692 2201 2754 strategos
2219 2705 2359 2754 rogo,
2373 2693 2457 2755 ιιι,
2478 2706 2631 2756 quum
2654 2693 2705 2743 in
2725 2696 2895 2744 ceteris
2912 2694 3055 2744 officii
3070 2697 3289 2759 partibus

1727 2778 1896 2829 utilem
1913 2778 2189 2842 reipublicae
2208 2793 2400 2843 operam
2416 2780 2742 2844 praestiterint,
2757 2782 2841 2831 ubi
2855 2782 3010 2844 agitur
3026 2782 3089 2834 de
3100 2783 3287 2836 deserta

1726 2866 1924 2929 militia,
1947 2879 2001 2917 se
2020 2880 2172 2929 quum
2192 2868 2345 2919 actori
2364 2870 2471 2919 tum
2493 2882 2577 2920 reo
2602 2870 2813 2933 aequales
2834 2871 3077 2933 praebeant
3091 2910 3107 2935 ,
3130 2886 3288 2937 neque

1729 2954 1902 3017 quibus
1924 2954 2073 3005 libeat
2098 2955 2415 3026 opitulantes,
2442 2957 2575 3008 omni
2605 2957 2765 3007 studio
2782 2958 2831 3006 id
2856 2960 3099 3009 enitantur
3122 2962 3179 3010 ut
3199 2974 3287 3011 vos

1727 3041 1989 3102 contraius
2004 3042 2241 3093 statuatis.
2307 3044 2376 3107 (2)
2393 3044 2536 3102 Quod
2556 3057 2645 3094 vos
2665 3057 2727 3094 ne
2748 3045 2928 3095 faciatis
2948 3047 3092 3097 velim
3105 3084 3120 3109 ‚
3139 3056 3286 3111 repu-

1727 3130 1883 3179 tantes
1899 3129 2028 3192 quod
2052 3130 2243 3194 indigne
2270 3130 2455 3182 terretis
2474 3131 2515 3183 si
2532 3132 2895 3196 thesmothctm‚
2924 3133 3043 3184 dum
3064 3134 3125 3185 de
3147 3134 3287 3187 vobis

1729 3218 1972 3281 inquisitio
1990 3219 2210 3281 habetur,
2229 3219 2521 3282 prodeuntes
2539 3233 2627 3271 vos
2648 3222 2842 3282 orarent
2863 3224 2921 3272 ut
2944 3222 3287 3275 condemnare-

1728 3305 1816 3367 tis;
1855 3305 1905 3356 id
1929 3306 2149 3369 iniquum
2182 3319 2282 3357 esse
2312 3308 2405 3357 rati
2419 3344 2433 3371 ,
2458 3309 2514 3358 ut
2550 3309 2637 3371 qui
2672 3310 2910 3361 actionem
2947 3310 3207 3363 instituunt
3234 3314 3285 3365 et

1727 3392 1949 3443 dividunt
1970 3394 2209 3457 calculos,
2227 3395 2485 3446 hortentur
2496 3395 2685 3458 iudices
2702 3398 2759 3447 ut
2777 3398 2906 3448 hunc
2932 3398 3281 3464 condemnent,

1729 3480 1866 3529 illum
1887 3480 2154 3534 absolvant.
2220 3482 2288 3546 (3)
2311 3485 2545 3542 Quaenam
2558 3485 2721 3534 autem
2739 3486 2927 3549 turpior
2950 3489 3247 3539 consuetudo
3264 3527 3280 3553 ,

1728 3568 1972 3631 quodnam
1994 3569 2181 3621 facinus
2197 3570 2447 3635 indignum
2474 3573 2627 3635 magis
2642 3574 2693 3622 in
2712 3573 2955 3636 republica
2976 3578 3136 3638 posset
3154 3578 3281 3628 acci·

1726 3654 1866 3719 dere,
1886 3669 2037 3720 quam
2062 3658 2105 3708 si
2127 3659 2307 3710 archon
2325 3660 2377 3709 in
2394 3661 2685 3724 pupillarum
2713 3662 2867 3713 causis
2890 3662 3075 3725 jndices
3089 3665 3287 3718 auderet

1727 3744 1955 3794 obtestari
1972 3745 2029 3793 ut
2050 3743 2113 3794 ad
2130 3745 2275 3808 ipsius
2306 3747 2599 3799 voluntatem
2618 3762 2695 3799 τω
2715 3749 3051 3813 ριοοοᾱοεειιις
3079 3766 3227 3817 quam
3245 3754 3285 3805 si

1727 3832 2062 3895 polemarcbus
2078 3834 2129 3882 et
2150 3832 2493 3896 undecimviri,
2516 3835 2565 3885 in
2587 3836 2857 3887 actionibus
2886 3850 3010 3900 quas
3026 3840 3115 3902 ipsi
3140 3840 3286 3891 indu-

1707 3928 1872 3989 'cunt‚
1892 3926 2184 3989 supplicent,
2220 3926 2293 3976 uti
2316 3940 2447 3977 nunc
2474 3928 2578 3978 fieri
2598 3928 2773 3978 video?
2834 3929 2904 3992 (4)
2924 3932 3125 3992 Oportet
3142 3932 3285 3994 igitur

1729 4022 1857 4071 utet
1879 4020 1941 4071 de
1974 4021 2114 4070 vobis
2136 4021 2261 4071 idem
2292 4022 2535 4083 sentiatis,
2567 4024 2829 4085 cogitantes
2848 4024 2982 4086 quod
3015 4038 3172 4088 neque
3200 4039 3289 4077 vos

1730 4106 1920 4157 decebit
1952 4106 2179 4171 privatim
2208 4107 2409 4157 desertae
2432 4108 2615 4158 militiae
2654 4109 2748 4159 reis
2782 4109 3098 4172 patrocinari,
3132 4125 3291 4175 neque

1729 4202 1816 4251 hos
1835 4202 1961 4265 ipsos
1976 4200 2062 4264 qui
2087 4200 2298 4252 calculos
2328 4199 2465 4251 vobis
2481 4200 2731 4265 dividunt,
2756 4215 2846 4265 pro
2866 4202 2925 4253 iis
2946 4202 3077 4265 apud
3106 4216 3193 4255 vos
3218 4205 3285 4254 in·

1728 4296 1988 4347 tercedere.
2051 4296 2119 4357 (5)
2150 4294 2460 4347 Considerate
2495 4297 2687 4359 autem,
2721 4296 2936 4360 iudices,
2986 4300 3151 4349 utrum
3196 4302 3287 4353 hoc

1729 4406 1817 4457 pro
1835 4391 2008 4441 idoneo
2033 4391 2315 4453 argumento
2344 4390 2406 4441 sit
2427 4388 2728 4452 babendum,
2758 4390 2889 4441 unde
2910 4393 3099 4443 constet
3132 4394 3284 4444 nemi-

1730 4500 1841 4539 nem
1860 4483 2065 4549 ducum,
2084 4487 2169 4549 qui
2188 4498 2318 4535 nunc
2334 4499 2422 4549 pro
2442 4485 2692 4536 Alcibiade
2714 4487 3019 4537 contendunt
3031 4524 3046 4549 ‚
3068 4489 3153 4539 illu
3172 4490 3288 4540 tem·

1731 4594 1846 4646 pore
1863 4594 1964 4645 que
1985 4581 2035 4630 iu
2058 4580 2225 4631 rastris
2244 4579 2404 4630 adhuc
2432 4582 2596 4642 erant,
2616 4580 2667 4630 in
2692 4582 2908 4631 savorem
2940 4581 3045 4645 eius
3066 4584 3286 4635 concilia-

1729 4683 1835 4730 tum
1860 4676 2023 4726 fuisse.
2046 4678 2175 4725 Vera
2196 4674 2325 4725 enim
2358 4687 2413 4724 ea
2435 4674 2476 4725 si
2494 4677 2651 4725 essent
2664 4711 2681 4738 ,
2706 4688 2817 4737 quae
2840 4688 2973 4725 nunc
2995 4676 3063 4727 illi
3078 4676 3288 4741 iactant,

1730 4769 1981 4833 oportebat
2004 4782 2086 4819 eos
2124 4767 2427 4831 Pamphilum
2462 4767 2513 4816 in
2538 4767 2619 4829 ius
2639 4780 2813 4818 vocare
2846 4768 2975 4832 quod
2988 4807 3004 4832 ,
3038 4770 3292 4823 Alcibiadis

1730 4876 1856 4926 equo
1894 4861 2144 4924 adempto,
2183 4861 2530 4923 rempublicam
2570 4862 2731 4924 equite
2775 4862 2997 4923 orbaret;
3042 4864 3291 4927 oportebat

1730 4956 1994 5021 phylarcho
2032 4957 2261 5006 mulctam
2291 4956 2547 5019 irrogasse,
2568 4956 2697 5018 quod
2731 4956 3020 5007 Alcibiadem
3046 4970 3108 5007 ex
3125 4958 3292 5009 ordine

1731 5051 1925 5114 ejiciens
1940 5088 1955 5111 ,
1999 5052 2211 5115 ipsorum
2257 5049 2614 5113 dispositionem
2664 5048 2845 5098 irritam
2893 5050 3100 5110 faceret3
3146 5064 3290 5114 opor-

1729 5146 1865 5197 tebat
1900 5144 2149 5195 taxiarcho
2193 5144 2444 5195 mandasse
2474 5145 2529 5193 ut
2565 5156 2593 5193 e
2621 5142 2837 5205 peditum
2876 5156 3079 5191 numero
3115 5158 3290 5195 nomon

1732 5241 1868 5291 istius
1890 5241 2124 5290 moveret.
2192 5238 2259 5303 (6)
2280 5241 2389 5289 Jam
2416 5250 2530 5289 vero
2555 5236 2674 5287 nihil
2702 5234 2878 5286 horum
2900 5232 3145 5295 fecerunt3
3174 5236 3225 5282 at
3240 5232 3291 5282 in
