<?xml version="1.0" encoding="UTF-8"?>
<!DOCTYPE html PUBLIC "-//W3C//DTD XHTML 1.0 Transitional//EN"
    "http://www.w3.org/TR/xhtml1/DTD/xhtml1-transitional.dtd">
<html xmlns="http://www.w3.org/1999/xhtml" xml:lang="en" lang="en">
 <head>
  <title>
</title>
<meta http-equiv="Content-Type" content="text/html;charset=utf-8" />
  <meta name='ocr-system' content='tesseract 3.04.00' />
  <meta name='ocr-capabilities' content='ocr_page ocr_carea ocr_par ocr_line ocrx_word'/>
</head>
<body>
  <div class='ocr_page' id='page_1' title='image "./oratoresatticia03unkngoog/oratoresatticia03unkngoog_0576.png"; bbox 0 0 3825 5842; ppageno 0'>
   <div class='ocr_carea' id='block_1_1' title="bbox 525 448 638 499">
    <p class='ocr_par' dir='ltr' id='par_1_1' title="bbox 525 448 638 499">
     <span class='ocr_line' id='line_1_1' title="bbox 525 448 638 499; baseline -0.018 0"><span class='ocrx_word' id='word_1_1' title='bbox 525 448 638 499; x_wconf 68' lang='lat'>22⁴</span> 
     </span>
    </p>
   </div>
   <div class='ocr_carea' id='block_1_2' title="bbox 459 522 2085 1295">
    <p class='ocr_par' dir='ltr' id='par_1_2' title="bbox 459 522 2085 1264">
     <span class='ocr_line' id='line_1_2' title="bbox 511 522 2085 641; baseline -0.003 -15"><span class='ocrx_word' id='word_1_2' title='bbox 511 570 652 638; x_wconf 82' lang='grc' dir='ltr'><strong>λησι,</strong></span> <span class='ocrx_word' id='word_1_3' title='bbox 673 564 766 625; x_wconf 76' lang='grc' dir='ltr'>καὶ</span> <span class='ocrx_word' id='word_1_4' title='bbox 783 522 994 625; x_wconf 69' lang='grc' dir='ltr'><strong>πολλῶν</strong></span> <span class='ocrx_word' id='word_1_5' title='bbox 1031 563 1230 635; x_wconf 69' lang='grc' dir='ltr'><strong>ἡδονῶν</strong></span> <span class='ocrx_word' id='word_1_6' title='bbox 1247 560 1508 641; x_wconf 77' lang='grc' dir='ltr'><strong>γέμουσα,</strong></span> <span class='ocrx_word' id='word_1_7' title='bbox 1531 568 1656 621; x_wconf 88' lang='grc' dir='ltr'><strong>τοῦτ</strong></span> <span class='ocrx_word' id='word_1_8' title='bbox 1653 561 1802 641; x_wconf 74' lang='grc' dir='ltr'><strong>’ἔχει</strong></span> <span class='ocrx_word' id='word_1_9' title='bbox 1817 562 2085 621; x_wconf 80' lang='grc' dir='ltr'><strong>δυσκολώ-</strong></span> 
     </span>
     <span class='ocr_line' id='line_1_3' title="bbox 515 650 2083 763; baseline -0.002 -48"><span class='ocrx_word' id='word_1_10' title='bbox 515 679 701 715; x_wconf 83' lang='grc' dir='ltr'><strong>τατον·</strong></span> <span class='ocrx_word' id='word_1_11' title='bbox 721 658 836 733; x_wconf 66' lang='grc'><strong>(172)</strong></span> <span class='ocrx_word' id='word_1_12' title='bbox 863 654 950 713; x_wconf 72' lang='grc' dir='ltr'>διὰ</span> <span class='ocrx_word' id='word_1_13' title='bbox 965 652 1068 763; x_wconf 67' lang='grc' dir='ltr'>γὰρ</span> <span class='ocrx_word' id='word_1_14' title='bbox 1089 652 1148 713; x_wconf 79' lang='grc' dir='ltr'>τὸ</span> <span class='ocrx_word' id='word_1_15' title='bbox 1178 650 1392 730; x_wconf 81' lang='grc' dir='ltr'><strong>μέγεθος</strong></span> <span class='ocrx_word' id='word_1_16' title='bbox 1411 653 1504 711; x_wconf 79' lang='grc' dir='ltr'>καὶ</span> <span class='ocrx_word' id='word_1_17' title='bbox 1521 652 1582 711; x_wconf 82' lang='grc' dir='ltr'>τὸ</span> <span class='ocrx_word' id='word_1_18' title='bbox 1603 654 1800 723; x_wconf 89' lang='grc' dir='ltr'><strong>πληθος</strong></span> <span class='ocrx_word' id='word_1_19' title='bbox 1818 656 1923 710; x_wconf 76' lang='grc' dir='ltr'>τῶν</span> <span class='ocrx_word' id='word_1_20' title='bbox 1946 656 2083 712; x_wconf 79' lang='grc' dir='ltr'><strong>ἔνοι-</strong></span> 
     </span>
     <span class='ocr_line' id='line_1_4' title="bbox 511 740 2079 821; baseline -0.004 -16"><span class='ocrx_word' id='word_1_21' title='bbox 511 743 738 805; x_wconf 81' lang='grc' dir='ltr'><strong>κούντων</strong></span> <span class='ocrx_word' id='word_1_22' title='bbox 749 746 844 803; x_wconf 79' lang='grc' dir='ltr'>οὔκ</span> <span class='ocrx_word' id='word_1_23' title='bbox 869 740 1182 808; x_wconf 81' lang='grc' dir='ltr'><strong>εὖσύνοπτός</strong></span> <span class='ocrx_word' id='word_1_24' title='bbox 1202 743 1342 800; x_wconf 79' lang='grc' dir='ltr'><strong>ἐστιν</strong></span> <span class='ocrx_word' id='word_1_25' title='bbox 1357 742 1464 799; x_wconf 82' lang='grc' dir='ltr'>οὗο</span> <span class='ocrx_word' id='word_1_26' title='bbox 1493 740 1738 819; x_wconf 75' lang='grc' dir='ltr'><strong>ἀκριὸης,</strong></span> <span class='ocrx_word' id='word_1_27' title='bbox 1761 740 1937 798; x_wconf 69' lang='grc' dir='ltr'><strong>ἀλλ”</strong></span> <span class='ocrx_word' id='word_1_28' title='bbox 1896 765 2079 821; x_wconf 83' lang='grc' dir='ltr'><strong>ωσπερ</strong></span> 
     </span>
     <span class='ocr_line' id='line_1_5' title="bbox 509 827 2082 913; baseline -0.004 -20"><span class='ocrx_word' id='word_1_29' title='bbox 509 832 846 913; x_wconf 75' lang='grc' dir='ltr'><strong>χειμάρρους,</strong></span> <span class='ocrx_word' id='word_1_30' title='bbox 871 833 1013 897; x_wconf 79' lang='grc' dir='ltr'><strong>ὅπως</strong></span> <span class='ocrx_word' id='word_1_31' title='bbox 1035 830 1100 889; x_wconf 74' lang='grc' dir='ltr'>ἃν</span> <span class='ocrx_word' id='word_1_32' title='bbox 1115 828 1334 889; x_wconf 75' lang='grc' dir='ltr'><strong>ἵκαστον</strong></span> <span class='ocrx_word' id='word_1_33' title='bbox 1359 829 1746 889; x_wconf 73' lang='grc' dir='ltr'><strong>ὖπολαὸοῦσα</strong></span> <span class='ocrx_word' id='word_1_34' title='bbox 1719 827 1856 908; x_wconf 78' lang='grc' dir='ltr'><strong>τύχῃ</strong></span> <span class='ocrx_word' id='word_1_35' title='bbox 1869 831 1959 887; x_wconf 80' lang='grc' dir='ltr'>καὶ</span> <span class='ocrx_word' id='word_1_36' title='bbox 1977 834 2082 887; x_wconf 79' lang='grc' dir='ltr'>τῶν</span> 
     </span>
     <span class='ocr_line' id='line_1_6' title="bbox 459 916 2083 1002; baseline -0.006 -17"><span class='ocrx_word' id='word_1_37' title='bbox 459 946 486 985; x_wconf 76' lang='grc' dir='ltr'>ι</span> <span class='ocrx_word' id='word_1_38' title='bbox 515 920 802 1002; x_wconf 62' lang='grc' dir='ltr'><strong>ἀνθρώπων</strong></span> <span class='ocrx_word' id='word_1_39' title='bbox 825 918 918 979; x_wconf 82' lang='grc' dir='ltr'>καὶ</span> <span class='ocrx_word' id='word_1_40' title='bbox 948 924 1054 979; x_wconf 77' lang='grc' dir='ltr'>τῶν</span> <span class='ocrx_word' id='word_1_41' title='bbox 1085 918 1434 1000; x_wconf 73' lang='grc' dir='ltr'>πραγμάτων,</span> <span class='ocrx_word' id='word_1_42' title='bbox 1455 916 1594 977; x_wconf 75' lang='grc' dir='ltr'><strong>οὕτω</strong></span> <span class='ocrx_word' id='word_1_43' title='bbox 1633 941 1923 995; x_wconf 85' lang='grc' dir='ltr'><strong>κατηνεγκε</strong></span> <span class='ocrx_word' id='word_1_44' title='bbox 1942 963 1961 994; x_wconf 81' lang='grc'><strong>,</strong></span> <span class='ocrx_word' id='word_1_45' title='bbox 1990 917 2083 977; x_wconf 79' lang='grc' dir='ltr'>καὶ</span> 
     </span>
     <span class='ocr_line' id='line_1_7' title="bbox 515 1005 2081 1117; baseline -0.003 -50"><span class='ocrx_word' id='word_1_46' title='bbox 515 1008 670 1077; x_wconf 80' lang='grc' dir='ltr'><strong>δόξαν</strong></span> <span class='ocrx_word' id='word_1_47' title='bbox 695 1009 848 1077; x_wconf 73' lang='grc' dir='ltr'><strong>ἐνίοις</strong></span> <span class='ocrx_word' id='word_1_48' title='bbox 843 1007 972 1117; x_wconf 43' lang='grc' dir='ltr'><strong>,τὴν</strong></span> <span class='ocrx_word' id='word_1_49' title='bbox 993 1006 1230 1066; x_wconf 73' lang='grc' dir='ltr'><strong>ἐναντίαν</strong></span> <span class='ocrx_word' id='word_1_50' title='bbox 1257 1030 1350 1077; x_wconf 85' lang='grc' dir='ltr'>της</span> <span class='ocrx_word' id='word_1_51' title='bbox 1375 1005 1738 1087; x_wconf 81' lang='grc' dir='ltr'><strong>προσηκούσης</strong></span> <span class='ocrx_word' id='word_1_52' title='bbox 1759 1005 2081 1087; x_wconf 78' lang='grc' dir='ltr'><strong>περιέθηκεν·</strong></span> 
     </span>
     <span class='ocr_line' id='line_1_8' title="bbox 515 1084 2080 1179; baseline -0.004 -22"><span class='ocrx_word' id='word_1_53' title='bbox 515 1094 643 1179; x_wconf 70' lang='grc' dir='ltr'><strong>ὅπερ</strong></span> <span class='ocrx_word' id='word_1_54' title='bbox 669 1098 764 1157; x_wconf 76' lang='grc' dir='ltr'>καὶ</span> <span class='ocrx_word' id='word_1_55' title='bbox 811 1101 878 1177; x_wconf 81' lang='grc' dir='ltr'>τῇ</span> <span class='ocrx_word' id='word_1_56' title='bbox 905 1094 1119 1155; x_wconf 88' lang='grc' dir='ltr'><strong>παιδεία</strong></span> <span class='ocrx_word' id='word_1_57' title='bbox 1163 1093 1330 1174; x_wconf 79' lang='grc' dir='ltr'><strong>ταύτῃ</strong></span> <span class='ocrx_word' id='word_1_58' title='bbox 1379 1093 1731 1171; x_wconf 77' lang='grc' dir='ltr'><strong>συμὸέόηκεν.</strong></span> <span class='ocrx_word' id='word_1_59' title='bbox 1814 1096 1931 1171; x_wconf 72' lang='lat'><strong>(17³)</strong></span> <span class='ocrx_word' id='word_1_60' title='bbox 1972 1084 2080 1154; x_wconf 73' lang='grc' dir='ltr'>Ὧν</span> 
     </span>
     <span class='ocr_line' id='line_1_9' title="bbox 515 1180 2081 1295; baseline -0.002 -51"><span class='ocrx_word' id='word_1_61' title='bbox 515 1182 916 1295; x_wconf 63' lang='grc' dir='ltr'><strong>ἕνθυμουμένους</strong></span> <span class='ocrx_word' id='word_1_62' title='bbox 936 1183 1042 1264; x_wconf 77' lang='grc' dir='ltr'>χρὴ</span> <span class='ocrx_word' id='word_1_63' title='bbox 1063 1182 1280 1257; x_wconf 83' lang='grc' dir='ltr'><strong>μηδενὸς</strong></span> <span class='ocrx_word' id='word_1_64' title='bbox 1303 1182 1612 1261; x_wconf 87' lang='grc' dir='ltr'><strong>πράγματος</strong></span> <span class='ocrx_word' id='word_1_65' title='bbox 1639 1180 1762 1241; x_wconf 73' lang='grc' dir='ltr'><strong>ἄνευ</strong></span> <span class='ocrx_word' id='word_1_66' title='bbox 1789 1181 1852 1240; x_wconf 70' lang='grc' dir='ltr'>λό</span> <span class='ocrx_word' id='word_1_67' title='bbox 1828 1206 1949 1259; x_wconf 81' lang='grc' dir='ltr'>γου</span> <span class='ocrx_word' id='word_1_68' title='bbox 1980 1206 2081 1241; x_wconf 88' lang='grc' dir='ltr'>κα-</span> 
     </span>
    </p>
   </div>
   <div class='ocr_carea' id='block_1_3' title="bbox 437 1268 2095 5321">
    <p class='ocr_par' dir='ltr' id='par_1_3' title="bbox 437 1268 2095 5321">
     <span class='ocr_line' id='line_1_10' title="bbox 513 1268 2081 1353; baseline -0.001 -22"><span class='ocrx_word' id='word_1_69' title='bbox 513 1272 912 1353; x_wconf 80' lang='grc' dir='ltr'><strong>ταγιγνώσκειν,</strong></span> <span class='ocrx_word' id='word_1_70' title='bbox 979 1272 1106 1347; x_wconf 82' lang='grc' dir='ltr'>μηδ</span> <span class='ocrx_word' id='word_1_71' title='bbox 1175 1268 1366 1347; x_wconf 79' lang='grc' dir='ltr'><strong>ὁμοίως</strong></span> <span class='ocrx_word' id='word_1_72' title='bbox 1429 1270 1720 1328; x_wconf 80' lang='grc' dir='ltr'><strong>διακεῖσθαι</strong></span> <span class='ocrx_word' id='word_1_73' title='bbox 1781 1269 2081 1338; x_wconf 81' lang='grc' dir='ltr'><strong>δικάζοντας</strong></span> 
     </span>
     <span class='ocr_line' id='line_1_11' title="bbox 443 1355 2081 1441; baseline -0.004 -21"><span class='ocrx_word' id='word_1_74' title='bbox 443 1386 494 1425; x_wconf 84' lang='grc' dir='ltr'>ιο</span> <span class='ocrx_word' id='word_1_75' title='bbox 516 1358 696 1441; x_wconf 69' lang='grc' dir='ltr'><strong>ὥσπερ</strong></span> <span class='ocrx_word' id='word_1_76' title='bbox 739 1362 794 1419; x_wconf 70' lang='grc' dir='ltr'>ἐν</span> <span class='ocrx_word' id='word_1_77' title='bbox 833 1366 948 1425; x_wconf 88' lang='grc' dir='ltr'><strong>ταῖς</strong></span> <span class='ocrx_word' id='word_1_78' title='bbox 967 1357 1120 1423; x_wconf 80' lang='grc' dir='ltr'><strong>ἰδίαις</strong></span> <span class='ocrx_word' id='word_1_79' title='bbox 1151 1355 1474 1436; x_wconf 78' lang='grc' dir='ltr'><strong>διατριὸαἶς,</strong></span> <span class='ocrx_word' id='word_1_80' title='bbox 1511 1356 1650 1414; x_wconf 68' lang='grc' dir='ltr'><strong>ἀλλὰ</strong></span> <span class='ocrx_word' id='word_1_81' title='bbox 1687 1356 2081 1435; x_wconf 69' lang='grc' dir='ltr'><strong>διακριὸοῦσθαι</strong></span> 
     </span>
     <span class='ocr_line' id='line_1_12' title="bbox 516 1441 2081 1529; baseline -0.007 -20"><span class='ocrx_word' id='word_1_82' title='bbox 516 1448 638 1529; x_wconf 76' lang='grc' dir='ltr'><strong>περὶ</strong></span> <span class='ocrx_word' id='word_1_83' title='bbox 665 1446 886 1507; x_wconf 66' lang='grc' dir='ltr'><strong>ἑκάστου</strong></span> <span class='ocrx_word' id='word_1_84' title='bbox 930 1470 1022 1505; x_wconf 85' lang='grc' dir='ltr'>και</span> <span class='ocrx_word' id='word_1_85' title='bbox 1069 1444 1166 1517; x_wconf 73' lang='grc' dir='ltr'>τὴν</span> <span class='ocrx_word' id='word_1_86' title='bbox 1195 1446 1444 1515; x_wconf 77' lang='grc' dir='ltr'><strong>ἀληθειαν</strong></span> <span class='ocrx_word' id='word_1_87' title='bbox 1479 1448 1671 1517; x_wconf 79' lang='grc' dir='ltr'><strong>ζητεῖν,</strong></span> <span class='ocrx_word' id='word_1_88' title='bbox 1721 1441 2081 1520; x_wconf 81' lang='grc' dir='ltr'><strong>μεμνημένους</strong></span> 
     </span>
     <span class='ocr_line' id='line_1_13' title="bbox 517 1531 2079 1617; baseline -0.004 -20"><span class='ocrx_word' id='word_1_89' title='bbox 517 1540 624 1597; x_wconf 76' lang='grc' dir='ltr'>τῶν</span> <span class='ocrx_word' id='word_1_90' title='bbox 655 1535 824 1617; x_wconf 75' lang='grc' dir='ltr'><strong>ὅρκων</strong></span> <span class='ocrx_word' id='word_1_91' title='bbox 857 1534 950 1593; x_wconf 76' lang='grc' dir='ltr'>καὶ</span> <span class='ocrx_word' id='word_1_92' title='bbox 975 1538 1080 1593; x_wconf 81' lang='grc' dir='ltr'>τῶν</span> <span class='ocrx_word' id='word_1_93' title='bbox 1107 1532 1280 1611; x_wconf 86' lang='grc' dir='ltr'><strong>νόμων</strong></span> <span class='ocrx_word' id='word_1_94' title='bbox 1302 1532 1422 1592; x_wconf 83' lang='grc' dir='ltr'><strong>καθ’</strong></span> <span class='ocrx_word' id='word_1_95' title='bbox 1443 1531 1530 1601; x_wconf 72' lang='grc' dir='ltr'>οὓς</span> <span class='ocrx_word' id='word_1_96' title='bbox 1578 1531 1961 1606; x_wconf 81' lang='grc' dir='ltr'><strong>συνεληλύθατε</strong></span> <span class='ocrx_word' id='word_1_97' title='bbox 2008 1534 2079 1591; x_wconf 85' lang='grc' dir='ltr'>δι-</span> 
     </span>
     <span class='ocr_line' id='line_1_14' title="bbox 522 1618 2077 1703; baseline -0.006 -18"><span class='ocrx_word' id='word_1_98' title='bbox 522 1624 800 1692; x_wconf 86' lang='grc' dir='ltr'><strong>κάσοντες·</strong></span> <span class='ocrx_word' id='word_1_99' title='bbox 847 1622 958 1681; x_wconf 80' lang='grc' dir='ltr'><strong>ἔστι</strong></span> <span class='ocrx_word' id='word_1_100' title='bbox 985 1623 1030 1681; x_wconf 82' lang='grc' dir='ltr'>δ’</span> <span class='ocrx_word' id='word_1_101' title='bbox 1057 1624 1116 1679; x_wconf 82' lang='grc' dir='ltr'>οὗ</span> <span class='ocrx_word' id='word_1_102' title='bbox 1151 1620 1272 1703; x_wconf 78' lang='grc' dir='ltr'><strong>περὶ</strong></span> <span class='ocrx_word' id='word_1_103' title='bbox 1312 1624 1513 1700; x_wconf 78' lang='grc' dir='ltr'><strong>μικρῶν</strong></span> <span class='ocrx_word' id='word_1_104' title='bbox 1538 1618 1645 1679; x_wconf 80' lang='grc' dir='ltr'><strong>οὗθ’</strong></span> <span class='ocrx_word' id='word_1_105' title='bbox 1667 1624 1696 1679; x_wconf 80' lang='grc' dir='ltr'><strong>ὁ</strong></span> <span class='ocrx_word' id='word_1_106' title='bbox 1717 1620 1867 1697; x_wconf 83' lang='grc' dir='ltr'>λόγος</span> <span class='ocrx_word' id='word_1_107' title='bbox 1891 1618 2000 1677; x_wconf 83' lang='grc' dir='ltr'><strong>οὗθ’</strong></span> <span class='ocrx_word' id='word_1_108' title='bbox 2042 1622 2077 1689; x_wconf 80' lang='grc' dir='ltr'>ἡ</span> 
     </span>
     <span class='ocr_line' id='line_1_15' title="bbox 519 1704 2079 1795; baseline -0.005 -22"><span class='ocrx_word' id='word_1_109' title='bbox 519 1712 685 1795; x_wconf 81' lang='grc' dir='ltr'><strong>κρίσις</strong></span> <span class='ocrx_word' id='word_1_110' title='bbox 711 1716 766 1771; x_wconf 77' lang='grc' dir='ltr'>έν</span> <span class='ocrx_word' id='word_1_111' title='bbox 787 1704 826 1791; x_wconf 72' lang='grc' dir='ltr'><strong>ᾗ</strong></span> <span class='ocrx_word' id='word_1_112' title='bbox 865 1711 1211 1787; x_wconf 82' lang='grc' dir='ltr'><strong>καθέσταμεν,</strong></span> <span class='ocrx_word' id='word_1_113' title='bbox 1235 1707 1372 1767; x_wconf 77' lang='grc' dir='ltr'><strong>ἀλλὰ</strong></span> <span class='ocrx_word' id='word_1_114' title='bbox 1395 1706 1518 1790; x_wconf 84' lang='grc' dir='ltr'><strong>περὶ</strong></span> <span class='ocrx_word' id='word_1_115' title='bbox 1561 1712 1664 1767; x_wconf 84' lang='grc' dir='ltr'>τῶν</span> <span class='ocrx_word' id='word_1_116' title='bbox 1709 1707 1997 1787; x_wconf 81' lang='grc' dir='ltr'><strong>μεγίστων·</strong></span> <span class='ocrx_word' id='word_1_117' title='bbox 2019 1708 2079 1766; x_wconf 83' lang='grc' dir='ltr'>οὗ</span> 
     </span>
     <span class='ocr_line' id='line_1_16' title="bbox 443 1792 2078 1882; baseline -0.006 -21"><span class='ocrx_word' id='word_1_118' title='bbox 443 1821 492 1861; x_wconf 78' lang='lat' dir='ltr'>ts</span> <span class='ocrx_word' id='word_1_119' title='bbox 519 1800 624 1882; x_wconf 69' lang='grc' dir='ltr'>γὰρ</span> <span class='ocrx_word' id='word_1_120' title='bbox 641 1800 764 1881; x_wconf 79' lang='grc' dir='ltr'><strong>περὶ</strong></span> <span class='ocrx_word' id='word_1_121' title='bbox 791 1801 920 1876; x_wconf 75' lang='grc' dir='ltr'><strong>ἐμοῦ</strong></span> <span class='ocrx_word' id='word_1_122' title='bbox 941 1798 1158 1874; x_wconf 77' lang='grc' dir='ltr'><strong>μέλλετε</strong></span> <span class='ocrx_word' id='word_1_123' title='bbox 1187 1795 1342 1874; x_wconf 84' lang='grc' dir='ltr'><strong>μόνον</strong></span> <span class='ocrx_word' id='word_1_124' title='bbox 1369 1794 1466 1867; x_wconf 85' lang='grc' dir='ltr'>τὴν</span> <span class='ocrx_word' id='word_1_125' title='bbox 1490 1799 1660 1878; x_wconf 70' lang='grc' dir='ltr'><strong>ψῆφον</strong></span> <span class='ocrx_word' id='word_1_126' title='bbox 1689 1794 1921 1868; x_wconf 76' lang='grc' dir='ltr'><strong>διοίσειν,</strong></span> <span class='ocrx_word' id='word_1_127' title='bbox 1940 1792 2078 1853; x_wconf 75' lang='grc' dir='ltr'><strong>ἀλλὰ</strong></span> 
     </span>
     <span class='ocr_line' id='line_1_17' title="bbox 517 1876 2081 1969; baseline -0.005 -21"><span class='ocrx_word' id='word_1_128' title='bbox 517 1888 610 1948; x_wconf 73' lang='grc' dir='ltr'>καὶ</span> <span class='ocrx_word' id='word_1_129' title='bbox 631 1888 752 1969; x_wconf 78' lang='grc' dir='ltr'><strong>περὶ</strong></span> <span class='ocrx_word' id='word_1_130' title='bbox 781 1876 1248 1965; x_wconf 52' lang='grc' dir='ltr'><strong>ὶπιτηδεύματοςῖ</strong></span> <span class='ocrx_word' id='word_1_131' title='bbox 1208 1910 1254 1943; x_wconf 88' lang='grc' dir='ltr'><strong>ω</strong></span> <span class='ocrx_word' id='word_1_132' title='bbox 1281 1883 1470 1943; x_wconf 74' lang='grc' dir='ltr'><strong>πολλοὶ</strong></span> <span class='ocrx_word' id='word_1_133' title='bbox 1491 1888 1596 1942; x_wconf 80' lang='grc' dir='ltr'>τῶν</span> <span class='ocrx_word' id='word_1_134' title='bbox 1623 1880 1888 1963; x_wconf 79' lang='grc' dir='ltr'><strong>νεωτέρων</strong></span> <span class='ocrx_word' id='word_1_135' title='bbox 1915 1905 2081 1962; x_wconf 88' lang='grc' dir='ltr'><strong>προσ-</strong></span> 
     </span>
     <span class='ocr_line' id='line_1_18' title="bbox 515 1946 2079 2057; baseline -0.004 -22"><span class='ocrx_word' id='word_1_136' title='bbox 515 1976 696 2057; x_wconf 86' lang='grc' dir='ltr'><strong>έχουσι</strong></span> <span class='ocrx_word' id='word_1_137' title='bbox 728 1974 818 2034; x_wconf 77' lang='grc' dir='ltr'>τὸν</span> <span class='ocrx_word' id='word_1_138' title='bbox 849 1978 986 2031; x_wconf 87' lang='grc' dir='ltr'><strong>νοῦν.</strong></span> <span class='ocrx_word' id='word_1_139' title='bbox 1073 1971 1186 2050; x_wconf 74' lang='grc'><strong>(171)</strong></span> <span class='ocrx_word' id='word_1_140' title='bbox 1225 1946 1396 2047; x_wconf 77' lang='grc' dir='ltr'><strong>Οἶμαι</strong></span> <span class='ocrx_word' id='word_1_141' title='bbox 1424 1972 1470 2028; x_wconf 82' lang='grc' dir='ltr'>δ’</span> <span class='ocrx_word' id='word_1_142' title='bbox 1499 1974 1634 2047; x_wconf 78' lang='grc' dir='ltr'><strong>ὗμᾶς</strong></span> <span class='ocrx_word' id='word_1_143' title='bbox 1655 1973 1750 2029; x_wconf 79' lang='grc' dir='ltr'>οὐκ</span> <span class='ocrx_word' id='word_1_144' title='bbox 1767 1972 1970 2045; x_wconf 78' lang='grc' dir='ltr'><strong>ἀγνοεῖν</strong></span> <span class='ocrx_word' id='word_1_145' title='bbox 1998 1970 2079 2028; x_wconf 77' lang='grc' dir='ltr'>ὅτι</span> 
     </span>
     <span class='ocr_line' id='line_1_19' title="bbox 513 2056 2079 2141; baseline -0.004 -18"><span class='ocrx_word' id='word_1_146' title='bbox 513 2064 580 2123; x_wconf 70' lang='grc' dir='ltr'>τὰ</span> <span class='ocrx_word' id='word_1_147' title='bbox 603 2062 894 2141; x_wconf 87' lang='grc' dir='ltr'><strong>πράγματα</strong></span> <span class='ocrx_word' id='word_1_148' title='bbox 921 2064 1014 2130; x_wconf 75' lang='grc' dir='ltr'>τῆς</span> <span class='ocrx_word' id='word_1_149' title='bbox 1043 2058 1246 2125; x_wconf 87' lang='grc' dir='ltr'><strong>πόλεως</strong></span> <span class='ocrx_word' id='word_1_150' title='bbox 1282 2059 1388 2125; x_wconf 89' lang='grc' dir='ltr'><strong>τοῖς</strong></span> <span class='ocrx_word' id='word_1_151' title='bbox 1411 2056 1820 2137; x_wconf 75' lang='grc' dir='ltr'><strong>ἐπιγιγνομένοις</strong></span> <span class='ocrx_word' id='word_1_152' title='bbox 1853 2058 1947 2117; x_wconf 83' lang='grc' dir='ltr'>καὶ</span> <span class='ocrx_word' id='word_1_153' title='bbox 1970 2066 2079 2125; x_wconf 85' lang='grc' dir='ltr'><strong>τοῖς</strong></span> 
     </span>
     <span class='ocr_line' id='line_1_20' title="bbox 512 2136 2078 2227; baseline -0.005 -16"><span class='ocrx_word' id='word_1_154' title='bbox 512 2148 760 2217; x_wconf 80' lang='grc' dir='ltr'><strong>τοιούτοις</strong></span> <span class='ocrx_word' id='word_1_155' title='bbox 781 2152 829 2207; x_wconf 77' lang='grc' dir='ltr'>οἱ</span> <span class='ocrx_word' id='word_1_156' title='bbox 857 2144 1202 2227; x_wconf 77' lang='grc' dir='ltr'><strong>πρεσὸύτεροι</strong></span> <span class='ocrx_word' id='word_1_157' title='bbox 1237 2144 1606 2225; x_wconf 82' lang='grc' dir='ltr'><strong>παραδιδόασι.</strong></span> <span class='ocrx_word' id='word_1_158' title='bbox 1687 2144 1952 2217; x_wconf 77' lang='grc' dir='ltr'><strong>Τοιαύτης</strong></span> <span class='ocrx_word' id='word_1_159' title='bbox 1988 2136 2078 2204; x_wconf 87' lang='grc' dir='ltr'>ουν</span> 
     </span>
     <span class='ocr_line' id='line_1_21' title="bbox 437 2230 2078 2318; baseline -0.004 -21"><span class='ocrx_word' id='word_1_160' title='bbox 437 2256 492 2297; x_wconf 81' lang='lat'>2⁰</span> <span class='ocrx_word' id='word_1_161' title='bbox 519 2238 600 2297; x_wconf 77' lang='grc' dir='ltr'>ἀει</span> <span class='ocrx_word' id='word_1_162' title='bbox 615 2262 709 2309; x_wconf 89' lang='grc' dir='ltr'>της</span> <span class='ocrx_word' id='word_1_163' title='bbox 732 2235 972 2318; x_wconf 82' lang='grc' dir='ltr'><strong>περιόδου</strong></span> <span class='ocrx_word' id='word_1_164' title='bbox 1007 2230 1315 2313; x_wconf 78' lang='grc' dir='ltr'><strong>γιγνομένης</strong></span> <span class='ocrx_word' id='word_1_165' title='bbox 1343 2231 1626 2312; x_wconf 76' lang='grc' dir='ltr'><strong>ἀναγκαῖόν</strong></span> <span class='ocrx_word' id='word_1_166' title='bbox 1645 2236 1805 2307; x_wconf 73' lang='grc' dir='ltr'><strong>ἐστιν,</strong></span> <span class='ocrx_word' id='word_1_167' title='bbox 1831 2231 1979 2301; x_wconf 79' lang='grc' dir='ltr'><strong>ὅπως</strong></span> <span class='ocrx_word' id='word_1_168' title='bbox 2015 2232 2078 2291; x_wconf 75' lang='grc' dir='ltr'>ἂν</span> 
     </span>
     <span class='ocr_line' id='line_1_22' title="bbox 517 2320 2079 2407; baseline -0.003 -20"><span class='ocrx_word' id='word_1_169' title='bbox 517 2330 564 2387; x_wconf 77' lang='grc' dir='ltr'>οἱ</span> <span class='ocrx_word' id='word_1_170' title='bbox 585 2325 830 2407; x_wconf 82' lang='grc' dir='ltr'><strong>νεώτεροι</strong></span> <span class='ocrx_word' id='word_1_171' title='bbox 873 2324 1238 2397; x_wconf 74' lang='grc' dir='ltr'><strong>παιδευθῶσιν,</strong></span> <span class='ocrx_word' id='word_1_172' title='bbox 1261 2321 1398 2382; x_wconf 82' lang='grc' dir='ltr'><strong>οὕτω</strong></span> <span class='ocrx_word' id='word_1_173' title='bbox 1423 2320 1520 2393; x_wconf 84' lang='grc' dir='ltr'>τὴν</span> <span class='ocrx_word' id='word_1_174' title='bbox 1557 2322 1710 2383; x_wconf 83' lang='grc' dir='ltr'><strong>πόλιν</strong></span> <span class='ocrx_word' id='word_1_175' title='bbox 1745 2324 2079 2405; x_wconf 75' lang='grc' dir='ltr'><strong>πράττουσαν</strong></span> 
     </span>
     <span class='ocr_line' id='line_1_23' title="bbox 517 2410 2083 2495; baseline -0.001 -20"><span class='ocrx_word' id='word_1_176' title='bbox 517 2416 796 2475; x_wconf 81' lang='grc' dir='ltr'><strong>διατελεῖν·</strong></span> <span class='ocrx_word' id='word_1_177' title='bbox 829 2414 958 2473; x_wconf 84' lang='grc' dir='ltr'><strong>ὥστ’</strong></span> <span class='ocrx_word' id='word_1_178' title='bbox 990 2414 1050 2471; x_wconf 81' lang='grc' dir='ltr'>οὗ</span> <span class='ocrx_word' id='word_1_179' title='bbox 1097 2410 1340 2484; x_wconf 83' lang='grc' dir='ltr'><strong>ποιητέον</strong></span> <span class='ocrx_word' id='word_1_180' title='bbox 1367 2410 1484 2479; x_wconf 72' lang='grc' dir='ltr'><strong>τοὺς</strong></span> <span class='ocrx_word' id='word_1_181' title='bbox 1515 2412 1844 2495; x_wconf 76' lang='grc' dir='ltr'><strong>συκοφάντας</strong></span> <span class='ocrx_word' id='word_1_182' title='bbox 1879 2414 2083 2493; x_wconf 80' lang='grc' dir='ltr'><strong>κυρίους</strong></span> 
     </span>
     <span class='ocr_line' id='line_1_24' title="bbox 517 2498 2083 2583; baseline -0.002 -19"><span class='ocrx_word' id='word_1_183' title='bbox 517 2503 826 2577; x_wconf 79' lang='grc' dir='ltr'><strong>τηλικούτου</strong></span> <span class='ocrx_word' id='word_1_184' title='bbox 853 2502 1194 2583; x_wconf 83' lang='grc' dir='ltr'><strong>πράγματος,</strong></span> <span class='ocrx_word' id='word_1_185' title='bbox 1246 2498 1364 2560; x_wconf 73' lang='grc' dir='ltr'><strong>οὐδὲ</strong></span> <span class='ocrx_word' id='word_1_186' title='bbox 1408 2498 1530 2569; x_wconf 74' lang='grc' dir='ltr'><strong>τοὺς</strong></span> <span class='ocrx_word' id='word_1_187' title='bbox 1585 2500 1680 2577; x_wconf 86' lang='grc' dir='ltr'>μὲν</span> <span class='ocrx_word' id='word_1_188' title='bbox 1731 2501 1806 2580; x_wconf 83' lang='grc' dir='ltr'>μὴ</span> <span class='ocrx_word' id='word_1_189' title='bbox 1847 2502 2083 2571; x_wconf 83' lang='grc' dir='ltr'><strong>διδόντας</strong></span> 
     </span>
     <span class='ocr_line' id='line_1_25' title="bbox 516 2580 2080 2671; baseline -0.003 -20"><span class='ocrx_word' id='word_1_190' title='bbox 516 2590 716 2659; x_wconf 81' lang='grc' dir='ltr'><strong>τούτοις</strong></span> <span class='ocrx_word' id='word_1_191' title='bbox 735 2590 977 2671; x_wconf 81' lang='grc' dir='ltr'><strong>ἀργύριον</strong></span> <span class='ocrx_word' id='word_1_192' title='bbox 1007 2586 1349 2669; x_wconf 74' lang='grc' dir='ltr'><strong>τιμωρητέον,</strong></span> <span class='ocrx_word' id='word_1_193' title='bbox 1388 2588 1518 2669; x_wconf 88' lang='grc' dir='ltr'><strong>παρ’</strong></span> <span class='ocrx_word' id='word_1_194' title='bbox 1557 2580 1630 2647; x_wconf 77' lang='grc' dir='ltr'>ὥν</span> <span class='ocrx_word' id='word_1_195' title='bbox 1658 2588 1703 2647; x_wconf 87' lang='grc' dir='ltr'>δ’</span> <span class='ocrx_word' id='word_1_196' title='bbox 1747 2588 1810 2648; x_wconf 69' lang='grc' dir='ltr'>ἂν</span> <span class='ocrx_word' id='word_1_197' title='bbox 1845 2590 2080 2649; x_wconf 66' lang='grc' dir='ltr'><strong>λα’ὄωσιν</strong></span> 
     </span>
     <span class='ocr_line' id='line_1_26' title="bbox 439 2678 2078 2759; baseline -0.002 -17"><span class='ocrx_word' id='word_1_198' title='bbox 439 2695 492 2735; x_wconf 74' lang='lat'>2⁵</span> <span class='ocrx_word' id='word_1_199' title='bbox 518 2682 696 2741; x_wconf 79' lang='grc' dir='ltr'><strong>ἐατέον</strong></span> <span class='ocrx_word' id='word_1_200' title='bbox 739 2686 904 2741; x_wconf 84' lang='grc' dir='ltr'><strong>ποιεῖν</strong></span> <span class='ocrx_word' id='word_1_201' title='bbox 931 2678 964 2739; x_wconf 77' lang='grc' dir='ltr'>ὅ</span> <span class='ocrx_word' id='word_1_202' title='bbox 979 2703 1033 2740; x_wconf 90' lang='grc' dir='ltr'>τι</span> <span class='ocrx_word' id='word_1_203' title='bbox 1059 2678 1124 2739; x_wconf 73' lang='grc' dir='ltr'>ἂν</span> <span class='ocrx_word' id='word_1_204' title='bbox 1149 2682 1492 2759; x_wconf 75' lang='grc' dir='ltr'><strong>βουληθῶσιν,</strong></span> <span class='ocrx_word' id='word_1_205' title='bbox 1539 2681 1654 2757; x_wconf 71' lang='grc'><strong>(175)</strong></span> <span class='ocrx_word' id='word_1_206' title='bbox 1697 2680 1814 2741; x_wconf 80' lang='grc' dir='ltr'><strong>ἀλλ’</strong></span> <span class='ocrx_word' id='word_1_207' title='bbox 1837 2684 1882 2741; x_wconf 82' lang='grc' dir='ltr'>εἶ</span> <span class='ocrx_word' id='word_1_208' title='bbox 1909 2680 2007 2758; x_wconf 84' lang='grc' dir='ltr'>μὲν</span> <span class='ocrx_word' id='word_1_209' title='bbox 2044 2684 2078 2752; x_wconf 80' lang='grc' dir='ltr'>ἡ</span> 
     </span>
     <span class='ocr_line' id='line_1_27' title="bbox 521 2764 2083 2852; baseline -0.001 -23"><span class='ocrx_word' id='word_1_210' title='bbox 521 2767 796 2852; x_wconf 73' lang='grc' dir='ltr'><strong>φιλοσοφία</strong></span> <span class='ocrx_word' id='word_1_211' title='bbox 823 2767 1070 2839; x_wconf 77' lang='grc' dir='ltr'><strong>τοιαύτην</strong></span> <span class='ocrx_word' id='word_1_212' title='bbox 1097 2766 1208 2847; x_wconf 79' lang='grc' dir='ltr'><strong>ἔχει</strong></span> <span class='ocrx_word' id='word_1_213' title='bbox 1226 2765 1445 2845; x_wconf 87' lang='grc' dir='ltr'><strong>δύναμιν</strong></span> <span class='ocrx_word' id='word_1_214' title='bbox 1469 2764 1605 2826; x_wconf 86' lang='grc' dir='ltr'><strong>ὥστε</strong></span> <span class='ocrx_word' id='word_1_215' title='bbox 1629 2768 1940 2849; x_wconf 76' lang='grc' dir='ltr'><strong>διαφθείρειν</strong></span> <span class='ocrx_word' id='word_1_216' title='bbox 1964 2767 2083 2837; x_wconf 72' lang='grc' dir='ltr'><strong>τοὺς</strong></span> 
     </span>
     <span class='ocr_line' id='line_1_28' title="bbox 519 2854 2083 2939; baseline -0.001 -22"><span class='ocrx_word' id='word_1_217' title='bbox 519 2856 820 2939; x_wconf 79' lang='grc' dir='ltr'><strong>νεωτέρους,</strong></span> <span class='ocrx_word' id='word_1_218' title='bbox 839 2860 898 2917; x_wconf 78' lang='grc' dir='ltr'>οὗ</span> <span class='ocrx_word' id='word_1_219' title='bbox 917 2862 1096 2916; x_wconf 87' lang='grc' dir='ltr'><strong>τοῦτον</strong></span> <span class='ocrx_word' id='word_1_220' title='bbox 1119 2854 1224 2937; x_wconf 76' lang='grc' dir='ltr'>χρὴ</span> <span class='ocrx_word' id='word_1_221' title='bbox 1251 2854 1409 2933; x_wconf 85' lang='grc' dir='ltr'><strong>μόνον</strong></span> <span class='ocrx_word' id='word_1_222' title='bbox 1433 2856 1670 2926; x_wconf 77' lang='grc' dir='ltr'><strong>κολάζειν</strong></span> <span class='ocrx_word' id='word_1_223' title='bbox 1699 2856 1754 2916; x_wconf 88' lang='grc' dir='ltr'>δν</span> <span class='ocrx_word' id='word_1_224' title='bbox 1787 2856 1850 2915; x_wconf 75' lang='grc' dir='ltr'>ἂν</span> <span class='ocrx_word' id='word_1_225' title='bbox 1873 2856 2083 2939; x_wconf 81' lang='grc' dir='ltr'><strong>γράψη-</strong></span> 
     </span>
     <span class='ocr_line' id='line_1_29' title="bbox 517 2942 2083 3017; baseline -0.001 -12"><span class='ocrx_word' id='word_1_226' title='bbox 517 2945 608 3005; x_wconf 85' lang='grc' dir='ltr'>ταί</span> <span class='ocrx_word' id='word_1_227' title='bbox 627 2969 706 3014; x_wconf 90' lang='grc' dir='ltr'>τις</span> <span class='ocrx_word' id='word_1_228' title='bbox 749 2944 966 3017; x_wconf 86' lang='grc' dir='ltr'><strong>τούτων,</strong></span> <span class='ocrx_word' id='word_1_229' title='bbox 997 2942 1133 3003; x_wconf 80' lang='grc' dir='ltr'><strong>ἀλλὰ</strong></span> <span class='ocrx_word' id='word_1_230' title='bbox 1180 2944 1383 3010; x_wconf 86' lang='grc' dir='ltr'><strong>πάντας</strong></span> <span class='ocrx_word' id='word_1_231' title='bbox 1408 2945 1644 3003; x_wconf 75' lang='grc' dir='ltr'><strong>ἐκποδὼν</strong></span> <span class='ocrx_word' id='word_1_232' title='bbox 1675 2946 1937 3004; x_wconf 85' lang='grc' dir='ltr'><strong>ποιεῖσθαι</strong></span> <span class='ocrx_word' id='word_1_233' title='bbox 1964 2944 2083 3013; x_wconf 81' lang='grc' dir='ltr'><strong>τοὺς</strong></span> 
     </span>
     <span class='ocr_line' id='line_1_30' title="bbox 519 3030 2083 3116; baseline -0.002 -21"><span class='ocrx_word' id='word_1_234' title='bbox 519 3034 640 3116; x_wconf 75' lang='grc' dir='ltr'><strong>περὶ</strong></span> <span class='ocrx_word' id='word_1_235' title='bbox 662 3034 758 3107; x_wconf 80' lang='grc' dir='ltr'>τὴν</span> <span class='ocrx_word' id='word_1_236' title='bbox 777 3033 1047 3115; x_wconf 75' lang='grc' dir='ltr'><strong>διατριὸἡν</strong></span> <span class='ocrx_word' id='word_1_237' title='bbox 1067 3031 1264 3105; x_wconf 89' lang='grc' dir='ltr'><strong>ταύτην</strong></span> <span class='ocrx_word' id='word_1_238' title='bbox 1286 3030 1465 3100; x_wconf 80' lang='grc' dir='ltr'><strong>ὄντας·</strong></span> <span class='ocrx_word' id='word_1_239' title='bbox 1485 3035 1532 3091; x_wconf 74' lang='grc' dir='ltr'>εἰ</span> <span class='ocrx_word' id='word_1_240' title='bbox 1558 3034 1613 3091; x_wconf 81' lang='grc' dir='ltr'>δὲ</span> <span class='ocrx_word' id='word_1_241' title='bbox 1645 3035 1884 3092; x_wconf 78' lang='grc' dir='ltr'><strong>τοῦναντι</strong></span> <span class='ocrx_word' id='word_1_242' title='bbox 1875 3033 1944 3093; x_wconf 87' lang='grc' dir='ltr'>ὀν</span> <span class='ocrx_word' id='word_1_243' title='bbox 1983 3033 2083 3092; x_wconf 82' lang='grc' dir='ltr'>πέ-</span> 
     </span>
     <span class='ocr_line' id='line_1_31' title="bbox 443 3120 2081 3207; baseline -0.001 -25"><span class='ocrx_word' id='word_1_244' title='bbox 443 3141 498 3182; x_wconf 76' lang='lat'>³0</span> <span class='ocrx_word' id='word_1_245' title='bbox 523 3146 680 3207; x_wconf 82' lang='grc' dir='ltr'><strong>φυκεν</strong></span> <span class='ocrx_word' id='word_1_246' title='bbox 708 3122 833 3182; x_wconf 90' lang='grc' dir='ltr'>ὥστ</span> <span class='ocrx_word' id='word_1_247' title='bbox 863 3125 1083 3205; x_wconf 80' lang='grc' dir='ltr'><strong>ὠφελεῖν</strong></span> <span class='ocrx_word' id='word_1_248' title='bbox 1120 3120 1210 3181; x_wconf 77' lang='grc' dir='ltr'>καὶ</span> <span class='ocrx_word' id='word_1_249' title='bbox 1243 3120 1476 3201; x_wconf 87' lang='grc' dir='ltr'><strong>βελτίους</strong></span> <span class='ocrx_word' id='word_1_250' title='bbox 1503 3123 1668 3181; x_wconf 83' lang='grc' dir='ltr'><strong>ποιεῖν</strong></span> <span class='ocrx_word' id='word_1_251' title='bbox 1707 3146 1824 3189; x_wconf 86' lang='grc' dir='ltr'><strong>τους</strong></span> <span class='ocrx_word' id='word_1_252' title='bbox 1849 3122 2081 3194; x_wconf 79' lang='grc' dir='ltr'><strong>πλησιά-</strong></span> 
     </span>
     <span class='ocr_line' id='line_1_32' title="bbox 525 3206 2086 3287; baseline -0.001 -17"><span class='ocrx_word' id='word_1_253' title='bbox 525 3214 706 3281; x_wconf 85' lang='grc' dir='ltr'><strong>ζοντας</strong></span> <span class='ocrx_word' id='word_1_254' title='bbox 744 3211 835 3270; x_wconf 73' lang='grc' dir='ltr'>καὶ</span> <span class='ocrx_word' id='word_1_255' title='bbox 879 3207 1095 3277; x_wconf 84' lang='grc' dir='ltr'><strong>πλέονος</strong></span> <span class='ocrx_word' id='word_1_256' title='bbox 1122 3207 1319 3280; x_wconf 81' lang='grc' dir='ltr'><strong>ἀξίους,</strong></span> <span class='ocrx_word' id='word_1_257' title='bbox 1348 3206 1464 3275; x_wconf 88' lang='grc' dir='ltr'><strong>τους</strong></span> <span class='ocrx_word' id='word_1_258' title='bbox 1503 3207 1596 3287; x_wconf 79' lang='grc' dir='ltr'>μὲν</span> <span class='ocrx_word' id='word_1_259' title='bbox 1645 3208 1898 3269; x_wconf 59' lang='lat' dir='ltr'>&amp;ineam-r</span> <span class='ocrx_word' id='word_1_260' title='bbox 1891 3209 2086 3286; x_wconf 80' lang='grc' dir='ltr'><strong>,μένους</strong></span> 
     </span>
     <span class='ocr_line' id='line_1_33' title="bbox 521 3294 2087 3468; baseline -0.01 -21"><span class='ocrx_word' id='word_1_261' title='bbox 521 3322 658 3460; x_wconf 55' lang='lat' dir='ltr'>as,</span> <span class='ocrx_word' id='word_1_262' title='bbox 681 3294 1161 3466; x_wconf 50' lang='lat' dir='ltr'>:firmatim</span> <span class='ocrx_word' id='word_1_263' title='bbox 1181 3295 2087 3468; x_wconf 46' lang='lat'>2363522312322033112}32211</span> 
     </span>
     <span class='ocr_line' id='line_1_34' title="bbox 527 3470 2087 3553; baseline -0.001 -20"><span class='ocrx_word' id='word_1_264' title='bbox 527 3473 636 3534; x_wconf 82' lang='grc' dir='ltr'><strong>6ε1ν</strong></span> <span class='ocrx_word' id='word_1_265' title='bbox 683 3474 880 3550; x_wconf 78' lang='grc' dir='ltr'><strong>μᾶλλον</strong></span> <span class='ocrx_word' id='word_1_266' title='bbox 907 3470 943 3543; x_wconf 79' lang='grc' dir='ltr'>ἢ</span> <span class='ocrx_word' id='word_1_267' title='bbox 967 3474 1070 3541; x_wconf 85' lang='grc' dir='ltr'><strong>τοῖς</strong></span> <span class='ocrx_word' id='word_1_268' title='bbox 1113 3472 1286 3539; x_wconf 80' lang='grc' dir='ltr'><strong>ἄλλοις</strong></span> <span class='ocrx_word' id='word_1_269' title='bbox 1330 3472 1730 3548; x_wconf 75' lang='grc' dir='ltr'><strong>ἐπιτηδεύμασι.</strong></span> <span class='ocrx_word' id='word_1_270' title='bbox 1815 3470 1929 3553; x_wconf 69' lang='grc'><strong>(176)</strong></span> <span class='ocrx_word' id='word_1_271' title='bbox 1972 3474 2087 3553; x_wconf 85' lang='grc' dir='ltr'><strong>Πρὸ</strong></span> 
     </span>
     <span class='ocr_line' id='line_1_35' title="bbox 445 3554 2087 3643; baseline -0.001 -20"><span class='ocrx_word' id='word_1_272' title='bbox 445 3582 498 3623; x_wconf 73' lang='lat'>25</span> <span class='ocrx_word' id='word_1_273' title='bbox 524 3562 734 3621; x_wconf 81' lang='grc' dir='ltr'><strong>πολλῶν</strong></span> <span class='ocrx_word' id='word_1_274' title='bbox 766 3560 810 3618; x_wconf 84' lang='grc' dir='ltr'>δ’</span> <span class='ocrx_word' id='word_1_275' title='bbox 861 3560 924 3618; x_wconf 79' lang='grc' dir='ltr'>ἂν</span> <span class='ocrx_word' id='word_1_276' title='bbox 973 3559 1327 3635; x_wconf 79' lang='grc' dir='ltr'><strong>ἐποιησάμην,</strong></span> <span class='ocrx_word' id='word_1_277' title='bbox 1365 3554 1580 3639; x_wconf 50' lang='grc' dir='ltr'><strong>εἶπερτ</strong></span> <span class='ocrx_word' id='word_1_278' title='bbox 1546 3586 1610 3632; x_wconf 90' lang='grc' dir='ltr'>ην</span> <span class='ocrx_word' id='word_1_279' title='bbox 1641 3560 1952 3643; x_wconf 74' lang='grc' dir='ltr'><strong>εἱμαρμένον</strong></span> <span class='ocrx_word' id='word_1_280' title='bbox 1998 3587 2087 3640; x_wconf 89' lang='grc' dir='ltr'>μοι</span> 
     </span>
     <span class='ocr_line' id='line_1_36' title="bbox 527 3646 2087 3731; baseline 0.001 -24"><span class='ocrx_word' id='word_1_281' title='bbox 527 3649 729 3728; x_wconf 78' lang='grc' dir='ltr'><strong>φεύγειν</strong></span> <span class='ocrx_word' id='word_1_282' title='bbox 747 3646 842 3719; x_wconf 83' lang='grc' dir='ltr'>τὴν</span> <span class='ocrx_word' id='word_1_283' title='bbox 868 3648 1074 3731; x_wconf 69' lang='grc' dir='ltr'><strong>γραφὴν</strong></span> <span class='ocrx_word' id='word_1_284' title='bbox 1102 3646 1317 3720; x_wconf 90' lang='grc' dir='ltr'><strong>ταύτην,</strong></span> <span class='ocrx_word' id='word_1_285' title='bbox 1339 3648 1625 3724; x_wconf 80' lang='grc' dir='ltr'><strong>ἀκμάζοντί</strong></span> <span class='ocrx_word' id='word_1_286' title='bbox 1659 3672 1746 3724; x_wconf 89' lang='grc' dir='ltr'>μοι</span> <span class='ocrx_word' id='word_1_287' title='bbox 1770 3660 2087 3728; x_wconf 86' lang='grc' dir='ltr'><strong>προσπεσεῖν</strong></span> 
     </span>
     <span class='ocr_line' id='line_1_37' title="bbox 527 3730 2088 3817; baseline 0.001 -19"><span class='ocrx_word' id='word_1_288' title='bbox 527 3762 614 3798; x_wconf 90' lang='grc' dir='ltr'>τον</span> <span class='ocrx_word' id='word_1_289' title='bbox 642 3737 897 3798; x_wconf 82' lang='grc' dir='ltr'><strong>κίνδυνον·</strong></span> <span class='ocrx_word' id='word_1_290' title='bbox 926 3738 985 3795; x_wconf 82' lang='grc' dir='ltr'>οὗ</span> <span class='ocrx_word' id='word_1_291' title='bbox 1021 3734 1190 3817; x_wconf 75' lang='grc' dir='ltr'>γὰρ</span> <span class='ocrx_word' id='word_1_292' title='bbox 1165 3760 1227 3794; x_wconf 90' lang='grc' dir='ltr'>αν</span> <span class='ocrx_word' id='word_1_293' title='bbox 1255 3733 1506 3814; x_wconf 79' lang='grc' dir='ltr'><strong>ἠθύμουν,</strong></span> <span class='ocrx_word' id='word_1_294' title='bbox 1537 3736 1674 3796; x_wconf 75' lang='grc' dir='ltr'><strong>ἀλλὰ</strong></span> <span class='ocrx_word' id='word_1_295' title='bbox 1706 3739 1904 3814; x_wconf 76' lang='grc' dir='ltr'><strong>μᾶλλον</strong></span> <span class='ocrx_word' id='word_1_296' title='bbox 1929 3730 2088 3799; x_wconf 76' lang='grc' dir='ltr'><strong>οἶόστ’</strong></span> 
     </span>
     <span class='ocr_line' id='line_1_38' title="bbox 529 3822 2087 3909; baseline -0.001 -22"><span class='ocrx_word' id='word_1_297' title='bbox 529 3825 592 3887; x_wconf 73' lang='grc' dir='ltr'>ἂν</span> <span class='ocrx_word' id='word_1_298' title='bbox 616 3824 866 3907; x_wconf 79' lang='grc' dir='ltr'><strong>ἐγενόμην</strong></span> <span class='ocrx_word' id='word_1_299' title='bbox 900 3824 990 3883; x_wconf 74' lang='grc' dir='ltr'>καὶ</span> <span class='ocrx_word' id='word_1_300' title='bbox 1020 3824 1108 3883; x_wconf 82' lang='grc' dir='ltr'>τὸν</span> <span class='ocrx_word' id='word_1_301' title='bbox 1146 3823 1435 3905; x_wconf 82' lang='grc' dir='ltr'><strong>κατήγορον</strong></span> <span class='ocrx_word' id='word_1_302' title='bbox 1471 3822 1768 3901; x_wconf 77' lang='grc' dir='ltr'><strong>ἀμύνασθαι</strong></span> <span class='ocrx_word' id='word_1_303' title='bbox 1795 3850 1885 3885; x_wconf 86' lang='grc' dir='ltr'>και</span> <span class='ocrx_word' id='word_1_304' title='bbox 1907 3831 1973 3906; x_wconf 79' lang='grc' dir='ltr'>τῇ</span> <span class='ocrx_word' id='word_1_305' title='bbox 2003 3850 2087 3909; x_wconf 79' lang='grc' dir='ltr'>φι-</span> 
     </span>
     <span class='ocr_line' id='line_1_39' title="bbox 528 3912 2086 3997; baseline -0.002 -20"><span class='ocrx_word' id='word_1_306' title='bbox 528 3914 748 3997; x_wconf 75' lang='grc' dir='ltr'><strong>λοσοφία</strong></span> <span class='ocrx_word' id='word_1_307' title='bbox 799 3918 1084 3995; x_wconf 76' lang='grc' dir='ltr'><strong>βοηθῆσαι·</strong></span> <span class='ocrx_word' id='word_1_308' title='bbox 1131 3918 1219 3972; x_wconf 89' lang='grc' dir='ltr'>νῦν</span> <span class='ocrx_word' id='word_1_309' title='bbox 1254 3912 1308 3971; x_wconf 84' lang='grc' dir='ltr'>δὲ</span> <span class='ocrx_word' id='word_1_310' title='bbox 1345 3912 1608 3993; x_wconf 75' lang='grc' dir='ltr'><strong>φοὸοῦμαι</strong></span> <span class='ocrx_word' id='word_1_311' title='bbox 1648 3912 1723 3992; x_wconf 79' lang='grc' dir='ltr'>μὴ</span> <span class='ocrx_word' id='word_1_312' title='bbox 1763 3914 1850 3973; x_wconf 81' lang='grc' dir='ltr'>διὰ</span> <span class='ocrx_word' id='word_1_313' title='bbox 1891 3914 2086 3988; x_wconf 88' lang='grc' dir='ltr'><strong>ταύτην</strong></span> 
     </span>
     <span class='ocr_line' id='line_1_40' title="bbox 451 4000 2090 4116; baseline -0.002 -51"><span class='ocrx_word' id='word_1_314' title='bbox 451 4026 506 4065; x_wconf 71' lang='grc' dir='ltr'>ιο</span> <span class='ocrx_word' id='word_1_315' title='bbox 530 4004 663 4085; x_wconf 76' lang='grc' dir='ltr'><strong>ὑπὲρ</strong></span> <span class='ocrx_word' id='word_1_316' title='bbox 683 4004 854 4063; x_wconf 78' lang='grc' dir='ltr'><strong>ἄλλων</strong></span> <span class='ocrx_word' id='word_1_317' title='bbox 886 4000 1210 4111; x_wconf 85' lang='grc' dir='ltr'><strong>πραγμάτων</strong></span> <span class='ocrx_word' id='word_1_318' title='bbox 1237 4004 1478 4069; x_wconf 82' lang='grc' dir='ltr'><strong>ἐπιεικῶς</strong></span> <span class='ocrx_word' id='word_1_319' title='bbox 1509 4001 1754 4116; x_wconf 77' lang='grc' dir='ltr'><strong>εἰρηκώς,</strong></span> <span class='ocrx_word' id='word_1_320' title='bbox 1781 4001 1903 4085; x_wconf 75' lang='grc' dir='ltr'><strong>περὶ</strong></span> <span class='ocrx_word' id='word_1_321' title='bbox 1927 4006 2090 4077; x_wconf 79' lang='grc' dir='ltr'><strong>αὐτῆς</strong></span> 
     </span>
     <span class='ocr_line' id='line_1_41' title="bbox 531 4081 2091 4173; baseline 0 -21"><span class='ocrx_word' id='word_1_322' title='bbox 531 4093 723 4166; x_wconf 88' lang='grc' dir='ltr'><strong>ταύτης</strong></span> <span class='ocrx_word' id='word_1_323' title='bbox 757 4099 930 4173; x_wconf 86' lang='grc' dir='ltr'><strong>χεῖρον</strong></span> <span class='ocrx_word' id='word_1_324' title='bbox 965 4091 1110 4171; x_wconf 87' lang='grc' dir='ltr'><strong>τύχω</strong></span> <span class='ocrx_word' id='word_1_325' title='bbox 1158 4087 1446 4169; x_wconf 81' lang='grc' dir='ltr'><strong>διαλεχθεὶς</strong></span> <span class='ocrx_word' id='word_1_326' title='bbox 1473 4088 1508 4161; x_wconf 87' lang='grc' dir='ltr'>ἢ</span> <span class='ocrx_word' id='word_1_327' title='bbox 1535 4081 1738 4171; x_wconf 56' lang='lat' dir='ltr'>«ii-epi*</span> <span class='ocrx_word' id='word_1_328' title='bbox 1699 4115 1771 4149; x_wconf 90' lang='grc' dir='ltr'>ων</span> <span class='ocrx_word' id='word_1_329' title='bbox 1803 4083 1959 4164; x_wconf 71' lang='grc' dir='ltr'><strong>ἧττόν</strong></span> <span class='ocrx_word' id='word_1_330' title='bbox 2001 4116 2091 4170; x_wconf 86' lang='grc' dir='ltr'>μοι</span> 
     </span>
     <span class='ocr_line' id='line_1_42' title="bbox 534 4176 2090 4261; baseline -0.002 -21"><span class='ocrx_word' id='word_1_331' title='bbox 534 4180 828 4241; x_wconf 83' lang='grc' dir='ltr'><strong>σπουδάσαι</strong></span> <span class='ocrx_word' id='word_1_332' title='bbox 854 4184 1105 4260; x_wconf 76' lang='grc' dir='ltr'><strong>προσῆκε.</strong></span> <span class='ocrx_word' id='word_1_333' title='bbox 1192 4178 1304 4260; x_wconf 92' lang='grc'><strong>(177)</strong></span> <span class='ocrx_word' id='word_1_334' title='bbox 1333 4177 1523 4238; x_wconf 83' lang='grc' dir='ltr'><strong>Καίτοι</strong></span> <span class='ocrx_word' id='word_1_335' title='bbox 1551 4176 1798 4256; x_wconf 87' lang='grc' dir='ltr'><strong>δεξαίμην</strong></span> <span class='ocrx_word' id='word_1_336' title='bbox 1833 4178 1895 4237; x_wconf 78' lang='grc' dir='ltr'>ἄν</span> <span class='ocrx_word' id='word_1_337' title='bbox 1928 4180 1969 4244; x_wconf 80' lang='grc' dir='ltr'>(ε</span> <span class='ocrx_word' id='word_1_338' title='bbox 1946 4180 2090 4261; x_wconf 82' lang='grc' dir='ltr'><strong>ἰρή-</strong></span> 
     </span>
     <span class='ocr_line' id='line_1_43' title="bbox 535 4264 2089 4349; baseline -0.002 -22"><span class='ocrx_word' id='word_1_339' title='bbox 535 4291 681 4328; x_wconf 84' lang='grc' dir='ltr'><strong>σεται</strong></span> <span class='ocrx_word' id='word_1_340' title='bbox 706 4267 808 4349; x_wconf 77' lang='grc' dir='ltr'>γὰρ</span> <span class='ocrx_word' id='word_1_341' title='bbox 835 4265 1080 4339; x_wconf 76' lang='grc' dir='ltr'><strong>τάληθές,</strong></span> <span class='ocrx_word' id='word_1_342' title='bbox 1117 4269 1160 4325; x_wconf 80' lang='grc' dir='ltr'>εἶ</span> <span class='ocrx_word' id='word_1_343' title='bbox 1187 4264 1280 4325; x_wconf 81' lang='grc' dir='ltr'>καὶ</span> <span class='ocrx_word' id='word_1_344' title='bbox 1317 4287 1489 4345; x_wconf 87' lang='grc' dir='ltr'><strong>μωρος</strong></span> <span class='ocrx_word' id='word_1_345' title='bbox 1523 4269 1552 4323; x_wconf 81' lang='grc' dir='ltr'><strong>δ</strong></span> <span class='ocrx_word' id='word_1_346' title='bbox 1591 4265 1740 4342; x_wconf 84' lang='grc' dir='ltr'><strong>λόγος</strong></span> <span class='ocrx_word' id='word_1_347' title='bbox 1775 4264 1958 4345; x_wconf 80' lang='grc' dir='ltr'><strong>ἐστίν)</strong></span> <span class='ocrx_word' id='word_1_348' title='bbox 1988 4268 2089 4340; x_wconf 87' lang='grc' dir='ltr'><strong>ἤδη</strong></span> 
     </span>
     <span class='ocr_line' id='line_1_44' title="bbox 534 4350 2089 4435; baseline 0.001 -22"><span class='ocrx_word' id='word_1_349' title='bbox 534 4357 844 4426; x_wconf 72' lang='grc' dir='ltr'><strong>τελευτῆσαι</strong></span> <span class='ocrx_word' id='word_1_350' title='bbox 883 4354 969 4413; x_wconf 83' lang='grc' dir='ltr'>τὸν</span> <span class='ocrx_word' id='word_1_351' title='bbox 1015 4352 1126 4435; x_wconf 87' lang='grc' dir='ltr'><strong>βίον</strong></span> <span class='ocrx_word' id='word_1_352' title='bbox 1167 4352 1322 4423; x_wconf 85' lang='grc' dir='ltr'><strong>ἀξίως</strong></span> <span class='ocrx_word' id='word_1_353' title='bbox 1357 4350 1516 4411; x_wconf 80' lang='grc' dir='ltr'><strong>εἰπὼν</strong></span> <span class='ocrx_word' id='word_1_354' title='bbox 1549 4358 1642 4425; x_wconf 80' lang='grc' dir='ltr'>τῆς</span> <span class='ocrx_word' id='word_1_355' title='bbox 1683 4352 1971 4421; x_wconf 79' lang='grc' dir='ltr'><strong>ὑποθέσεως</strong></span> <span class='ocrx_word' id='word_1_356' title='bbox 1999 4354 2089 4414; x_wconf 79' lang='grc' dir='ltr'>καὶ</span> 
     </span>
     <span class='ocr_line' id='line_1_45' title="bbox 457 4440 2090 4522; baseline 0 -19"><span class='ocrx_word' id='word_1_357' title='bbox 457 4471 512 4511; x_wconf 73' lang='lat'>⁴5</span> <span class='ocrx_word' id='word_1_358' title='bbox 535 4444 718 4510; x_wconf 86' lang='grc' dir='ltr'><strong>πείσας</strong></span> <span class='ocrx_word' id='word_1_359' title='bbox 751 4447 886 4520; x_wconf 75' lang='grc' dir='ltr'><strong>ὑμᾶς</strong></span> <span class='ocrx_word' id='word_1_360' title='bbox 912 4440 1154 4514; x_wconf 85' lang='grc' dir='ltr'><strong>τοιαύτην</strong></span> <span class='ocrx_word' id='word_1_361' title='bbox 1187 4442 1412 4518; x_wconf 85' lang='grc' dir='ltr'><strong>νομίζειν</strong></span> <span class='ocrx_word' id='word_1_362' title='bbox 1435 4442 1528 4513; x_wconf 82' lang='grc' dir='ltr'>τὴν</span> <span class='ocrx_word' id='word_1_363' title='bbox 1559 4445 1662 4501; x_wconf 83' lang='grc' dir='ltr'>τῶν</span> <span class='ocrx_word' id='word_1_364' title='bbox 1680 4441 1849 4521; x_wconf 86' lang='grc' dir='ltr'><strong>λόγων</strong></span> <span class='ocrx_word' id='word_1_365' title='bbox 1869 4442 2090 4522; x_wconf 83' lang='grc' dir='ltr'><strong>μελέτην</strong></span> 
     </span>
     <span class='ocr_line' id='line_1_46' title="bbox 539 4526 2092 4614; baseline 0.001 -24"><span class='ocrx_word' id='word_1_366' title='bbox 539 4530 623 4591; x_wconf 78' lang='grc' dir='ltr'>οἵα</span> <span class='ocrx_word' id='word_1_367' title='bbox 645 4530 744 4611; x_wconf 79' lang='grc' dir='ltr'>πέρ</span> <span class='ocrx_word' id='word_1_368' title='bbox 769 4534 910 4603; x_wconf 72' lang='grc' dir='ltr'><strong>ἔστι,</strong></span> <span class='ocrx_word' id='word_1_369' title='bbox 942 4532 1141 4605; x_wconf 80' lang='grc' dir='ltr'><strong>μᾶλλον</strong></span> <span class='ocrx_word' id='word_1_370' title='bbox 1185 4526 1221 4599; x_wconf 80' lang='grc' dir='ltr'>ἢ</span> <span class='ocrx_word' id='word_1_371' title='bbox 1251 4534 1341 4601; x_wconf 78' lang='grc' dir='ltr'>ζῆν</span> <span class='ocrx_word' id='word_1_372' title='bbox 1373 4531 1718 4590; x_wconf 87' lang='grc' dir='ltr'><strong>πολυπλασίω</strong></span> <span class='ocrx_word' id='word_1_373' title='bbox 1746 4531 1931 4612; x_wconf 75' lang='grc' dir='ltr'><strong>χρόνον</strong></span> <span class='ocrx_word' id='word_1_374' title='bbox 1970 4536 2092 4614; x_wconf 79' lang='grc' dir='ltr'><strong>ἐφο-</strong></span> 
     </span>
     <span class='ocr_line' id='line_1_47' title="bbox 541 4614 2090 4703; baseline 0.001 -25"><span class='ocrx_word' id='word_1_375' title='bbox 541 4624 642 4703; x_wconf 80' lang='grc' dir='ltr'>ρῶν</span> <span class='ocrx_word' id='word_1_376' title='bbox 695 4615 854 4685; x_wconf 72' lang='grc' dir='ltr'><strong>οὕτως</strong></span> <span class='ocrx_word' id='word_1_377' title='bbox 894 4614 1130 4687; x_wconf 66' lang='grc' dir='ltr'><strong>αὖτὴν”</strong></span> <span class='ocrx_word' id='word_1_378' title='bbox 1092 4638 1272 4699; x_wconf 89' lang='grc' dir='ltr'><strong>ωσπερ</strong></span> <span class='ocrx_word' id='word_1_379' title='bbox 1319 4623 1408 4677; x_wconf 90' lang='grc' dir='ltr'>νῦν</span> <span class='ocrx_word' id='word_1_380' title='bbox 1457 4622 1582 4699; x_wconf 89' lang='grc' dir='ltr'><strong>παρ’</strong></span> <span class='ocrx_word' id='word_1_381' title='bbox 1615 4624 1737 4697; x_wconf 79' lang='grc' dir='ltr'><strong>ὑμῖν</strong></span> <span class='ocrx_word' id='word_1_382' title='bbox 1785 4620 2090 4701; x_wconf 76' lang='grc' dir='ltr'><strong>φερομένην.</strong></span> 
     </span>
     <span class='ocr_line' id='line_1_48' title="bbox 541 4694 2088 4792; baseline 0 -23"><span class='ocrx_word' id='word_1_383' title='bbox 541 4704 652 4792; x_wconf 72' lang='grc'><strong>(178)</strong></span> <span class='ocrx_word' id='word_1_384' title='bbox 679 4709 791 4780; x_wconf 89' lang='grc' dir='ltr'>Της</span> <span class='ocrx_word' id='word_1_385' title='bbox 825 4702 918 4783; x_wconf 70' lang='grc' dir='ltr'>μὲν</span> <span class='ocrx_word' id='word_1_386' title='bbox 945 4694 1032 4763; x_wconf 90' lang='grc' dir='ltr'>ουν</span> <span class='ocrx_word' id='word_1_387' title='bbox 1058 4703 1335 4781; x_wconf 78' lang='grc' dir='ltr'><strong>ἐπιθυμίας</strong></span> <span class='ocrx_word' id='word_1_388' title='bbox 1361 4696 1457 4764; x_wconf 70' lang='grc' dir='ltr'><strong>οἶδ’</strong></span> <span class='ocrx_word' id='word_1_389' title='bbox 1485 4706 1563 4765; x_wconf 81' lang='grc' dir='ltr'>ὅτι</span> <span class='ocrx_word' id='word_1_390' title='bbox 1585 4708 1718 4767; x_wconf 76' lang='grc' dir='ltr'><strong>πολὺ</strong></span> <span class='ocrx_word' id='word_1_391' title='bbox 1747 4710 2088 4769; x_wconf 79' lang='grc' dir='ltr'><strong>καταδεέστε-</strong></span> 
     </span>
     <span class='ocr_line' id='line_1_49' title="bbox 542 4790 2092 4879; baseline 0.001 -23"><span class='ocrx_word' id='word_1_392' title='bbox 542 4821 626 4879; x_wconf 90' lang='grc' dir='ltr'>ρον</span> <span class='ocrx_word' id='word_1_393' title='bbox 664 4798 905 4875; x_wconf 77' lang='grc' dir='ltr'><strong>ἐροῦμεν·</strong></span> <span class='ocrx_word' id='word_1_394' title='bbox 941 4790 1084 4871; x_wconf 77' lang='grc' dir='ltr'><strong>ὅμως</strong></span> <span class='ocrx_word' id='word_1_395' title='bbox 1122 4792 1167 4851; x_wconf 87' lang='grc' dir='ltr'>δ’</span> <span class='ocrx_word' id='word_1_396' title='bbox 1207 4790 1344 4860; x_wconf 80' lang='grc' dir='ltr'><strong>ὅπως</strong></span> <span class='ocrx_word' id='word_1_397' title='bbox 1372 4791 1436 4853; x_wconf 80' lang='grc' dir='ltr'>ἂν</span> <span class='ocrx_word' id='word_1_398' title='bbox 1464 4793 1728 4873; x_wconf 86' lang='grc' dir='ltr'><strong>δύνωμαι,</strong></span> <span class='ocrx_word' id='word_1_399' title='bbox 1771 4796 2092 4878; x_wconf 87' lang='grc' dir='ltr'><strong>πειράσομαι</strong></span> 
     </span>
     <span class='ocr_line' id='line_1_50' title="bbox 461 4878 2091 4989; baseline -0.001 -43"><span class='ocrx_word' id='word_1_400' title='bbox 461 4909 514 4949; x_wconf 79' lang='lat' dir='ltr'>so</span> <span class='ocrx_word' id='word_1_401' title='bbox 540 4885 752 4946; x_wconf 80' lang='grc' dir='ltr'><strong>διελθεῖν</strong></span> <span class='ocrx_word' id='word_1_402' title='bbox 777 4881 900 4989; x_wconf 45' lang='lat' dir='ltr'>niv„</span> <span class='ocrx_word' id='word_1_403' title='bbox 893 4903 950 4941; x_wconf 85' lang='grc' dir='ltr'>τε</span> <span class='ocrx_word' id='word_1_404' title='bbox 978 4878 1127 4963; x_wconf 80' lang='grc' dir='ltr'><strong>φύσιν</strong></span> <span class='ocrx_word' id='word_1_405' title='bbox 1177 4882 1338 4953; x_wconf 78' lang='grc' dir='ltr'><strong>αὐτῆς</strong></span> <span class='ocrx_word' id='word_1_406' title='bbox 1363 4880 1454 4940; x_wconf 75' lang='grc' dir='ltr'>καὶ</span> <span class='ocrx_word' id='word_1_407' title='bbox 1477 4881 1573 4955; x_wconf 77' lang='grc' dir='ltr'>τὴν</span> <span class='ocrx_word' id='word_1_408' title='bbox 1597 4884 1821 4963; x_wconf 89' lang='grc' dir='ltr'><strong>δύναμιν</strong></span> <span class='ocrx_word' id='word_1_409' title='bbox 1855 4886 1922 4959; x_wconf 82' lang='grc' dir='ltr'>ἣν</span> <span class='ocrx_word' id='word_1_410' title='bbox 1952 4886 2091 4967; x_wconf 82' lang='grc' dir='ltr'><strong>ἔχει,</strong></span> 
     </span>
     <span class='ocr_line' id='line_1_51' title="bbox 540 4970 2095 5050; baseline 0.001 -17"><span class='ocrx_word' id='word_1_411' title='bbox 540 4998 629 5034; x_wconf 87' lang='grc' dir='ltr'>και</span> <span class='ocrx_word' id='word_1_412' title='bbox 662 4972 786 5032; x_wconf 89' lang='grc' dir='ltr'><strong>ποία</strong></span> <span class='ocrx_word' id='word_1_413' title='bbox 831 4974 933 5030; x_wconf 80' lang='grc' dir='ltr'>τῶν</span> <span class='ocrx_word' id='word_1_414' title='bbox 981 4970 1152 5029; x_wconf 83' lang='grc' dir='ltr'><strong>ἄλλων</strong></span> <span class='ocrx_word' id='word_1_415' title='bbox 1196 4972 1392 5049; x_wconf 74' lang='grc' dir='ltr'><strong>τεγνῶν</strong></span> <span class='ocrx_word' id='word_1_416' title='bbox 1419 4973 1710 5047; x_wconf 83' lang='grc' dir='ltr'><strong>ὁμοιοειδής</strong></span> <span class='ocrx_word' id='word_1_417' title='bbox 1745 4975 1892 5050; x_wconf 75' lang='grc' dir='ltr'><strong>ἐστι,</strong></span> <span class='ocrx_word' id='word_1_418' title='bbox 1924 4975 2014 5035; x_wconf 80' lang='grc' dir='ltr'>καὶ</span> <span class='ocrx_word' id='word_1_419' title='bbox 2042 4976 2095 5035; x_wconf 91' lang='grc' dir='ltr'>τί</span> 
     </span>
     <span class='ocr_line' id='line_1_52' title="bbox 539 5056 2095 5142; baseline 0.002 -22"><span class='ocrx_word' id='word_1_420' title='bbox 539 5060 656 5129; x_wconf 85' lang='grc' dir='ltr'><strong>τους</strong></span> <span class='ocrx_word' id='word_1_421' title='bbox 683 5058 1158 5141; x_wconf 82' lang='grc' dir='ltr'><strong>συνόνταςώφελεῖ,</strong></span> <span class='ocrx_word' id='word_1_422' title='bbox 1179 5058 1270 5117; x_wconf 78' lang='grc' dir='ltr'>καὶ</span> <span class='ocrx_word' id='word_1_423' title='bbox 1293 5057 1442 5125; x_wconf 78' lang='grc' dir='ltr'><strong>ποίας</strong></span> <span class='ocrx_word' id='word_1_424' title='bbox 1463 5056 1606 5127; x_wconf 74' lang='grc' dir='ltr'><strong>τινὰς</strong></span> <span class='ocrx_word' id='word_1_425' title='bbox 1634 5066 1788 5135; x_wconf 85' lang='grc' dir='ltr'><strong>ἡμεῖς</strong></span> <span class='ocrx_word' id='word_1_426' title='bbox 1802 5064 2095 5142; x_wconf 86' lang='grc' dir='ltr'><strong>ποιούμεθα</strong></span> 
     </span>
     <span class='ocr_line' id='line_1_53' title="bbox 539 5137 2091 5228; baseline 0 -19"><span class='ocrx_word' id='word_1_427' title='bbox 539 5148 632 5217; x_wconf 78' lang='grc' dir='ltr'>τὰς</span> <span class='ocrx_word' id='word_1_428' title='bbox 659 5146 995 5228; x_wconf 78' lang='grc' dir='ltr'><strong>ὑποσχέσεις·</strong></span> <span class='ocrx_word' id='word_1_429' title='bbox 1047 5137 1196 5226; x_wconf 75' lang='grc' dir='ltr'><strong>οἶμαι</strong></span> <span class='ocrx_word' id='word_1_430' title='bbox 1223 5144 1324 5227; x_wconf 80' lang='grc' dir='ltr'>γὰρ</span> <span class='ocrx_word' id='word_1_431' title='bbox 1373 5150 1506 5225; x_wconf 77' lang='grc' dir='ltr'><strong>ὑμᾶς</strong></span> <span class='ocrx_word' id='word_1_432' title='bbox 1536 5150 1792 5224; x_wconf 85' lang='grc' dir='ltr'><strong>μαθόντας</strong></span> <span class='ocrx_word' id='word_1_433' title='bbox 1825 5145 1919 5219; x_wconf 78' lang='grc' dir='ltr'>τὴν</span> <span class='ocrx_word' id='word_1_434' title='bbox 1962 5150 2091 5223; x_wconf 77' lang='grc' dir='ltr'><strong>ἀλή-</strong></span> 
     </span>
     <span class='ocr_line' id='line_1_54' title="bbox 543 5233 2093 5321; baseline 0 -24"><span class='ocrx_word' id='word_1_435' title='bbox 543 5242 682 5297; x_wconf 83' lang='grc' dir='ltr'><strong>θειαν</strong></span> <span class='ocrx_word' id='word_1_436' title='bbox 703 5234 910 5313; x_wconf 79' lang='grc' dir='ltr'><strong>ἄμεινον</strong></span> <span class='ocrx_word' id='word_1_437' title='bbox 939 5233 1028 5294; x_wconf 77' lang='grc' dir='ltr'>καὶ</span> <span class='ocrx_word' id='word_1_438' title='bbox 1055 5234 1422 5315; x_wconf 86' lang='grc' dir='ltr'><strong>βουλεύσεσθαι</strong></span> <span class='ocrx_word' id='word_1_439' title='bbox 1449 5234 1539 5295; x_wconf 78' lang='grc' dir='ltr'>καὶ</span> <span class='ocrx_word' id='word_1_440' title='bbox 1571 5234 1946 5315; x_wconf 83' lang='grc' dir='ltr'><strong>διαγνώσεσθαι</strong></span> <span class='ocrx_word' id='word_1_441' title='bbox 1976 5239 2093 5321; x_wconf 79' lang='grc' dir='ltr'><strong>περὶ</strong></span> 
     </span>
    </p>
   </div>
   <div class='ocr_carea' id='block_1_4' title="bbox 1447 431 2813 501">
    <p class='ocr_par' dir='ltr' id='par_1_4' title="bbox 1447 431 2813 501">
     <span class='ocr_line' id='line_1_55' title="bbox 1447 431 2813 501; baseline 0.007 -10"><span class='ocrx_word' id='word_1_442' title='bbox 1447 431 1945 494; x_wconf 75' lang='grc' dir='ltr'><strong>ῙΣΟΚΡΑΤΟΥΣ</strong></span> <span class='ocrx_word' id='word_1_443' title='bbox 1984 433 2035 492; x_wconf 91' lang='lat'>0</span> <span class='ocrx_word' id='word_1_444' title='bbox 2080 434 2261 495; x_wconf 78' lang='grc' dir='ltr'>ΠΕΡΙ</span> <span class='ocrx_word' id='word_1_445' title='bbox 2304 436 2813 501; x_wconf 66' lang='grc' dir='ltr'>ΑΝΤΙΔΟΣΕΩΣ..</span> 
     </span>
    </p>
   </div>
   <div class='ocr_carea' id='block_1_5' title="bbox 2170 570 3661 737">
    <p class='ocr_par' dir='ltr' id='par_1_5' title="bbox 2170 570 3661 737">
     <span class='ocr_line' id='line_1_56' title="bbox 2180 570 3659 649; baseline 0.01 -29"><span class='ocrx_word' id='word_1_446' title='bbox 2180 570 2513 636; x_wconf 72' lang='lat' dir='ltr'>voluptaffiins</span> <span class='ocrx_word' id='word_1_447' title='bbox 2532 574 2799 637; x_wconf 61' lang='lat' dir='ltr'>mundat,</span> <span class='ocrx_word' id='word_1_448' title='bbox 2816 577 3659 649; x_wconf 68' lang='lat' dir='ltr'>hoelnhetincumodissimnm,(172)</span> 
     </span>
     <span class='ocr_line' id='line_1_57' title="bbox 2170 673 3661 737; baseline 0.007 -16"><span class='ocrx_word' id='word_1_449' title='bbox 2170 673 2303 735; x_wconf 79' lang='lat' dir='ltr'>qnod</span> <span class='ocrx_word' id='word_1_450' title='bbox 2398 676 2533 724; x_wconf 74' lang='lat' dir='ltr'>tanta</span> <span class='ocrx_word' id='word_1_451' title='bbox 2564 676 2883 737; x_wconf 74' lang='lat' dir='ltr'>amplitudine</span> <span class='ocrx_word' id='word_1_452' title='bbox 2906 682 2955 727; x_wconf 86' lang='lat' dir='ltr'>et</span> <span class='ocrx_word' id='word_1_453' title='bbox 2976 678 3285 731; x_wconf 77' lang='lat' dir='ltr'>multitudine</span> <span class='ocrx_word' id='word_1_454' title='bbox 3310 682 3573 731; x_wconf 79' lang='lat' dir='ltr'>incoleritiuni</span> <span class='ocrx_word' id='word_1_455' title='bbox 3590 698 3661 733; x_wconf 88' lang='lat' dir='ltr'>non</span> 
     </span>
    </p>
   </div>
   <div class='ocr_carea' id='block_1_6' title="bbox 2174 774 3766 843">
    <p class='ocr_par' dir='ltr' id='par_1_6' title="bbox 2174 774 3766 843">
     <span class='ocr_line' id='line_1_58' title="bbox 2174 774 3766 843; baseline 0.007 -20"><span class='ocrx_word' id='word_1_456' title='bbox 2174 774 2311 824; x_wconf 73' lang='lat' dir='ltr'>facile</span> <span class='ocrx_word' id='word_1_457' title='bbox 2334 776 2499 825; x_wconf 76' lang='lat' dir='ltr'>omnia</span> <span class='ocrx_word' id='word_1_458' title='bbox 2518 777 2773 840; x_wconf 71' lang='lat' dir='ltr'>per-spirit,</span> <span class='ocrx_word' id='word_1_459' title='bbox 2800 792 2959 842; x_wconf 81' lang='lat' dir='ltr'>neque</span> <span class='ocrx_word' id='word_1_460' title='bbox 2992 783 3221 830; x_wconf 70' lang='lat' dir='ltr'>aoenmo</span> <span class='ocrx_word' id='word_1_461' title='bbox 3256 781 3423 843; x_wconf 81' lang='lat' dir='ltr'>indicio</span> <span class='ocrx_word' id='word_1_462' title='bbox 3444 783 3581 843; x_wconf 86' lang='lat' dir='ltr'>utitur,</span> <span class='ocrx_word' id='word_1_463' title='bbox 3602 784 3661 834; x_wconf 76' lang='lat' dir='ltr'>sed</span> <span class='ocrx_word' id='word_1_464' title='bbox 3764 812 3766 825; x_wconf 87' lang='lat'>·</span> 
     </span>
    </p>
   </div>
   <div class='ocr_carea' id='block_1_7' title="bbox 2172 832 3766 940">
    <p class='ocr_par' dir='ltr' id='par_1_7' title="bbox 2172 832 3766 940">
     <span class='ocr_line' id='line_1_59' title="bbox 2172 832 3766 940; baseline 0.004 -18"><span class='ocrx_word' id='word_1_465' title='bbox 2172 872 2399 922; x_wconf 84' lang='lat' dir='ltr'>torrentis</span> <span class='ocrx_word' id='word_1_466' title='bbox 2420 872 2777 936; x_wconf 74' lang='lat' dir='ltr'>iristarutquid</span> <span class='ocrx_word' id='word_1_467' title='bbox 2798 876 3083 939; x_wconf 72' lang='lat' dir='ltr'>corripuerit</span> <span class='ocrx_word' id='word_1_468' title='bbox 3108 878 3215 928; x_wconf 73' lang='lat' dir='ltr'>sive</span> <span class='ocrx_word' id='word_1_469' title='bbox 3230 877 3459 927; x_wconf 83' lang='lat' dir='ltr'>bominem</span> <span class='ocrx_word' id='word_1_470' title='bbox 3474 880 3660 940; x_wconf 69' lang='lat' dir='ltr'>siveram,</span> <span class='ocrx_word' id='word_1_471' title='bbox 3764 832 3766 855; x_wconf 57' lang='grc' dir='ltr'>Ι</span> 
     </span>
    </p>
   </div>
   <div class='ocr_carea' id='block_1_8' title="bbox 2170 968 3660 1039">
    <p class='ocr_par' dir='ltr' id='par_1_8' title="bbox 2170 948 3766 1039">
     <span class='ocr_line' id='line_1_60' title="bbox 2170 968 3660 1039; baseline 0.007 -22"><span class='ocrx_word' id='word_1_472' title='bbox 2170 968 2239 1017; x_wconf 82' lang='lat' dir='ltr'>ita</span> <span class='ocrx_word' id='word_1_473' title='bbox 2258 968 2487 1019; x_wconf 81' lang='lat' dir='ltr'>deorsum</span> <span class='ocrx_word' id='word_1_474' title='bbox 2514 970 2685 1031; x_wconf 68' lang='lat' dir='ltr'>trahit,</span> <span class='ocrx_word' id='word_1_475' title='bbox 2710 973 2987 1036; x_wconf 70' lang='lat' dir='ltr'>lanamque</span> <span class='ocrx_word' id='word_1_476' title='bbox 3008 974 3257 1024; x_wconf 76' lang='lat' dir='ltr'>nonnullis</span> <span class='ocrx_word' id='word_1_477' title='bbox 3286 975 3415 1039; x_wconf 84' lang='lat' dir='ltr'>plane</span> <span class='ocrx_word' id='word_1_478' title='bbox 3440 977 3660 1025; x_wconf 74' lang='lat' dir='ltr'>contrariam</span> 
     </span>
    </p>
   </div>
   <div class='ocr_carea' id='block_1_9' title="bbox 2168 1068 3665 1340">
    <p class='ocr_par' dir='ltr' id='par_1_9' title="bbox 2168 1068 3665 1340">
     <span class='ocr_line' id='line_1_61' title="bbox 2168 1068 3663 1140; baseline 0.005 -22"><span class='ocrx_word' id='word_1_479' title='bbox 2168 1068 2217 1118; x_wconf 85' lang='lat' dir='ltr'>ei</span> <span class='ocrx_word' id='word_1_480' title='bbox 2248 1084 2401 1133; x_wconf 79' lang='lat' dir='ltr'>quam</span> <span class='ocrx_word' id='word_1_481' title='bbox 2436 1070 2613 1122; x_wconf 79' lang='lat' dir='ltr'>debeat</span> <span class='ocrx_word' id='word_1_482' title='bbox 2644 1074 2868 1125; x_wconf 81' lang='lat' dir='ltr'>attribuit</span> <span class='ocrx_word' id='word_1_483' title='bbox 2888 1094 2905 1125; x_wconf 77' lang='grc' dir='ltr'>ι</span> <span class='ocrx_word' id='word_1_484' title='bbox 2922 1075 2973 1125; x_wconf 91' lang='lat' dir='ltr'>id</span> <span class='ocrx_word' id='word_1_485' title='bbox 2993 1076 3129 1139; x_wconf 81' lang='lat' dir='ltr'>qnod</span> <span class='ocrx_word' id='word_1_486' title='bbox 3150 1078 3293 1127; x_wconf 69' lang='grc' dir='ltr'><strong>αἰειιι</strong></span> <span class='ocrx_word' id='word_1_487' title='bbox 3329 1078 3433 1127; x_wconf 87' lang='lat' dir='ltr'>huic</span> <span class='ocrx_word' id='word_1_488' title='bbox 3460 1078 3663 1140; x_wconf 78' lang='lat' dir='ltr'>disciplina</span> 
     </span>
     <span class='ocr_line' id='line_1_62' title="bbox 2168 1172 3664 1239; baseline 0.007 -18"><span class='ocrx_word' id='word_1_489' title='bbox 2168 1172 2370 1222; x_wconf 79' lang='lat' dir='ltr'>accedit.</span> <span class='ocrx_word' id='word_1_490' title='bbox 2394 1173 2527 1237; x_wconf 77' lang='grc'><strong>(173)</strong></span> <span class='ocrx_word' id='word_1_491' title='bbox 2550 1176 2675 1232; x_wconf 72' lang='lat' dir='ltr'>Qua</span> <span class='ocrx_word' id='word_1_492' title='bbox 2694 1178 2973 1239; x_wconf 79' lang='lat' dir='ltr'>reputantes</span> <span class='ocrx_word' id='word_1_493' title='bbox 2996 1178 3183 1227; x_wconf 80' lang='lat' dir='ltr'>nullam</span> <span class='ocrx_word' id='word_1_494' title='bbox 3204 1192 3305 1229; x_wconf 84' lang='lat' dir='ltr'>rem</span> <span class='ocrx_word' id='word_1_495' title='bbox 3324 1180 3421 1229; x_wconf 85' lang='lat' dir='ltr'>sine</span> <span class='ocrx_word' id='word_1_496' title='bbox 3438 1179 3588 1231; x_wconf 78' lang='lat' dir='ltr'>ratione</span> <span class='ocrx_word' id='word_1_497' title='bbox 3603 1196 3664 1231; x_wconf 79' lang='lat' dir='ltr'>ros</span> 
     </span>
     <span class='ocr_line' id='line_1_63' title="bbox 2172 1271 3665 1340; baseline 0.002 -18"><span class='ocrx_word' id='word_1_498' title='bbox 2172 1271 2313 1323; x_wconf 88' lang='lat' dir='ltr'>decet</span> <span class='ocrx_word' id='word_1_499' title='bbox 2332 1273 2629 1337; x_wconf 80' lang='lat' dir='ltr'>improbare,</span> <span class='ocrx_word' id='word_1_500' title='bbox 2646 1288 2805 1339; x_wconf 80' lang='lat' dir='ltr'>neque</span> <span class='ocrx_word' id='word_1_501' title='bbox 2818 1276 2991 1327; x_wconf 69' lang='lat' dir='ltr'>wdern</span> <span class='ocrx_word' id='word_1_502' title='bbox 3012 1278 3163 1327; x_wconf 87' lang='lat' dir='ltr'>modo</span> <span class='ocrx_word' id='word_1_503' title='bbox 3180 1278 3229 1327; x_wconf 91' lang='lat' dir='ltr'>in</span> <span class='ocrx_word' id='word_1_504' title='bbox 3246 1278 3665 1340; x_wconf 77' lang='lat' dir='ltr'>judicandoesseatle·</span> 
     </span>
    </p>
   </div>
   <div class='ocr_carea' id='block_1_10' title="bbox 2168 1374 3768 1443">
    <p class='ocr_par' dir='ltr' id='par_1_10' title="bbox 2168 1374 3768 1443">
     <span class='ocr_line' id='line_1_64' title="bbox 2168 1374 3768 1443; baseline 0.006 -21"><span class='ocrx_word' id='word_1_505' title='bbox 2168 1377 2275 1423; x_wconf 85' lang='lat' dir='ltr'>ctos</span> <span class='ocrx_word' id='word_1_506' title='bbox 2292 1386 2392 1437; x_wconf 85' lang='lat' dir='ltr'>quo</span> <span class='ocrx_word' id='word_1_507' title='bbox 2412 1374 2463 1423; x_wconf 87' lang='lat' dir='ltr'>in</span> <span class='ocrx_word' id='word_1_508' title='bbox 2483 1376 2683 1437; x_wconf 75' lang='lat' dir='ltr'>privatis</span> <span class='ocrx_word' id='word_1_509' title='bbox 2700 1375 3139 1441; x_wconf 78' lang='lat' dir='ltr'>disputationibus,</span> <span class='ocrx_word' id='word_1_510' title='bbox 3164 1380 3249 1431; x_wconf 88' lang='lat' dir='ltr'>sed</span> <span class='ocrx_word' id='word_1_511' title='bbox 3277 1383 3323 1429; x_wconf 87' lang='lat' dir='ltr'>in</span> <span class='ocrx_word' id='word_1_512' title='bbox 3354 1394 3665 1443; x_wconf 75' lang='lat' dir='ltr'>unamquamque</span> <span class='ocrx_word' id='word_1_513' title='bbox 3766 1398 3768 1421; x_wconf 66' lang='lat'>1</span> 
     </span>
    </p>
   </div>
   <div class='ocr_carea' id='block_1_11' title="bbox 2162 1475 3771 1747">
    <p class='ocr_par' dir='ltr' id='par_1_11' title="bbox 2162 1475 3771 1747">
     <span class='ocr_line' id='line_1_65' title="bbox 2168 1475 3771 1567; baseline 0.005 -42"><span class='ocrx_word' id='word_1_514' title='bbox 2168 1488 2269 1525; x_wconf 90' lang='lat' dir='ltr'>rem</span> <span class='ocrx_word' id='word_1_515' title='bbox 2288 1475 2541 1538; x_wconf 78' lang='lat' dir='ltr'>diligenter</span> <span class='ocrx_word' id='word_1_516' title='bbox 2558 1478 2801 1541; x_wconf 78' lang='lat' dir='ltr'>inquirere</span> <span class='ocrx_word' id='word_1_517' title='bbox 2818 1484 2869 1529; x_wconf 91' lang='lat' dir='ltr'>et</span> <span class='ocrx_word' id='word_1_518' title='bbox 2880 1480 3000 1543; x_wconf 78' lang='lat' dir='ltr'>quid</span> <span class='ocrx_word' id='word_1_519' title='bbox 3020 1492 3193 1530; x_wconf 79' lang='lat' dir='ltr'>verum</span> <span class='ocrx_word' id='word_1_520' title='bbox 3207 1480 3273 1531; x_wconf 87' lang='lat' dir='ltr'>sit</span> <span class='ocrx_word' id='word_1_521' title='bbox 3290 1481 3554 1545; x_wconf 78' lang='lat' dir='ltr'>investigare,</span> <span class='ocrx_word' id='word_1_522' title='bbox 3568 1484 3663 1543; x_wconf 72' lang='lat' dir='ltr'>iuris·</span> <span class='ocrx_word' id='word_1_523' title='bbox 3766 1478 3771 1567; x_wconf 43' lang='grc' dir='ltr'>ἰ</span> 
     </span>
     <span class='ocr_line' id='line_1_66' title="bbox 2162 1576 3664 1646; baseline 0.006 -20"><span class='ocrx_word' id='word_1_524' title='bbox 2162 1576 2353 1639; x_wconf 84' lang='lat' dir='ltr'>jurandi</span> <span class='ocrx_word' id='word_1_525' title='bbox 2366 1581 2419 1629; x_wconf 86' lang='lat' dir='ltr'>et</span> <span class='ocrx_word' id='word_1_526' title='bbox 2434 1581 2595 1643; x_wconf 79' lang='lat' dir='ltr'>legum</span> <span class='ocrx_word' id='word_1_527' title='bbox 2610 1593 2877 1642; x_wconf 86' lang='lat' dir='ltr'>memores,</span> <span class='ocrx_word' id='word_1_528' title='bbox 2888 1582 3157 1632; x_wconf 87' lang='lat' dir='ltr'>secundum</span> <span class='ocrx_word' id='word_1_529' title='bbox 3172 1595 3293 1646; x_wconf 81' lang='lat' dir='ltr'>quas</span> <span class='ocrx_word' id='word_1_530' title='bbox 3306 1582 3321 1631; x_wconf 92' lang='lat' dir='ltr'>i</span> <span class='ocrx_word' id='word_1_531' title='bbox 3334 1583 3569 1646; x_wconf 84' lang='lat' dir='ltr'>njudiciurn</span> <span class='ocrx_word' id='word_1_532' title='bbox 3584 1598 3664 1635; x_wconf 80' lang='lat' dir='ltr'>con·</span> 
     </span>
     <span class='ocr_line' id='line_1_67' title="bbox 2168 1678 3664 1747; baseline 0.005 -21"><span class='ocrx_word' id='word_1_533' title='bbox 2168 1678 2385 1729; x_wconf 79' lang='lat' dir='ltr'>venistis.</span> <span class='ocrx_word' id='word_1_534' title='bbox 2448 1682 2617 1743; x_wconf 75' lang='lat' dir='ltr'>Neque</span> <span class='ocrx_word' id='word_1_535' title='bbox 2632 1694 2749 1732; x_wconf 79' lang='lat' dir='ltr'>vero</span> <span class='ocrx_word' id='word_1_536' title='bbox 2765 1681 2829 1732; x_wconf 87' lang='lat' dir='ltr'>de</span> <span class='ocrx_word' id='word_1_537' title='bbox 2842 1683 3003 1745; x_wconf 78' lang='lat' dir='ltr'>parvis</span> <span class='ocrx_word' id='word_1_538' title='bbox 3018 1684 3170 1735; x_wconf 84' lang='lat' dir='ltr'>rebus</span> <span class='ocrx_word' id='word_1_539' title='bbox 3186 1686 3339 1734; x_wconf 86' lang='lat' dir='ltr'>oratio</span> <span class='ocrx_word' id='word_1_540' title='bbox 3350 1688 3419 1735; x_wconf 80' lang='lat' dir='ltr'>est</span> <span class='ocrx_word' id='word_1_541' title='bbox 3434 1688 3477 1735; x_wconf 77' lang='lat' dir='ltr'>et</span> <span class='ocrx_word' id='word_1_542' title='bbox 3490 1686 3664 1747; x_wconf 82' lang='lat' dir='ltr'>judicium</span> 
     </span>
    </p>
   </div>
   <div class='ocr_carea' id='block_1_12' title="bbox 2168 1780 3770 1947">
    <p class='ocr_par' dir='ltr' id='par_1_12' title="bbox 2168 1780 3770 1947">
     <span class='ocr_line' id='line_1_68' title="bbox 2170 1780 3770 1848; baseline 0.003 -19"><span class='ocrx_word' id='word_1_543' title='bbox 2170 1780 2219 1829; x_wconf 89' lang='lat' dir='ltr'>in</span> <span class='ocrx_word' id='word_1_544' title='bbox 2241 1792 2341 1842; x_wconf 85' lang='lat' dir='ltr'>qno</span> <span class='ocrx_word' id='word_1_545' title='bbox 2358 1792 2607 1831; x_wconf 73' lang='lat' dir='ltr'>versamur</span> <span class='ocrx_word' id='word_1_546' title='bbox 2624 1782 2899 1833; x_wconf 84' lang='lat' dir='ltr'>institutum</span> <span class='ocrx_word' id='word_1_547' title='bbox 2912 1821 2929 1845; x_wconf 89' lang='lat'>,</span> <span class='ocrx_word' id='word_1_548' title='bbox 2950 1784 3035 1833; x_wconf 88' lang='lat' dir='ltr'>sed</span> <span class='ocrx_word' id='word_1_549' title='bbox 3062 1784 3125 1835; x_wconf 91' lang='lat' dir='ltr'>de</span> <span class='ocrx_word' id='word_1_550' title='bbox 3144 1786 3391 1848; x_wconf 73' lang='lat' dir='ltr'>maximis,</span> <span class='ocrx_word' id='word_1_551' title='bbox 3412 1800 3497 1835; x_wconf 92' lang='lat' dir='ltr'>non</span> <span class='ocrx_word' id='word_1_552' title='bbox 3514 1786 3611 1835; x_wconf 88' lang='lat' dir='ltr'>enim</span> <span class='ocrx_word' id='word_1_553' title='bbox 3622 1785 3665 1833; x_wconf 81' lang='lat' dir='ltr'>de</span> <span class='ocrx_word' id='word_1_554' title='bbox 3768 1838 3770 1845; x_wconf 30' lang='lat'><strong>¹</strong></span> 
     </span>
     <span class='ocr_line' id='line_1_69' title="bbox 2168 1863 3770 1947; baseline 0.003 -18"><span class='ocrx_word' id='word_1_555' title='bbox 2168 1892 2249 1929; x_wconf 80' lang='lat' dir='ltr'>me</span> <span class='ocrx_word' id='word_1_556' title='bbox 2270 1879 2429 1929; x_wconf 72' lang='lat' dir='ltr'>solum</span> <span class='ocrx_word' id='word_1_557' title='bbox 2466 1883 2753 1933; x_wconf 63' lang='lat' dir='ltr'>mutemini</span> <span class='ocrx_word' id='word_1_558' title='bbox 2792 1883 2910 1933; x_wconf 65' lang='lat' dir='ltr'>esus</span> <span class='ocrx_word' id='word_1_559' title='bbox 2944 1884 3091 1935; x_wconf 72' lang='lat' dir='ltr'>istun·</span> <span class='ocrx_word' id='word_1_560' title='bbox 3104 1922 3121 1947; x_wconf 91' lang='lat'>,</span> <span class='ocrx_word' id='word_1_561' title='bbox 3156 1886 3243 1935; x_wconf 73' lang='lat' dir='ltr'>sea</span> <span class='ocrx_word' id='word_1_562' title='bbox 3264 1887 3401 1936; x_wconf 76' lang='lat' dir='ltr'>etiam</span> <span class='ocrx_word' id='word_1_563' title='bbox 3428 1886 3481 1935; x_wconf 74' lang='lat' dir='ltr'>ae</span> <span class='ocrx_word' id='word_1_564' title='bbox 3500 1886 3663 1935; x_wconf 65' lang='lat' dir='ltr'>instituio</span> <span class='ocrx_word' id='word_1_565' title='bbox 3768 1863 3770 1927; x_wconf 65' lang='lat' dir='ltr'><em>T</em></span> 
     </span>
    </p>
   </div>
   <div class='ocr_carea' id='block_1_13' title="bbox 2170 1979 3666 2155">
    <p class='ocr_par' dir='ltr' id='par_1_13' title="bbox 2170 1979 3666 2155">
     <span class='ocr_line' id='line_1_70' title="bbox 2170 1979 3665 2049; baseline 0.004 -22"><span class='ocrx_word' id='word_1_566' title='bbox 2170 1979 2281 2029; x_wconf 78' lang='lat' dir='ltr'>vitae</span> <span class='ocrx_word' id='word_1_567' title='bbox 2298 1993 2383 2042; x_wconf 87' lang='lat' dir='ltr'>eo,</span> <span class='ocrx_word' id='word_1_568' title='bbox 2398 1981 2476 2029; x_wconf 89' lang='lat' dir='ltr'>cui</span> <span class='ocrx_word' id='word_1_569' title='bbox 2494 1980 2635 2029; x_wconf 87' lang='lat' dir='ltr'>multi</span> <span class='ocrx_word' id='word_1_570' title='bbox 2656 1979 2983 2033; x_wconf 66' lang='lat' dir='ltr'>adolescentes</span> <span class='ocrx_word' id='word_1_571' title='bbox 2996 1997 3201 2047; x_wconf 81' lang='lat' dir='ltr'>operam</span> <span class='ocrx_word' id='word_1_572' title='bbox 3220 1986 3352 2035; x_wconf 87' lang='lat' dir='ltr'>dant.</span> <span class='ocrx_word' id='word_1_573' title='bbox 3374 1988 3491 2049; x_wconf 74' lang='grc'><strong>(174)</strong></span> <span class='ocrx_word' id='word_1_574' title='bbox 3510 1987 3665 2036; x_wconf 77' lang='lat' dir='ltr'>Arbitror</span> 
     </span>
     <span class='ocr_line' id='line_1_71' title="bbox 2170 2086 3666 2155; baseline 0.005 -20"><span class='ocrx_word' id='word_1_575' title='bbox 2170 2090 2331 2136; x_wconf 87' lang='lat' dir='ltr'>autem</span> <span class='ocrx_word' id='word_1_576' title='bbox 2354 2100 2444 2137; x_wconf 79' lang='lat' dir='ltr'>vos</span> <span class='ocrx_word' id='word_1_577' title='bbox 2458 2100 2551 2136; x_wconf 89' lang='lat' dir='ltr'>non</span> <span class='ocrx_word' id='word_1_578' title='bbox 2570 2086 2787 2149; x_wconf 78' lang='lat' dir='ltr'>ignorare</span> <span class='ocrx_word' id='word_1_579' title='bbox 2808 2088 3023 2140; x_wconf 74' lang='lat' dir='ltr'>seniores</span> <span class='ocrx_word' id='word_1_580' title='bbox 3042 2093 3241 2154; x_wconf 82' lang='lat' dir='ltr'>negotia</span> <span class='ocrx_word' id='word_1_581' title='bbox 3254 2092 3505 2155; x_wconf 48' lang='lat' dir='ltr'>reipublice²</span> <span class='ocrx_word' id='word_1_582' title='bbox 3518 2093 3666 2155; x_wconf 68' lang='lat' dir='ltr'>pesinis</span> 
     </span>
    </p>
   </div>
   <div class='ocr_carea' id='block_1_14' title="bbox 2169 2186 3772 2259">
    <p class='ocr_par' dir='ltr' id='par_1_14' title="bbox 2169 2186 3772 2259">
     <span class='ocr_line' id='line_1_72' title="bbox 2169 2186 3772 2259; baseline 0.003 -24"><span class='ocrx_word' id='word_1_583' title='bbox 2169 2188 2219 2235; x_wconf 82' lang='lat' dir='ltr'>et</span> <span class='ocrx_word' id='word_1_584' title='bbox 2238 2186 2415 2237; x_wconf 81' lang='lat' dir='ltr'>talibus</span> <span class='ocrx_word' id='word_1_585' title='bbox 2433 2187 2637 2239; x_wconf 81' lang='lat' dir='ltr'>tradere.</span> <span class='ocrx_word' id='word_1_586' title='bbox 2674 2191 2791 2239; x_wconf 67' lang='lat' dir='ltr'>nme</span> <span class='ocrx_word' id='word_1_587' title='bbox 2820 2190 2965 2252; x_wconf 78' lang='lat' dir='ltr'>igitur</span> <span class='ocrx_word' id='word_1_588' title='bbox 3000 2193 3291 2245; x_wconf 74' lang='lat' dir='ltr'>vicissitudo</span> <span class='ocrx_word' id='word_1_589' title='bbox 3326 2210 3465 2259; x_wconf 83' lang='lat' dir='ltr'>quum</span> <span class='ocrx_word' id='word_1_590' title='bbox 3496 2196 3668 2259; x_wconf 79' lang='lat' dir='ltr'>perpetua</span> <span class='ocrx_word' id='word_1_591' title='bbox 3770 2188 3772 2259; x_wconf 75' lang='grc' dir='ltr'>ξ</span> 
     </span>
    </p>
   </div>
   <div class='ocr_carea' id='block_1_15' title="bbox 2169 2288 3670 2561">
    <p class='ocr_par' dir='ltr' id='par_1_15' title="bbox 2169 2288 3670 2561">
     <span class='ocr_line' id='line_1_73' title="bbox 2169 2288 3669 2358; baseline 0.003 -21"><span class='ocrx_word' id='word_1_592' title='bbox 2169 2288 2257 2349; x_wconf 85' lang='lat' dir='ltr'>sit,</span> <span class='ocrx_word' id='word_1_593' title='bbox 2279 2301 2475 2339; x_wconf 83' lang='lat' dir='ltr'>necesse</span> <span class='ocrx_word' id='word_1_594' title='bbox 2492 2295 2596 2351; x_wconf 86' lang='lat' dir='ltr'>est,</span> <span class='ocrx_word' id='word_1_595' title='bbox 2624 2291 2681 2340; x_wconf 87' lang='lat' dir='ltr'>ut</span> <span class='ocrx_word' id='word_1_596' title='bbox 2714 2288 3043 2344; x_wconf 75' lang='lat' dir='ltr'>adolescentes</span> <span class='ocrx_word' id='word_1_597' title='bbox 3074 2295 3403 2358; x_wconf 74' lang='lat' dir='ltr'>instituentur,</span> <span class='ocrx_word' id='word_1_598' title='bbox 3426 2296 3485 2345; x_wconf 87' lang='lat' dir='ltr'>ita</span> <span class='ocrx_word' id='word_1_599' title='bbox 3502 2296 3582 2345; x_wconf 72' lang='lat' dir='ltr'>soie</span> <span class='ocrx_word' id='word_1_600' title='bbox 3604 2294 3669 2344; x_wconf 82' lang='lat' dir='ltr'>rei·</span> 
     </span>
     <span class='ocr_line' id='line_1_74' title="bbox 2172 2388 3665 2453; baseline 0.005 -16"><span class='ocrx_word' id='word_1_601' title='bbox 2172 2388 2379 2452; x_wconf 70' lang='lat' dir='ltr'>pubtiae</span> <span class='ocrx_word' id='word_1_602' title='bbox 2412 2391 2755 2444; x_wconf 84' lang='lat' dir='ltr'>conditionem.</span> <span class='ocrx_word' id='word_1_603' title='bbox 2822 2398 2982 2453; x_wconf 88' lang='lat' dir='ltr'>Quare</span> <span class='ocrx_word' id='word_1_604' title='bbox 3012 2410 3118 2447; x_wconf 86' lang='lat' dir='ltr'>non</span> <span class='ocrx_word' id='word_1_605' title='bbox 3152 2400 3231 2448; x_wconf 63' lang='lat' dir='ltr'>ast</span> <span class='ocrx_word' id='word_1_606' title='bbox 3250 2396 3601 2448; x_wconf 85' lang='lat' dir='ltr'>committendum</span> <span class='ocrx_word' id='word_1_607' title='bbox 3628 2400 3665 2446; x_wconf 85' lang='lat' dir='ltr'>ut</span> 
     </span>
     <span class='ocr_line' id='line_1_75' title="bbox 2171 2494 3670 2561; baseline 0.006 -23"><span class='ocrx_word' id='word_1_608' title='bbox 2171 2494 2464 2543; x_wconf 79' lang='lat' dir='ltr'>veteratores</span> <span class='ocrx_word' id='word_1_609' title='bbox 2489 2494 2635 2557; x_wconf 85' lang='lat' dir='ltr'>hujus</span> <span class='ocrx_word' id='word_1_610' title='bbox 2665 2496 2843 2559; x_wconf 75' lang='lat' dir='ltr'>negotii</span> <span class='ocrx_word' id='word_1_611' title='bbox 2876 2496 3275 2560; x_wconf 75' lang='lat' dir='ltr'>disceptationem</span> <span class='ocrx_word' id='word_1_612' title='bbox 3314 2498 3540 2559; x_wconf 74' lang='lat' dir='ltr'>invadant,</span> <span class='ocrx_word' id='word_1_613' title='bbox 3558 2512 3670 2561; x_wconf 76' lang='lat' dir='ltr'>neque</span> 
     </span>
    </p>
   </div>
   <div class='ocr_carea' id='block_1_16' title="bbox 2172 2576 3774 2663">
    <p class='ocr_par' dir='ltr' id='par_1_16' title="bbox 2172 2576 3774 2663">
     <span class='ocr_line' id='line_1_76' title="bbox 2172 2576 3774 2663; baseline 0.005 -25"><span class='ocrx_word' id='word_1_614' title='bbox 2172 2595 2226 2639; x_wconf 91' lang='lat' dir='ltr'>ut</span> <span class='ocrx_word' id='word_1_615' title='bbox 2244 2590 2279 2639; x_wconf 87' lang='lat' dir='ltr'>ii</span> <span class='ocrx_word' id='word_1_616' title='bbox 2300 2592 2383 2655; x_wconf 89' lang='lat' dir='ltr'>qui</span> <span class='ocrx_word' id='word_1_617' title='bbox 2406 2592 2500 2643; x_wconf 88' lang='lat' dir='ltr'>illis</span> <span class='ocrx_word' id='word_1_618' title='bbox 2528 2596 2797 2647; x_wconf 79' lang='lat' dir='ltr'>mercedem</span> <span class='ocrx_word' id='word_1_619' title='bbox 2816 2610 2916 2646; x_wconf 88' lang='lat' dir='ltr'>non</span> <span class='ocrx_word' id='word_1_620' title='bbox 2944 2598 3191 2662; x_wconf 87' lang='lat' dir='ltr'>pendant,</span> <span class='ocrx_word' id='word_1_621' title='bbox 3214 2614 3351 2663; x_wconf 83' lang='lat' dir='ltr'>poena</span> <span class='ocrx_word' id='word_1_622' title='bbox 3370 2600 3609 2657; x_wconf 82' lang='lat' dir='ltr'>alliciantur,</span> <span class='ocrx_word' id='word_1_623' title='bbox 3630 2598 3671 2647; x_wconf 82' lang='lat' dir='ltr'>iis</span> <span class='ocrx_word' id='word_1_624' title='bbox 3772 2576 3774 2633; x_wconf 50' lang='grc' dir='ltr'>ἕ</span> 
     </span>
    </p>
   </div>
   <div class='ocr_carea' id='block_1_17' title="bbox 2171 2694 3672 2968">
    <p class='ocr_par' dir='ltr' id='par_1_17' title="bbox 2171 2694 3672 2968">
     <span class='ocr_line' id='line_1_77' title="bbox 2171 2694 3669 2760; baseline 0.004 -19"><span class='ocrx_word' id='word_1_625' title='bbox 2171 2705 2285 2743; x_wconf 77' lang='lat' dir='ltr'>vero</span> <span class='ocrx_word' id='word_1_626' title='bbox 2294 2694 2377 2756; x_wconf 78' lang='lat' dir='ltr'>qui</span> <span class='ocrx_word' id='word_1_627' title='bbox 2388 2700 2655 2757; x_wconf 84' lang='lat' dir='ltr'>numerent,</span> <span class='ocrx_word' id='word_1_628' title='bbox 2665 2698 2856 2755; x_wconf 69' lang='lat' dir='ltr'>quidvis</span> <span class='ocrx_word' id='word_1_629' title='bbox 2864 2697 3073 2749; x_wconf 77' lang='lat' dir='ltr'>faciendi</span> <span class='ocrx_word' id='word_1_630' title='bbox 3092 2699 3281 2751; x_wconf 89' lang='lat' dir='ltr'>licentia</span> <span class='ocrx_word' id='word_1_631' title='bbox 3290 2698 3669 2760; x_wconf 72' lang='lat' dir='ltr'>concedatur;(t75}</span> 
     </span>
     <span class='ocr_line' id='line_1_78' title="bbox 2171 2794 3671 2863; baseline 0.004 -19"><span class='ocrx_word' id='word_1_632' title='bbox 2171 2794 2253 2845; x_wconf 88' lang='lat' dir='ltr'>sed</span> <span class='ocrx_word' id='word_1_633' title='bbox 2278 2798 2319 2845; x_wconf 90' lang='lat' dir='ltr'>si</span> <span class='ocrx_word' id='word_1_634' title='bbox 2339 2797 2640 2861; x_wconf 75' lang='lat' dir='ltr'>philosophia</span> <span class='ocrx_word' id='word_1_635' title='bbox 2654 2804 2729 2849; x_wconf 86' lang='lat' dir='ltr'>est</span> <span class='ocrx_word' id='word_1_636' title='bbox 2746 2800 3013 2862; x_wconf 75' lang='lat' dir='ltr'>eiusmodi,</span> <span class='ocrx_word' id='word_1_637' title='bbox 3028 2802 3089 2851; x_wconf 89' lang='lat' dir='ltr'>ut</span> <span class='ocrx_word' id='word_1_638' title='bbox 3108 2802 3425 2853; x_wconf 70' lang='lat' dir='ltr'>adolescentes</span> <span class='ocrx_word' id='word_1_639' title='bbox 3444 2808 3671 2863; x_wconf 77' lang='lat' dir='ltr'>corrumpat,</span> 
     </span>
     <span class='ocr_line' id='line_1_79' title="bbox 2174 2890 3672 2968; baseline 0.001 -21"><span class='ocrx_word' id='word_1_640' title='bbox 2174 2911 2269 2948; x_wconf 90' lang='lat' dir='ltr'>non</span> <span class='ocrx_word' id='word_1_641' title='bbox 2292 2898 2369 2949; x_wconf 90' lang='lat' dir='ltr'>ille</span> <span class='ocrx_word' id='word_1_642' title='bbox 2392 2900 2525 2949; x_wconf 89' lang='lat' dir='ltr'>solus</span> <span class='ocrx_word' id='word_1_643' title='bbox 2553 2902 2823 2964; x_wconf 87' lang='lat' dir='ltr'>puniendus</span> <span class='ocrx_word' id='word_1_644' title='bbox 2841 2890 2916 2953; x_wconf 79' lang='lat' dir='ltr'>est</span> <span class='ocrx_word' id='word_1_645' title='bbox 2932 2916 3081 2965; x_wconf 85' lang='lat' dir='ltr'>quem</span> <span class='ocrx_word' id='word_1_646' title='bbox 3101 2905 3214 2968; x_wconf 86' lang='lat' dir='ltr'>quis</span> <span class='ocrx_word' id='word_1_647' title='bbox 3230 2905 3395 2955; x_wconf 86' lang='lat' dir='ltr'>borum</span> <span class='ocrx_word' id='word_1_648' title='bbox 3417 2902 3672 2961; x_wconf 71' lang='lat' dir='ltr'>accusaverit,</span> 
     </span>
    </p>
   </div>
   <div class='ocr_carea' id='block_1_18' title="bbox 2173 2998 3776 3069">
    <p class='ocr_par' dir='ltr' id='par_1_18' title="bbox 2173 2998 3776 3069">
     <span class='ocr_line' id='line_1_80' title="bbox 2173 2998 3776 3069; baseline -0.001 -20"><span class='ocrx_word' id='word_1_649' title='bbox 2173 2998 2257 3049; x_wconf 84' lang='lat' dir='ltr'>sed</span> <span class='ocrx_word' id='word_1_650' title='bbox 2280 3013 2451 3050; x_wconf 87' lang='lat' dir='ltr'>omnes</span> <span class='ocrx_word' id='word_1_651' title='bbox 2470 3014 2611 3064; x_wconf 79' lang='lat' dir='ltr'>aeque</span> <span class='ocrx_word' id='word_1_652' title='bbox 2628 3001 2689 3052; x_wconf 90' lang='lat' dir='ltr'>de</span> <span class='ocrx_word' id='word_1_653' title='bbox 2702 3002 2863 3054; x_wconf 86' lang='lat' dir='ltr'>medio</span> <span class='ocrx_word' id='word_1_654' title='bbox 2880 3004 3077 3055; x_wconf 81' lang='lat' dir='ltr'>tollendi</span> <span class='ocrx_word' id='word_1_655' title='bbox 3094 3041 3109 3066; x_wconf 92' lang='lat'>,</span> <span class='ocrx_word' id='word_1_656' title='bbox 3130 3006 3215 3069; x_wconf 84' lang='lat' dir='ltr'>qui</span> <span class='ocrx_word' id='word_1_657' title='bbox 3238 3007 3351 3056; x_wconf 85' lang='lat' dir='ltr'>huic</span> <span class='ocrx_word' id='word_1_658' title='bbox 3372 3006 3515 3057; x_wconf 87' lang='lat' dir='ltr'>studio</span> <span class='ocrx_word' id='word_1_659' title='bbox 3529 3014 3674 3067; x_wconf 73' lang='lat' dir='ltr'>operm</span> <span class='ocrx_word' id='word_1_660' title='bbox 3774 3010 3776 3037; x_wconf 62' lang='lat'><strong>³</strong></span> 
     </span>
    </p>
   </div>
   <div class='ocr_carea' id='block_1_19' title="bbox 2174 3098 3677 3467">
    <p class='ocr_par' dir='ltr' id='par_1_19' title="bbox 2174 3098 3677 3467">
     <span class='ocr_line' id='line_1_81' title="bbox 2174 3098 3675 3166; baseline 0.001 -21"><span class='ocrx_word' id='word_1_661' title='bbox 2174 3099 2375 3159; x_wconf 85' lang='lat' dir='ltr'>navant;</span> <span class='ocrx_word' id='word_1_662' title='bbox 2394 3098 2561 3148; x_wconf 80' lang='lat' dir='ltr'>sinilia</span> <span class='ocrx_word' id='word_1_663' title='bbox 2580 3100 2819 3150; x_wconf 87' lang='lat' dir='ltr'>contraria</span> <span class='ocrx_word' id='word_1_664' title='bbox 2836 3101 2885 3149; x_wconf 84' lang='lat' dir='ltr'>vi</span> <span class='ocrx_word' id='word_1_665' title='bbox 2904 3102 3109 3163; x_wconf 76' lang='lat' dir='ltr'>praedita</span> <span class='ocrx_word' id='word_1_666' title='bbox 3124 3110 3227 3166; x_wconf 88' lang='lat' dir='ltr'>est,</span> <span class='ocrx_word' id='word_1_667' title='bbox 3246 3112 3299 3155; x_wconf 90' lang='lat' dir='ltr'>ut</span> <span class='ocrx_word' id='word_1_668' title='bbox 3314 3104 3539 3154; x_wconf 75' lang='lat' dir='ltr'>utilitatem</span> <span class='ocrx_word' id='word_1_669' title='bbox 3552 3100 3675 3149; x_wconf 76' lang='lat' dir='ltr'>allent</span> 
     </span>
     <span class='ocr_line' id='line_1_82' title="bbox 2174 3198 3675 3269; baseline 0.001 -22"><span class='ocrx_word' id='word_1_670' title='bbox 2174 3198 2491 3263; x_wconf 82' lang='lat' dir='ltr'>melioresque</span> <span class='ocrx_word' id='word_1_671' title='bbox 2506 3202 2555 3251; x_wconf 89' lang='lat' dir='ltr'>et</span> <span class='ocrx_word' id='word_1_672' title='bbox 2580 3200 2917 3252; x_wconf 73' lang='lat' dir='ltr'>laudabiliores</span> <span class='ocrx_word' id='word_1_673' title='bbox 2942 3204 3117 3254; x_wconf 86' lang='lat' dir='ltr'>reddat</span> <span class='ocrx_word' id='word_1_674' title='bbox 3138 3204 3425 3269; x_wconf 83' lang='lat' dir='ltr'>discipulos,</span> <span class='ocrx_word' id='word_1_675' title='bbox 3456 3206 3483 3253; x_wconf 90' lang='lat' dir='ltr'>ii</span> <span class='ocrx_word' id='word_1_676' title='bbox 3502 3204 3571 3266; x_wconf 86' lang='lat' dir='ltr'>qui</span> <span class='ocrx_word' id='word_1_677' title='bbox 3599 3212 3675 3251; x_wconf 74' lang='lat' dir='ltr'>eam</span> 
     </span>
     <span class='ocr_line' id='line_1_83' title="bbox 2174 3296 3675 3365; baseline 0 -20"><span class='ocrx_word' id='word_1_678' title='bbox 2174 3296 2524 3347; x_wconf 81' lang='lat' dir='ltr'>calumniantur</span> <span class='ocrx_word' id='word_1_679' title='bbox 2542 3298 2827 3361; x_wconf 84' lang='lat' dir='ltr'>reprimendi</span> <span class='ocrx_word' id='word_1_680' title='bbox 2850 3304 2993 3361; x_wconf 85' lang='lat' dir='ltr'>sunt,</span> <span class='ocrx_word' id='word_1_681' title='bbox 3025 3306 3325 3353; x_wconf 79' lang='lat' dir='ltr'>veteratores</span> <span class='ocrx_word' id='word_1_682' title='bbox 3356 3301 3581 3365; x_wconf 81' lang='lat' dir='ltr'>ignominia</span> <span class='ocrx_word' id='word_1_683' title='bbox 3598 3296 3675 3345; x_wconf 81' lang='lat' dir='ltr'>anl-</span> 
     </span>
     <span class='ocr_line' id='line_1_84' title="bbox 2174 3398 3677 3467; baseline 0.001 -21"><span class='ocrx_word' id='word_1_684' title='bbox 2174 3398 2354 3461; x_wconf 87' lang='lat' dir='ltr'>ciendi,</span> <span class='ocrx_word' id='word_1_685' title='bbox 2372 3398 2700 3450; x_wconf 81' lang='lat' dir='ltr'>adolescentes</span> <span class='ocrx_word' id='word_1_686' title='bbox 2720 3413 2833 3450; x_wconf 80' lang='lat' dir='ltr'>vero</span> <span class='ocrx_word' id='word_1_687' title='bbox 2854 3401 3147 3454; x_wconf 80' lang='lat' dir='ltr'>exhortandi</span> <span class='ocrx_word' id='word_1_688' title='bbox 3172 3406 3293 3454; x_wconf 86' lang='lat' dir='ltr'>utin</span> <span class='ocrx_word' id='word_1_689' title='bbox 3310 3406 3396 3454; x_wconf 84' lang='lat' dir='ltr'>hac</span> <span class='ocrx_word' id='word_1_690' title='bbox 3416 3404 3552 3467; x_wconf 86' lang='lat' dir='ltr'>potius</span> <span class='ocrx_word' id='word_1_691' title='bbox 3568 3410 3677 3462; x_wconf 82' lang='lat' dir='ltr'>quam</span> 
     </span>
    </p>
   </div>
   <div class='ocr_carea' id='block_1_20' title="bbox 2175 3498 3750 5321">
    <p class='ocr_par' dir='ltr' id='par_1_20' title="bbox 2175 3498 3750 5321">
     <span class='ocr_line' id='line_1_85' title="bbox 2175 3498 3678 3567; baseline 0 -18"><span class='ocrx_word' id='word_1_692' title='bbox 2175 3501 2279 3549; x_wconf 82' lang='lat' dir='ltr'>aliis</span> <span class='ocrx_word' id='word_1_693' title='bbox 2300 3498 2562 3563; x_wconf 82' lang='lat' dir='ltr'>disciplinis</span> <span class='ocrx_word' id='word_1_694' title='bbox 2584 3516 2779 3567; x_wconf 87' lang='lat' dir='ltr'>operam</span> <span class='ocrx_word' id='word_1_695' title='bbox 2802 3503 3056 3553; x_wconf 88' lang='lat' dir='ltr'>collocent.</span> <span class='ocrx_word' id='word_1_696' title='bbox 3098 3506 3233 3567; x_wconf 79' lang='lat'>(176)</span> <span class='ocrx_word' id='word_1_697' title='bbox 3260 3512 3328 3557; x_wconf 80' lang='lat' dir='ltr'>Ac</span> <span class='ocrx_word' id='word_1_698' title='bbox 3350 3506 3489 3555; x_wconf 87' lang='lat' dir='ltr'>multo</span> <span class='ocrx_word' id='word_1_699' title='bbox 3507 3503 3678 3558; x_wconf 80' lang='lat' dir='ltr'>mallem,</span> 
     </span>
     <span class='ocr_line' id='line_1_86' title="bbox 2178 3597 3680 3664; baseline 0.002 -19"><span class='ocrx_word' id='word_1_700' title='bbox 2178 3597 2218 3646; x_wconf 83' lang='lat' dir='ltr'>si</span> <span class='ocrx_word' id='word_1_701' title='bbox 2237 3597 2431 3660; x_wconf 85' lang='lat' dir='ltr'>quidem</span> <span class='ocrx_word' id='word_1_702' title='bbox 2448 3599 2495 3648; x_wconf 90' lang='lat' dir='ltr'>in</span> <span class='ocrx_word' id='word_1_703' title='bbox 2514 3600 2623 3649; x_wconf 80' lang='lat' dir='ltr'>satis</span> <span class='ocrx_word' id='word_1_704' title='bbox 2646 3601 2735 3651; x_wconf 81' lang='lat' dir='ltr'>tuit</span> <span class='ocrx_word' id='word_1_705' title='bbox 2750 3604 2803 3650; x_wconf 86' lang='lat' dir='ltr'>ut</span> <span class='ocrx_word' id='word_1_706' title='bbox 2822 3602 2871 3650; x_wconf 91' lang='lat' dir='ltr'>in</span> <span class='ocrx_word' id='word_1_707' title='bbox 2890 3601 3231 3664; x_wconf 73' lang='lat' dir='ltr'>hocludicium</span> <span class='ocrx_word' id='word_1_708' title='bbox 3248 3616 3447 3661; x_wconf 80' lang='lat' dir='ltr'>vocarer,</span> <span class='ocrx_word' id='word_1_709' title='bbox 3466 3600 3680 3649; x_wconf 75' lang='lat' dir='ltr'>adolescen-</span> 
     </span>
     <span class='ocr_line' id='line_1_87' title="bbox 2178 3696 3680 3763; baseline 0 -20"><span class='ocrx_word' id='word_1_710' title='bbox 2178 3700 2273 3743; x_wconf 86' lang='lat' dir='ltr'>tem</span> <span class='ocrx_word' id='word_1_711' title='bbox 2310 3708 2389 3744; x_wconf 88' lang='lat' dir='ltr'>me</span> <span class='ocrx_word' id='word_1_712' title='bbox 2418 3696 2467 3745; x_wconf 91' lang='lat' dir='ltr'>in</span> <span class='ocrx_word' id='word_1_713' title='bbox 2499 3696 2595 3746; x_wconf 91' lang='lat' dir='ltr'>hoc</span> <span class='ocrx_word' id='word_1_714' title='bbox 2621 3696 2877 3748; x_wconf 86' lang='lat' dir='ltr'>discrimen</span> <span class='ocrx_word' id='word_1_715' title='bbox 2916 3697 3157 3750; x_wconf 86' lang='lat' dir='ltr'>incidisse.</span> <span class='ocrx_word' id='word_1_716' title='bbox 3224 3702 3387 3763; x_wconf 79' lang='lat' dir='ltr'>Neque</span> <span class='ocrx_word' id='word_1_717' title='bbox 3422 3698 3535 3748; x_wconf 87' lang='lat' dir='ltr'>enirn</span> <span class='ocrx_word' id='word_1_718' title='bbox 3560 3696 3680 3745; x_wconf 80' lang='lat' dir='ltr'>animo</span> 
     </span>
     <span class='ocr_line' id='line_1_88' title="bbox 2178 3792 3680 3849; baseline -0.001 -9"><span class='ocrx_word' id='word_1_719' title='bbox 2178 3792 2492 3843; x_wconf 87' lang='lat' dir='ltr'>concidissem</span> <span class='ocrx_word' id='word_1_720' title='bbox 2508 3828 2521 3849; x_wconf 92' lang='lat'>,</span> <span class='ocrx_word' id='word_1_721' title='bbox 2536 3793 2621 3844; x_wconf 85' lang='lat' dir='ltr'>sed</span> <span class='ocrx_word' id='word_1_722' title='bbox 2642 3794 2796 3845; x_wconf 88' lang='lat' dir='ltr'>multo</span> <span class='ocrx_word' id='word_1_723' title='bbox 2817 3795 3012 3845; x_wconf 78' lang='lat' dir='ltr'>fuissem</span> <span class='ocrx_word' id='word_1_724' title='bbox 3034 3796 3169 3847; x_wconf 85' lang='lat' dir='ltr'>etad</span> <span class='ocrx_word' id='word_1_725' title='bbox 3191 3801 3497 3847; x_wconf 81' lang='lat' dir='ltr'>accusatorem</span> <span class='ocrx_word' id='word_1_726' title='bbox 3514 3792 3680 3843; x_wconf 75' lang='lat' dir='ltr'>refutan-</span> 
     </span>
     <span class='ocr_line' id='line_1_89' title="bbox 2177 3891 3681 3961; baseline 0 -20"><span class='ocrx_word' id='word_1_727' title='bbox 2177 3891 2295 3941; x_wconf 89' lang='lat' dir='ltr'>dum</span> <span class='ocrx_word' id='word_1_728' title='bbox 2308 3898 2358 3942; x_wconf 87' lang='lat' dir='ltr'>et</span> <span class='ocrx_word' id='word_1_729' title='bbox 2373 3894 2720 3957; x_wconf 80' lang='lat' dir='ltr'>philosophiam</span> <span class='ocrx_word' id='word_1_730' title='bbox 2739 3894 3086 3947; x_wconf 80' lang='lat' dir='ltr'>defendendam</span> <span class='ocrx_word' id='word_1_731' title='bbox 3114 3898 3414 3961; x_wconf 85' lang='lat' dir='ltr'>instructior;</span> <span class='ocrx_word' id='word_1_732' title='bbox 3428 3909 3541 3947; x_wconf 91' lang='lat' dir='ltr'>nunc</span> <span class='ocrx_word' id='word_1_733' title='bbox 3559 3896 3681 3944; x_wconf 73' lang='lat' dir='ltr'>autem</span> 
     </span>
     <span class='ocr_line' id='line_1_90' title="bbox 2180 3990 3682 4056; baseline 0.001 -20"><span class='ocrx_word' id='word_1_734' title='bbox 2180 4002 2349 4039; x_wconf 79' lang='lat' dir='ltr'>vereor</span> <span class='ocrx_word' id='word_1_735' title='bbox 2370 4004 2457 4050; x_wconf 91' lang='lat' dir='ltr'>ne,</span> <span class='ocrx_word' id='word_1_736' title='bbox 2480 4003 2631 4053; x_wconf 88' lang='lat' dir='ltr'>quum</span> <span class='ocrx_word' id='word_1_737' title='bbox 2654 3992 2759 4054; x_wconf 80' lang='lat' dir='ltr'>eius</span> <span class='ocrx_word' id='word_1_738' title='bbox 2800 4006 2891 4056; x_wconf 93' lang='lat' dir='ltr'>ope</span> <span class='ocrx_word' id='word_1_739' title='bbox 2920 3994 3028 4043; x_wconf 87' lang='lat' dir='ltr'>aliis</span> <span class='ocrx_word' id='word_1_740' title='bbox 3050 3993 3114 4043; x_wconf 92' lang='lat' dir='ltr'>de</span> <span class='ocrx_word' id='word_1_741' title='bbox 3138 3994 3285 4045; x_wconf 87' lang='lat' dir='ltr'>rebus</span> <span class='ocrx_word' id='word_1_742' title='bbox 3304 3994 3417 4044; x_wconf 81' lang='lat' dir='ltr'>satis</span> <span class='ocrx_word' id='word_1_743' title='bbox 3444 3994 3549 4043; x_wconf 86' lang='lat' dir='ltr'>bene</span> <span class='ocrx_word' id='word_1_744' title='bbox 3564 3990 3682 4039; x_wconf 79' lang='lat' dir='ltr'>‹tisse-</span> 
     </span>
     <span class='ocr_line' id='line_1_91' title="bbox 2178 4086 3750 4155; baseline 0.008 -20"><span class='ocrx_word' id='word_1_745' title='bbox 2178 4086 2383 4147; x_wconf 89' lang='lat' dir='ltr'>ruerim,</span> <span class='ocrx_word' id='word_1_746' title='bbox 2427 4087 2489 4138; x_wconf 89' lang='lat' dir='ltr'>de</span> <span class='ocrx_word' id='word_1_747' title='bbox 2524 4088 2614 4137; x_wconf 87' lang='lat' dir='ltr'>hac</span> <span class='ocrx_word' id='word_1_748' title='bbox 2646 4087 2856 4139; x_wconf 88' lang='lat' dir='ltr'>deterius</span> <span class='ocrx_word' id='word_1_749' title='bbox 2886 4088 3043 4141; x_wconf 89' lang='lat' dir='ltr'>dicam</span> <span class='ocrx_word' id='word_1_750' title='bbox 3084 4106 3235 4155; x_wconf 86' lang='lat' dir='ltr'>quam</span> <span class='ocrx_word' id='word_1_751' title='bbox 3262 4092 3323 4143; x_wconf 88' lang='lat' dir='ltr'>de</span> <span class='ocrx_word' id='word_1_752' title='bbox 3355 4092 3413 4142; x_wconf 87' lang='lat' dir='ltr'>iis</span> <span class='ocrx_word' id='word_1_753' title='bbox 3442 4103 3540 4154; x_wconf 78' lang='lat' dir='ltr'>quae</span> <span class='ocrx_word' id='word_1_754' title='bbox 3560 4088 3683 4137; x_wconf 83' lang='lat' dir='ltr'>minus</span> <span class='ocrx_word' id='word_1_755' title='bbox 3744 4141 3750 4147; x_wconf 93' lang='lat'>.</span> 
     </span>
     <span class='ocr_line' id='line_1_92' title="bbox 2178 4188 3683 4257; baseline 0 -22"><span class='ocrx_word' id='word_1_756' title='bbox 2178 4200 2257 4237; x_wconf 91' lang='lat' dir='ltr'>me</span> <span class='ocrx_word' id='word_1_757' title='bbox 2280 4198 2451 4239; x_wconf 78' lang='lat' dir='ltr'>curare</span> <span class='ocrx_word' id='word_1_758' title='bbox 2475 4188 2687 4241; x_wconf 82' lang='lat' dir='ltr'>decebat.</span> <span class='ocrx_word' id='word_1_759' title='bbox 2752 4190 2878 4255; x_wconf 87' lang='grc'><strong>(177)</strong></span> <span class='ocrx_word' id='word_1_760' title='bbox 2915 4194 3057 4257; x_wconf 78' lang='lat' dir='ltr'>Atqui</span> <span class='ocrx_word' id='word_1_761' title='bbox 3083 4194 3355 4257; x_wconf 77' lang='lat' dir='ltr'>praeferrem</span> <span class='ocrx_word' id='word_1_762' title='bbox 3376 4191 3572 4257; x_wconf 87' lang='lat' dir='ltr'>(dicetur</span> <span class='ocrx_word' id='word_1_763' title='bbox 3586 4188 3683 4237; x_wconf 71' lang='lat' dir='ltr'>mim</span> 
     </span>
     <span class='ocr_line' id='line_1_93' title="bbox 2178 4284 3683 4352; baseline 0.001 -18"><span class='ocrx_word' id='word_1_764' title='bbox 2178 4284 2307 4347; x_wconf 87' lang='lat' dir='ltr'>quod</span> <span class='ocrx_word' id='word_1_765' title='bbox 2336 4299 2502 4336; x_wconf 81' lang='lat' dir='ltr'>verum</span> <span class='ocrx_word' id='word_1_766' title='bbox 2534 4292 2636 4350; x_wconf 88' lang='lat' dir='ltr'>est,</span> <span class='ocrx_word' id='word_1_767' title='bbox 2672 4287 2861 4339; x_wconf 83' lang='lat' dir='ltr'>etiamsi</span> <span class='ocrx_word' id='word_1_768' title='bbox 2894 4290 3046 4339; x_wconf 87' lang='lat' dir='ltr'>stulta</span> <span class='ocrx_word' id='word_1_769' title='bbox 3080 4291 3237 4342; x_wconf 86' lang='lat' dir='ltr'>oratio</span> <span class='ocrx_word' id='word_1_770' title='bbox 3272 4288 3598 4352; x_wconf 79' lang='lat' dir='ltr'>videatur)jam</span> <span class='ocrx_word' id='word_1_771' title='bbox 3628 4284 3683 4331; x_wconf 79' lang='lat' dir='ltr'>vi-</span> 
     </span>
     <span class='ocr_line' id='line_1_94' title="bbox 2181 4380 3683 4449; baseline 0.008 -20"><span class='ocrx_word' id='word_1_772' title='bbox 2181 4387 2277 4430; x_wconf 81' lang='lat' dir='ltr'>tam</span> <span class='ocrx_word' id='word_1_773' title='bbox 2304 4381 2469 4445; x_wconf 81' lang='lat' dir='ltr'>finire&#39;,</span> <span class='ocrx_word' id='word_1_774' title='bbox 2488 4388 2745 4447; x_wconf 81' lang='lat' dir='ltr'>postquam</span> <span class='ocrx_word' id='word_1_775' title='bbox 2771 4398 2856 4449; x_wconf 89' lang='lat' dir='ltr'>pro</span> <span class='ocrx_word' id='word_1_776' title='bbox 2874 4388 3142 4447; x_wconf 82' lang='lat' dir='ltr'>argumenti</span> <span class='ocrx_word' id='word_1_777' title='bbox 3164 4387 3394 4449; x_wconf 83' lang='lat' dir='ltr'>dignitate</span> <span class='ocrx_word' id='word_1_778' title='bbox 3410 4380 3683 4441; x_wconf 64' lang='lat' dir='ltr'>disseruedms</span> 
     </span>
     <span class='ocr_line' id='line_1_95' title="bbox 2178 4476 3682 4547; baseline 0.007 -23"><span class='ocrx_word' id='word_1_779' title='bbox 2178 4476 2411 4541; x_wconf 78' lang='lat' dir='ltr'>vobisque</span> <span class='ocrx_word' id='word_1_780' title='bbox 2455 4482 2772 4541; x_wconf 83' lang='lat' dir='ltr'>persuaserim</span> <span class='ocrx_word' id='word_1_781' title='bbox 2816 4482 2872 4532; x_wconf 82' lang='lat' dir='ltr'>ut</span> <span class='ocrx_word' id='word_1_782' title='bbox 2905 4482 3049 4533; x_wconf 85' lang='lat' dir='ltr'>talem</span> <span class='ocrx_word' id='word_1_783' title='bbox 3102 4484 3389 4547; x_wconf 68' lang='lat' dir='ltr'>eloquentiae</span> <span class='ocrx_word' id='word_1_784' title='bbox 3434 4480 3682 4545; x_wconf 65' lang='lat' dir='ltr'>disciplinam</span> 
     </span>
     <span class='ocr_line' id='line_1_96' title="bbox 2181 4573 3683 4643; baseline 0.002 -21"><span class='ocrx_word' id='word_1_785' title='bbox 2181 4573 2444 4638; x_wconf 87' lang='lat' dir='ltr'>haberetis,</span> <span class='ocrx_word' id='word_1_786' title='bbox 2480 4577 2634 4639; x_wconf 88' lang='lat' dir='ltr'>qualis</span> <span class='ocrx_word' id='word_1_787' title='bbox 2678 4582 2781 4639; x_wconf 87' lang='lat' dir='ltr'>est,</span> <span class='ocrx_word' id='word_1_788' title='bbox 2817 4592 2963 4643; x_wconf 89' lang='lat' dir='ltr'>quam</span> <span class='ocrx_word' id='word_1_789' title='bbox 3006 4581 3161 4631; x_wconf 88' lang='lat' dir='ltr'>multo</span> <span class='ocrx_word' id='word_1_790' title='bbox 3196 4580 3379 4631; x_wconf 86' lang='lat' dir='ltr'>diutius</span> <span class='ocrx_word' id='word_1_791' title='bbox 3408 4580 3557 4630; x_wconf 76' lang='lat' dir='ltr'>virere</span> <span class='ocrx_word' id='word_1_792' title='bbox 3584 4576 3683 4626; x_wconf 84' lang='lat' dir='ltr'>illam</span> 
     </span>
     <span class='ocr_line' id='line_1_97' title="bbox 2180 4670 3683 4740; baseline 0.007 -21"><span class='ocrx_word' id='word_1_793' title='bbox 2180 4670 2323 4720; x_wconf 85' lang='lat' dir='ltr'>tatem</span> <span class='ocrx_word' id='word_1_794' title='bbox 2361 4673 2690 4737; x_wconf 87' lang='lat' dir='ltr'>conspiciens,</span> <span class='ocrx_word' id='word_1_795' title='bbox 2716 4675 2871 4738; x_wconf 88' lang='lat' dir='ltr'>qualis</span> <span class='ocrx_word' id='word_1_796' title='bbox 2906 4689 3035 4726; x_wconf 88' lang='lat' dir='ltr'>nunc</span> <span class='ocrx_word' id='word_1_797' title='bbox 3070 4675 3198 4740; x_wconf 86' lang='lat' dir='ltr'>apud</span> <span class='ocrx_word' id='word_1_798' title='bbox 3231 4689 3320 4727; x_wconf 79' lang='lat' dir='ltr'>vos</span> <span class='ocrx_word' id='word_1_799' title='bbox 3352 4676 3548 4726; x_wconf 84' lang='lat' dir='ltr'>habetur.</span> <span class='ocrx_word' id='word_1_800' title='bbox 3582 4670 3683 4733; x_wconf 77' lang='grc'><strong>(178)</strong></span> 
     </span>
     <span class='ocr_line' id='line_1_98' title="bbox 2180 4767 3683 4837; baseline -0.003 -18"><span class='ocrx_word' id='word_1_801' title='bbox 2180 4773 2247 4819; x_wconf 80' lang='lat' dir='ltr'>Ac</span> <span class='ocrx_word' id='word_1_802' title='bbox 2268 4783 2363 4818; x_wconf 89' lang='lat' dir='ltr'>non</span> <span class='ocrx_word' id='word_1_803' title='bbox 2380 4782 2487 4819; x_wconf 91' lang='lat' dir='ltr'>sum</span> <span class='ocrx_word' id='word_1_804' title='bbox 2512 4772 2700 4821; x_wconf 84' lang='lat' dir='ltr'>nescius</span> <span class='ocrx_word' id='word_1_805' title='bbox 2719 4785 2797 4821; x_wconf 87' lang='lat' dir='ltr'>me</span> <span class='ocrx_word' id='word_1_806' title='bbox 2818 4773 2978 4823; x_wconf 88' lang='lat' dir='ltr'>multo</span> <span class='ocrx_word' id='word_1_807' title='bbox 2996 4772 3192 4824; x_wconf 74' lang='lat' dir='ltr'>inferius</span> <span class='ocrx_word' id='word_1_808' title='bbox 3210 4773 3367 4824; x_wconf 87' lang='lat' dir='ltr'>dicere</span> <span class='ocrx_word' id='word_1_809' title='bbox 3389 4784 3522 4837; x_wconf 88' lang='lat' dir='ltr'>quam</span> <span class='ocrx_word' id='word_1_810' title='bbox 3542 4767 3683 4823; x_wconf 84' lang='lat' dir='ltr'>vetim;</span> 
     </span>
     <span class='ocr_line' id='line_1_99' title="bbox 2180 4865 3683 4933; baseline 0.002 -19"><span class='ocrx_word' id='word_1_811' title='bbox 2180 4868 2339 4916; x_wconf 83' lang='lat' dir='ltr'>tamen</span> <span class='ocrx_word' id='word_1_812' title='bbox 2380 4867 2829 4931; x_wconf 84' lang='lat' dir='ltr'>quomodocumque</span> <span class='ocrx_word' id='word_1_813' title='bbox 2885 4872 3079 4933; x_wconf 83' lang='lat' dir='ltr'>potero,</span> <span class='ocrx_word' id='word_1_814' title='bbox 3128 4871 3235 4933; x_wconf 57' lang='lat' dir='ltr'>dus</span> <span class='ocrx_word' id='word_1_815' title='bbox 3282 4872 3491 4920; x_wconf 82' lang='lat' dir='ltr'>naturam</span> <span class='ocrx_word' id='word_1_816' title='bbox 3531 4872 3573 4917; x_wconf 89' lang='lat' dir='ltr'>et</span> <span class='ocrx_word' id='word_1_817' title='bbox 3606 4865 3683 4913; x_wconf 72' lang='lat' dir='ltr'>vim</span> 
     </span>
     <span class='ocr_line' id='line_1_100' title="bbox 2181 4961 3684 5032; baseline -0.001 -21"><span class='ocrx_word' id='word_1_818' title='bbox 2181 4975 2414 5025; x_wconf 78' lang='lat' dir='ltr'>exponere</span> <span class='ocrx_word' id='word_1_819' title='bbox 2439 4966 2646 5015; x_wconf 88' lang='lat' dir='ltr'>conabor</span> <span class='ocrx_word' id='word_1_820' title='bbox 2664 4968 2715 5016; x_wconf 87' lang='lat' dir='ltr'>et</span> <span class='ocrx_word' id='word_1_821' title='bbox 2749 4980 2858 5029; x_wconf 81' lang='lat' dir='ltr'>quoe</span> <span class='ocrx_word' id='word_1_822' title='bbox 2884 4966 3090 5018; x_wconf 84' lang='lat' dir='ltr'>affinitas</span> <span class='ocrx_word' id='word_1_823' title='bbox 3115 4966 3205 5032; x_wconf 84' lang='lat' dir='ltr'>ipsi</span> <span class='ocrx_word' id='word_1_824' title='bbox 3242 4967 3497 5029; x_wconf 85' lang='lat' dir='ltr'>ceterisque</span> <span class='ocrx_word' id='word_1_825' title='bbox 3530 4961 3684 5012; x_wconf 82' lang='lat' dir='ltr'>artibus</span> 
     </span>
     <span class='ocr_line' id='line_1_101' title="bbox 2181 5059 3686 5128; baseline -0.002 -20"><span class='ocrx_word' id='word_1_826' title='bbox 2181 5060 2465 5123; x_wconf 87' lang='lat' dir='ltr'>intercedat,</span> <span class='ocrx_word' id='word_1_827' title='bbox 2486 5062 2669 5125; x_wconf 90' lang='lat' dir='ltr'>etquid</span> <span class='ocrx_word' id='word_1_828' title='bbox 2694 5066 2947 5115; x_wconf 82' lang='lat' dir='ltr'>sectatores</span> <span class='ocrx_word' id='word_1_829' title='bbox 2974 5076 3088 5115; x_wconf 84' lang='lat' dir='ltr'>suos</span> <span class='ocrx_word' id='word_1_830' title='bbox 3104 5067 3269 5128; x_wconf 81' lang='lat' dir='ltr'>juvet,</span> <span class='ocrx_word' id='word_1_831' title='bbox 3290 5068 3341 5114; x_wconf 87' lang='lat' dir='ltr'>et</span> <span class='ocrx_word' id='word_1_832' title='bbox 3361 5063 3512 5126; x_wconf 87' lang='lat' dir='ltr'>qualia</span> <span class='ocrx_word' id='word_1_833' title='bbox 3540 5074 3589 5111; x_wconf 85' lang='lat' dir='ltr'>ea</span> <span class='ocrx_word' id='word_1_834' title='bbox 3608 5059 3686 5106; x_wconf 85' lang='lat' dir='ltr'>sint</span> 
     </span>
     <span class='ocr_line' id='line_1_102' title="bbox 2181 5148 3683 5223; baseline -0.001 -17"><span class='ocrx_word' id='word_1_835' title='bbox 2181 5169 2291 5219; x_wconf 78' lang='lat' dir='ltr'>quae</span> <span class='ocrx_word' id='word_1_836' title='bbox 2304 5170 2390 5207; x_wconf 80' lang='lat' dir='ltr'>nos</span> <span class='ocrx_word' id='word_1_837' title='bbox 2410 5148 2743 5223; x_wconf 69' lang='lat' dir='ltr'>polliceamur}</span> <span class='ocrx_word' id='word_1_838' title='bbox 2762 5160 2965 5210; x_wconf 77' lang='lat' dir='ltr'>arbitror</span> <span class='ocrx_word' id='word_1_839' title='bbox 2982 5161 3110 5211; x_wconf 90' lang='lat' dir='ltr'>enim</span> <span class='ocrx_word' id='word_1_840' title='bbox 3146 5172 3235 5210; x_wconf 77' lang='lat' dir='ltr'>vos</span> <span class='ocrx_word' id='word_1_841' title='bbox 3258 5158 3447 5222; x_wconf 78' lang='lat' dir='ltr'>cognito</span> <span class='ocrx_word' id='word_1_842' title='bbox 3482 5154 3597 5220; x_wconf 87' lang='lat' dir='ltr'>quod</span> <span class='ocrx_word' id='word_1_843' title='bbox 3617 5165 3683 5201; x_wconf 80' lang='lat' dir='ltr'>re·</span> 
     </span>
     <span class='ocr_line' id='line_1_103' title="bbox 2180 5252 3683 5321; baseline -0.002 -18"><span class='ocrx_word' id='word_1_844' title='bbox 2180 5266 2289 5303; x_wconf 89' lang='lat' dir='ltr'>rum</span> <span class='ocrx_word' id='word_1_845' title='bbox 2302 5253 2390 5316; x_wconf 81' lang='lat' dir='ltr'>sit,</span> <span class='ocrx_word' id='word_1_846' title='bbox 2411 5255 2583 5306; x_wconf 86' lang='lat' dir='ltr'>melius</span> <span class='ocrx_word' id='word_1_847' title='bbox 2601 5254 2661 5306; x_wconf 90' lang='lat' dir='ltr'>de</span> <span class='ocrx_word' id='word_1_848' title='bbox 2682 5270 2739 5307; x_wconf 88' lang='lat' dir='ltr'>ea</span> <span class='ocrx_word' id='word_1_849' title='bbox 2760 5256 3007 5321; x_wconf 86' lang='lat' dir='ltr'>disciplina</span> <span class='ocrx_word' id='word_1_850' title='bbox 3031 5260 3081 5309; x_wconf 84' lang='lat' dir='ltr'>et</span> <span class='ocrx_word' id='word_1_851' title='bbox 3109 5258 3405 5309; x_wconf 81' lang='lat' dir='ltr'>consulturos</span> <span class='ocrx_word' id='word_1_852' title='bbox 3421 5258 3467 5306; x_wconf 88' lang='lat' dir='ltr'>et</span> <span class='ocrx_word' id='word_1_853' title='bbox 3481 5252 3683 5317; x_wconf 79' lang='lat' dir='ltr'>iudicatu·</span> 
     </span>
    </p>
   </div>
  </div>
 </body>
</html>
