3825 5842
201 457 472 543 (ιω-ιιι)

175 610 180 631 ³
261 596 364 644 λειν.
383 594 477 651 Τὴν
501 592 552 643 δὲ
570 590 734 643 στάσιν
760 597 804 643 ol
831 594 914 658 μέν
943 592 1082 658 φασιν
1103 598 1260 660 ὀρικὴν
1283 599 1417 664 εἶναι,
1442 604 1486 651 οι
1519 603 1569 652 δὲ
1609 620 1735 669 πρα-

259 664 490 729 γματικὴν.
519 663 842 729 Ἠκριΰωμὲνη
872 667 923 716 ,δὲ
957 668 990 725 ἡ
1012 666 1178 725 στάσις
1213 673 1336 721 κατὰ
1368 674 1450 734 μὲν
1469 674 1553 731 τὴν
1585 676 1735 741 ἀρχὴν

265 734 506 798 μετάληψίς
535 734 637 784 ἐστι
659 734 1040 821 (παραγράφεται
1063 737 1224 803 γάρ),
1249 740 1297 789 ἐν
1328 742 1380 791 δὲ
1400 747 1496 800 τοῖς
1526 746 1732 810 ὑστέροις

261 805 572 869 κραγματική·
593 804 773 857 δίκαιον
791 806 880 869 γάρ
896 822 1007 870 φησι
1026 810 1106 857 καὶ
1126 812 1356 875 συμφέρον
1385 814 1736 879 ἐξοστρακισθῆ-

259 893 326 928 ναι
355 872 652 933 Ἀλκιὸιάδην.
901 918 929 939 4

219 1034 378 1094 Οὔκ
403 1030 456 1089 ἐν
477 1033 553 1111 τῷ
578 1030 796 1111 παρόντι
824 1031 978 1109 μόνον
1002 1031 1275 1111 γιγνώσκω
1301 1038 1403 1094 τῶν
1449 1039 1731 1098 πολιτικῶν

179 1120 502 1203 ’πραγμάτων
543 1122 616 1186 ὡς
649 1117 908 1201 σφαλερόν
955 1122 1094 1180 ἐστιν
1137 1120 1426 1201 ἅπτεσθαι,
1460 1124 1595 1184 ἀλλὰ
1635 1126 1728 1186 καὶ

201 1210 420 1291 πρότερον
447 1207 680 1288 γαλεπὸν
703 1207 960 1287 ἡγούμην,
979 1208 1100 1290 πρὶν
1119 1214 1222 1269 τῶν
1249 1215 1432 1270 κοινῶν
1452 1215 1734 1291 ἐπιμελεῖ-

199 1297 307 1357 σθαί
329 1274 486 1362 τινος..
534 1294 767 1355 Πολίτου
799 1295 852 1354 δὲ
879 1298 1075 1375 ἀγαθοῦ
1097 1298 1292 1376 νομίζω
1320 1302 1730 1380 προκινδυνεύειν

157 1404 179 1442 ι
196 1386 369 1447 ἐθέλειν
388 1389 478 1444 τοῦ
495 1382 726 1455 πλήθους
741 1432 758 1461 ,
787 1382 880 1444 καὶ
903 1382 978 1463 μὴ
1007 1385 1388 1446 καταδείσαντα
1416 1386 1509 1457 τὰς
1543 1387 1729 1471 ἔχθρας

197 1474 278 1541 τὰς
299 1472 424 1539 ἰδίας
444 1472 576 1551 ὑπὲρ
618 1476 722 1533 τῶν
757 1474 1022 1549 δημοσίων
1061 1472 1197 1554 ἔχειν
1227 1474 1487 1554 ἡσυχίαν·
1517 1475 1602 1549 διὰ
1633 1477 1726 1555 μὲν

163 1596 170 1603 ·
197 1561 286 1643 γὰρ
305 1584 416 1629 τους
433 1563 532 1619 τῶν
561 1560 708 1619 ἰδίων
727 1562 1162 1640 ἐπιμελουμένους
1180 1562 1324 1639 οὐδὲν
1344 1568 1398 1623 αῖ
1416 1564 1589 1633 πόλεις
1610 1566 1726 1644 μεί-

197 1656 294 1718 ζους
319 1647 686 1723 καθίστανται,
711 1647 796 1707 διὰ
833 1648 888 1708 δὲ
909 1648 1028 1717 τους
1042 1653 1144 1710 τῶν
1177 1655 1359 1710 κοινῶν
1388 1651 1614 1732 μεγάλαι
1634 1654 1726 1714 καὶ

197 1738 432 1818 ἐλεύθεραι
459 1734 745 1815 γίγνονται.
800 1736 863 1815 (2)
890 1726 992 1797 Ὧν
1021 1726 1092 1805 εἷς
1122 1736 1224 1816 ἐγὼ
1253 1738 1524 1816 βουληθεὶς
1549 1740 1723 1811 ἐξετά·

195 1831 348 1895 ζεσθαι
361 1824 622 1903 μεγίστοις
641 1823 1015 1906 περιπέπτωκα
1038 1826 1306 1899 κινδύνοις,
1328 1826 1607 1908 προθύμων
1629 1830 1722 1909 μὲν

194 1914 271 1973 καὶ
296 1916 491 1992 ἀγαθῶν
529 1913 796 1993 ἀνδρῶν*
777 1916 922 1989 υμῶν
963 1912 1254 1995 τυγχάνων,
1283 1916 1349 1973 δι’
1396 1913 1525 1997 ὅπερ
1560 1917 1719 1989 σώζο·

195 2026 302 2080 μαι,
334 2000 592 2068 πλείστοις
631 2000 688 2059 δὲ
715 2000 806 2059 καὶ
841 2000 1150 2069 δεινοτάτοις
1184 2003 1384 2083 ἐχθροῖς
1422 2002 1714 2085 χρώμενος,

131 2116 172 2154 ιο
195 2092 264 2173 ὑφ’
279 2083 346 2150 ὧν
369 2089 748 2168 διαὸάλλομαι.
773 2088 846 2150 ¹0
869 2087 936 2167 μὲ
939 2110 966 2147 ν
985 2080 1074 2150 οὖν
1097 2088 1235 2169 ἀγὼν
1260 2094 1288 2149 ὁ
1312 2090 1494 2172 παρὼν
1517 2096 1576 2153 οὗ
1605 2116 1721 2154 στε-

193 2179 477 2261 ρανηφόρος,
505 2180 626 2237 ἀλλ’
661 2180 708 2238 εἰ
732 2176 838 2259 χρὴ
871 2177 1032 2256 μηδὲν
1072 2176 1396 2251 ἀδικήσαντα
1435 2179 1528 2254 τὴν
1566 2182 1718 2243 πόλιν

191 2268 299 2326 δέκα
311 2266 392 2335 ἔτη
409 2266 634 2350 φεύγειν·
655 2268 702 2325 οῖ
721 2265 767 2324 δ’
793 2264 1259 2343 ἀνταγωνιζόμενοι
1279 2267 1399 2346 περὶ
1419 2272 1523 2327 τῶν
1543 2270 1715 2331 ’ἄθλων

190 2354 359 2414 τούτων
395 2353 548 2432 ἐσμὲν
596 2352 698 2432 ἐγὼ
741 2354 834 2413 καὶ
867 2348 1202 2426 Ἀλκιὸιάδης
1241 2354 1333 2413 καὶ
1381 2354 1593 2431 Νικίας,
1643 2348 1716 2417 ὧν

190 2444 443 2520 ἀναγκαῖον
468 2440 562 2501 ἕνα
595 2448 662 2523 τῇ
693 2450 932 2525 συμφορᾶ
953 2450 1270 2523 περιπεσεῖν.

252 2550 290 2592 a.
307 2528 463 2601 Ἄξιον
483 2529 536 2589 δὲ
564 2530 877 2612 μέμψασθαι
900 2531 986 2590 τὸν
1007 2528 1160 2590 θέντα
1188 2530 1274 2591 τὸν
1295 2532 1474 2611 νόμον,
1501 2531 1713 2601 δςέναν·

184 2619 258 2678 τία
280 2624 350 2699 τῷ
376 2619 510 2701 ὅρκῳ
534 2624 635 2679 τοῦ
659 2618 829 2698 δήμου
855 2618 946 2679 καὶ
979 2624 1073 2692 τῆς
1101 2619 1711 2699 βουλῆςένομοθέτησεν·

186 2711 280 2767 ἐκεῖ
296 2708 387 2785 μὲν
415 2707 516 2788 γὰρ
545 2707 742 2785 ὄμνυτε
770 2705 969 2785 μηδένα
1009 2706 1146 2785 μήτε
1169 2707 1348 2777 ἐξελᾶν
1377 2708 1510 2786 μήτε
1539 2709 1714 2782 δήσειν

125 2813 164 2855 ιι
185 2798 300 2876 μήτε
325 2796 626 2856 ἀποκτενεῖν
667 2794 898 2877 ἄκριτον,
941 2798 995 2855 ἐν
1024 2794 1080 2856 δὲ
1105 2796 1238 2877 τῷδε
1276 2800 1357 2878 τῷ
1387 2801 1554 2878 καιρῷ
1590 2798 1707 2857 οὔτε

182 2885 467 2967 κατηγορίας
520 2882 807 2963 γενομένης
863 2882 981 2943 οὔτε
1029 2883 1313 2964 ἀπολογίας
1374 2885 1712 2958 ἀποδοθείσης

182 2972 623 3057 διαψηφισαμένων
641 2969 892 3053 κρύὸδην,
925 2971 1012 3032 τὸν
1033 2972 1435 3055 ὀστρακισθέντα
1470 2981 1711 3034 τοσοῦτον

179 3064 340 3145 χρόνον
371 3064 446 3122 δεῖ
485 3065 807 3143 στερηθῆναι
832 3065 924 3133 τῆς
961 3060 1182 3129 πόλεως.
1265 3062 1326 3145 (4)
1356 3054 1543 3125 ffltoe’
1523 3087 1577 3121 εν
1605 3071 1713 3133 τοῖς

179 3149 396 3218 τοιούτοις
436 3152 485 3209 οἱ
514 3150 641 3217 τοὺς
670 3148 902 3231 ἑταίρους
942 3148 1035 3207 καὶ
1067 3150 1370 3228 συνωμότας
1403 3151 1710 3229 κεκτημένοι

181 3238 316 3297 πλέον
343 3236 586 3319 φέρονται
607 3241 725 3296 τῶν
755 3237 927 3296 ἄλλων
945 3260 960 3277 ·
987 3238 1047 3297 οὗ
1074 3238 1178 3320 γὰρ
1207 3236 1384 3320 ὥσπερ
1410 3242 1464 3299 ἒν
1491 3247 1596 3308 τοῖς
1623 3242 1707 3299 δι-

180 3326 444 3408 κασιηρίοις
480 3329 530 3386 οἱ
577 3325 827 3407 λαχόντες
872 3324 1149 3405 κρίνουσιν,
1199 3326 1338 3386 ἀλλὰ
1387 3326 1568 3387 τούτου
1609 3336 1704 3388 τοῦ

181 3414 458 3495 πράγματος
482 3414 687 3474 ἅπασιν
707 3413 992 3486 Ἀθηναίοις
1016 3413 1246 3492 μέτεστι.
1277 3413 1417 3497 Προς
1437 3414 1494 3474 δὲ
1513 3414 1710 3485 τούτοις

119 3518 162 3563 ιο
182 3508 244 3585 τῷ
267 3503 348 3582 μὲν
372 3502 653 3577 ἐλλείπειν,
670 3505 746 3585 τῶ
768 3504 814 3561 δ’
835 3502 1180 3583 ὓπερὸάλλειν
1201 3507 1229 3562 ὃ
1249 3502 1403 3582 νόμος
1431 3526 1520 3582 μοι
1543 3505 1708 3564 δοκεῖ·

165 3598 269 3651 τῶν
293 3592 378 3671 μὲν
395 3591 496 3675 γὰρ
517 3592 673 3651 ἰδίων
694 3560 1032 3670 άδικημάτων
1052 3590 1286 3669 μεγάλην
1301 3593 1554 3674 τιμωρίαν
1579 3590 1704 3651 ταύ-

179 3704 260 3752 την
259 3679 485 3789 νομίζω,
505 3683 618 3739 τῶν
647 3678 704 3738 δὲ
723 3679 988 3758 δημοσίων
1010 3680 1203 3761 μικρὰν
1225 3680 1317 3741 καὶ
1343 3679 1544 3748 οὐδενος
1563 3680 1708 3751 ἀξίαν

179 3774 382 3847 ἡγοῦμαι
398 3768 570 3847 ζημία
573 3792 621 3841 ν,
641 3767 751 3837 ἕξον
775 3768 1011 3838 κολάζειν
1039 3768 1294 3877 χρήμασι
1303 3768 1394 3829 καὶ
1422 3770 1598 3851 δεσμῷ
1620 3792 1712 3828 και

179 3856 378 3937 θανάτῳ.
451 3860 516 3935 (ιι)
567 3850 692 3916 Ἔτι
748 3857 792 3914 δ’
856 3855 905 3915 εἴ
941 3880 1018 3924 τις
1065 3856 1152 3917 διὰ
1202 3860 1354 3917 τοῦτο
1399 3857 1710 3935 μεθίσταται

179 3946 244 4004 ὅτι
275 3946 482 4018 πολίτης
554 3943 744 4018 ἐστίν,
757 3934 901 4013 οὗτος
933 3945 1040 4005 οὔδ’
1069 3944 1309 4006 ἀπελθων
1346 3944 1542 4005 ἐνθένδε
1573 3943 1710 4005 παύ-

179 4058 332 4107 σεται,
383 4034 496 4093 ἀλλ’
546 4032 676 4091 ὅπου
715 4031 778 4092 ἃν
823 4035 975 4114 οἰκῇ,
1025 4034 1222 4108 ταύτην
1277 4032 1372 4106 τὴν
1411 4029 1561 4093 πόλιν
1589 4033 1706 4093 δια-

178 4128 254 4204 φθε
234 4131 330 4203 ..ρεῖ
346 4167 364 4197 ,
403 4145 493 4181 και
517 4122 648 4200 τῇδε
675 4118 820 4179 οὐδὲν
851 4080 1008 4194 ἧττον
1039 4120 1428 4197 ἐπιδουλεύσει,
1450 4120 1590 4181 ἀλλὰ
1617 4120 1706 4181 και

120 4230 159 4269 ιι
181 4212 359 4288 μᾶλλον
395 4208 628 4269 δικαιότε
606 4232 718 4291 ερον
745 4206 781 4280 ἦ
818 4209 941 4291 πρὶν
967 4210 1297 4283 ἑκὸληθηναι.
1336 4200 1507 4288 Οἶμαι
1531 4208 1586 4270 δὲ
1617 4210 1709 4269 καὶ

179 4324 278 4368 τους
305 4300 478 4381 φίλους
501 4302 653 4377 ὖμῶν
687 4300 742 4356 ἐν
763 4296 932 4377 ταύτῃ
957 4297 1190 4375 μάλιστα
1224 4303 1308 4378 τῇ
1327 4296 1546 4379 ἡμέρα
1527 4299 1706 4357 Λυπεῒ·

181 4396 280 4449 σθαι
299 4386 526 4467 καὶτοὺς
553 4386 764 4469 ἐχθροὺς
788 4386 1022 4461 ἥδεσθαι,
1043 4388 1334 4456 συνειδότας
1351 4392 1420 4456 ὣς
1442 4386 1505 4447 ἂν
1521 4388 1708 4467 ἀγνοή-

181 4502 337 4546 σαντες
383 4476 666 4549 ἐξελάσητε
703 4476 792 4535 τὸν
837 4475 1122 4555 βέλτιστον,
1155 4476 1280 4537 δέκα
1321 4478 1449 4536 ἐτῶν
1484 4480 1518 4547 ἡ
1559 4475 1708 4543 πόλις

181 4568 277 4626 οὐδὲ
259 4592 304 4623 -ν
342 4564 536 4644 ἀγαθὸν
580 4564 683 4624 ὑπο
729 4560 913 4624 τούτου
950 4570 1040 4625 τοῦ
1069 4564 1268 4673 ἀνδρὸς
1308 4563 1560 4625 πείσεται.
1647 4562 1706 4644 (ο)

180 4654 362 4738 Ῥᾴδιον
386 4622 443 4715 δὲ
469 4653 564 4714 καὶ
587 4654 816 4711 ἐντευθεν
829 4674 1024 4728 γνωναι
1035 4674 1124 4711 τον
1142 4652 1299 4730 νόμον
1321 4651 1544 4733 πονηρὸν
1564 4650 1706 4709 ὄντα·

181 4742 306 4819 μόνοι
335 4741 436 4825 γὰρ
459 4742 607 4822 αὐτῷ
633 4763 736 4799 των
775 4738 1048 4812 Ἑλλήνων
1071 4738 1352 4822 χρώμεθα,
1374 4739 1466 4797 καὶ
1488 4736 1705 4816 οὐδεμία

180 4835 265 4889 τῶν
284 4830 450 4891 ἄλλων
479 4828 686 4889 πόλεων
723 4825 884 4887 ἐθέλει
910 4826 1261 4905 μιμήσασθαι.
1317 4824 1506 4888 Καίτοι
1539 4832 1706 4885 ταῦτα

121 4934 162 4972 «ιο
182 4919 460 4998 διέγνωσται
488 4918 689 5000 ἄριστα
715 4920 818 4976 τῶν
855 4916 1152 4995 δογμάτων,
1179 4914 1214 4974 ἃ
1235 4916 1456 4981 καὶτοῖς
1495 4916 1705 4983 πολλοις

180 5006 256 5065 καὶ
287 5011 387 5074 τοῖς
429 5006 622 5085 ὀλίγοις
657 5002 984 5085 ἁρμόττοντα
1025 5004 1256 5081 μάλιστα
1307 5002 1558 5083 τυγχάνει
1608 5002 1700 5063 καὶ

180 5092 280 5151 7λέ
243 5116 424 5161 ειστοιις
451 5092 772 5170 ἐπιθυμητὰς
799 5091 964 5173 ἔχει..

243 5202 286 5243 7.
314 5182 446 5263 Περι
469 5181 562 5260 μὲν
591 5172 680 5241 ουν
707 5178 909 5241 τούτων
928 5182 1022 5241 οὔκ
1047 5170 1146 5241 οἶδ’
1171 5179 1222 5245 δ’,
1225 5203 1296 5239 τι.
1309 5146 1387 5241 δεῖ
1407 5178 1704 5259 μακρότερα
1763 5240 1766 5245 ,

175 5268 347 5349 λέγειν·
371 5268 576 5339 πάντως
596 5270 746 5331 οὐδὲν
767 5268 870 5351 γὰρ
889 5268 954 5331 ἂν
981 5269 1160 5333 πλεῖον
1186 5271 1276 5337 εἰς
1283 5292 1340 5335 ὀ
1359 5289 1524 5368 παρόν
1543 5264 1708 5337 ποιή-

1027 458 1496 550 [ANDOCIDIS]
1545 474 1671 535 OR.
1715 474 2019 541 CONTRA
2062 483 2555 553 ALCIBIADEM.
3022 550 3057 559 ,.
3238 513 3249 521 ”
3306 504 3377 570 aa

1877 620 1984 666 alios
2000 633 2209 670 accusare
2225 625 2379 673 licere.
2404 632 2589 677 causam
2616 633 2688 679 alii
2707 634 3006 695 definitivam,
3027 642 3098 687 alii
3118 642 3225 691 xer'o
3242 646 3377 704 nego·

1878 700 2027 746 tialem
2046 714 2137 749 eme
2153 704 2329 753 dicunt.
2388 712 2609 757 Accurata
2626 714 2808 789 quidem
2826 724 2955 766 eausa
2968 724 3057 772 est,
3078 734 3182 769 nam
3208 737 3233 769 a
3252 728 3378 785 priu-

1877 780 1995 837 ciplo
2014 783 2239 831 translatio
2250 789 2383 833 cat—
2402 780 2583 835 refellit
2592 793 2715 839 enim
2730 811 2809 832 -·
2796 796 2879 841 .in
2900 796 3107 847 §nevero
3121 796 3371 859 negotianti

1879 872 2054 919 aequum
2071 863 2191 909 enim
2204 862 2315 912 dicit
2330 869 2377 913 et
2396 869 2529 925 utile,
2548 870 2820 921 Alcibiadem
2838 876 3039 934 relegari.

2906 986 3019 1039 ιδ’*-

1883 1053 1990 1101 Non
2008 1065 2139 1103 nunc
2159 1056 2315 1107 solum
2336 1057 2481 1110 didici
2492 1044 3129 1134 ,rempublicam'attiugere
3148 1088 3301 1153 quam
3314 1079 3377 1129 sit

1820 1141 2022 1194 anceps,
2060 1145 2227 1183 verum
2262 1135 2407 1187 etiam
2436 1138 2650 1205 dudum,
2687 1145 2945 1209 antequam
2998 1152 3184 1213 partem
3222 1157 3373 1222 ullam

1819 1207 1934 1270 reip.
1954 1209 2254 1261 tractandam
2274 1213 2393 1264 mibi
2412 1228 2678 1283 sumerem,
2698 1235 2801 1272 rem
2820 1224 2945 1275 hane
2958 1226 3075 1277 duxi
3094 1242 3195 1281 etse
3216 1246 3375 1297 perat

1817 1291 1984 1343 duam.
2050 1298 2397 1349 Verumtamen
2418 1301 2529 1352 boni
2550 1304 2666 1355 civis
2679 1304 2773 1357 hoc
2790 1312 2988 1367 autumo
3006 1326 3132 1379 esse,
3152 1319 3209 1367 ut
3220 1323 3373 1383 caput

1817 1377 2043 1441 periculis
2059 1391 2147 1442 pro
2172 1382 2483 1435 multitudine
2500 1386 2707 1452 objicere
2728 1392 2795 1441 nil
2822 1392 3010 1445 dubitet
3022 1410 3219 1463 ‚neque
3236 1406 3370 1467 metu

1816 1462 2111 1526 privatarum
2128 1466 2427 1520 aimultatum
2442 1473 2697 1525 amandata
2712 1478 2830 1540 reip.
2851 1492 2985 1543 eura,
3006 1480 3057 1531 in
3072 1486 3225 1555 otium
3244 1500 3372 1540 sece-

1815 1544 1933 1596 dat:
1955 1557 2042 1609 per
2058 1560 2140 1599 eos
2158 1550 2315 1614 enim,
2335 1552 2421 1615 qui
2440 1568 2603 1606 rerum
2620 1558 2921 1611 solummodo
2939 1577 3136 1616 suarum
3158 1570 3368 1642 privata-

1817 1646 1927 1683 rum
1950 1634 2198 1700 satagunt,
2222 1637 2439 1692 civitates
2458 1641 2607 1693 nihilo
2630 1644 2754 1695 fiunt
2774 1648 3142 1715 splendidioroe3
3176 1656 3368 1719 publica

1815 1728 1931 1765 vero
1948 1718 2135 1781 negotia
2153 1720 2234 1782 qui
2264 1720 2642 1777 administranda
2660 1735 2937 1794 capessunt,
2957 1732 3031 1785 his
3052 1736 3305 1790 civitates
3290 1754 3367 1791 ιιι-

1812 1802 2057 1851 erementa
2072 1814 2159 1851 sua
2176 1802 2545 1871 libertatemque
2562 1809 2751 1862 debent.
2820 1816 2890 1877 (2)
2916 1818 3133 1873 Quorum
3154 1834 3239 1884 ego
3261 1826 3365 1873 stu-

1812 1884 1931 1936 dens
1950 1886 2001 1935 ιιι
2035 1896 2245 1939 numero
2262 1890 2455 1956 haberi,
2484 1896 2763 1957 gravissima
2799 1899 2948 1950 incidi
2979 1902 3031 1952 ιιι
3062 1904 3363 1973 discrimina,

1811 1978 1979 2029 aequos
2005 1968 2165 2020 tamen
2188 1973 2334 2037 atque
2355 1973 2616 2027 benevolos
2635 1992 2723 2029 vos
2745 1982 2917 2032 nactus
2931 1982 3144 2049 iudices,
3168 1988 3237 2037 nil
3262 1988 3365 2057 me·

1809 2050 1981 2113 tuam,
1982 2051 2197 2104 tametsi
2216 2056 2504 2111 calumniis
2491 2062 2794 2115 mimicorum
2812 2068 2863 2117 et
2880 2068 3198 2131 plurimorum
3226 2075 3275 2123 et
3293 2079 3361 2127 te·
3387 2138 3398 2147 ο

1813 2130 2118 2185 terrimorum
2152 2140 2379 2201 exagitet.
2446 2142 2617 2206 Agitur
2638 2146 2803 2210 itaque
2829 2148 2921 2199 hoc
2946 2153 3232 2218 certamine,
3268 2167 3363 2207 ιιοιι
3400 2166 3405 2173 ·

1807 2225 2011 2279 corona,
2032 2218 2114 2268 sed
2132 2218 2251 2284 hoe,
2270 2224 2437 2274 utrum
2459 2227 2600 2290 eulpa
2617 2228 2734 2278 mibi
2758 2242 2911 2282 vacuo
2924 2234 3077 2296 patria
3094 2249 3178 2301 per
3195 2230 3366 2289 decen

1808 2298 1944 2349 nium
1968 2302 2229 2354 carendum
2253 2306 2342 2370 sit,
2366 2322 2547 2373 necne;
2568 2316 2827 2377 comparati
2852 2330 3045 2368 mecum
3063 2323 3177 2371 sunt
3200 2322 3293 2373 boc
3312 2314 3361 2373 ιἰι

1806 2383 2069 2435 certamine
2083 2387 2239 2439 Nicias
2256 2391 2305 2439 et
2320 2391 2612 2445 Alcibiades.
2626 2398 2844 2447 nostrum
2858 2400 2971 2464 ergo
2984 2414 3135 2453 unum
3152 2404 3361 2481 aliquem

1805 2478 1998 2517 necaeoe
2014 2470 2087 2519 est
2108 2470 2202 2521 hoc
2220 2470 2479 2525 infortunio
2498 2477 2644 2529 feriri.

1869 2557 1913 2601 3.
1929 2554 2101 2616 Legem
2116 2546 2242 2606 han'c
2258 2559 2553 2611 testulariam
2568 2576 2665 2613 non
2682 2575 2875 2627 possum
2888 2581 2985 2618 ιιοιι
3000 2570 3360 2638 reprehendere,

1804 2645 1916 2695 quae
1942 2635 2135 2699 utrique
2161 2638 2487 2705 iuriiurando,
2506 2656 2661 2707 quum
2685 2646 2891 2711 civium,
2927 2640 3034 2701 tuin
3058 2656 3359 2722 senatorum,

1805 2716 2042 2769 contraria
2065 2723 2310 2774 sanxerit:
2339 2724 2514 2787 juratis
2536 2729 2665 2779 enim
2686 2744 2775 2781 vos
2796 2744 2957 2797 neque
2986 2734 3183 2787 civitate
3204 2753 3356 2802 quen·

1777 2850 1784 2855 ,
1801 2810 1949 2865 quam
1971 2808 2071 2855 esee
2094 2805 2331 2868 ejecturos
2348 2822 2503 2873 neque
2520 2811 2571 2861 in
2580 2814 2857 2865 custodiam
2878 2816 3079 2869 daturos
3096 2834 3254 2885 neque
3270 2838 3355 2875 ex-

1803 2886 1958 2937 tremo
1979 2888 2213 2952 supplicio
2234 2904 2378 2943 causa
2395 2906 2493 2945 non
2514 2895 2679 2946 audita
2695 2896 3067 2963 addicturoe31a
3086 2902 3401 2973 huiusmodiq

1800 2976 1964 3021 autem
2000 2974 2157 3024 causis
2188 2988 2347 3039 neque
2384 2977 2463 3029 dle
2486 2994 2643 3044 neque
2676 2981 2953 3036 defensione
2986 2987 3139 3052 dicta,
3172 2991 3360 3043 tabellis

1801 3052 1928 3101 elam
1946 3052 2136 3118 diditis,
2154 3055 2473 3109 condemnato
2495 3060 2685 3111 tesseris
2704 3074 2791 3123 per
2819 3065 2918 3113 tam
2943 3064 3141 3127 longum
3170 3070 3358 3133 tempus

1803 3135 1957 3197 patria
1974 3136 2233 3187 carendum
2252 3144 2340 3189 est.
2406 3142 2471 3203 (4)
2493 3141 2675 3193 Deinde
2693 3157 2807 3193 vero
2829 3144 2935 3195 fleri
2952 3147 3005 3197 in
3029 3148 3105 3200 bis
3126 3150 3276 3215 solet,
3300 3156 3354 3209 ut

1799 3219 1834 3269 ιι
1855 3219 1941 3281 qui
1955 3219 2191 3271 sodalium
2209 3223 2259 3271 et
2276 3222 2635 3286 conjuratorum
2652 3238 2856 3277 numero
2871 3229 3159 3294 praevalent,
3182 3246 3355 3285 secun-

1799 3305 1935 3367 diore
1967 3319 2079 3356 cum
2116 3308 2311 3358 fortuna
2348 3306 2595 3359 discedant
2625 3324 2639 3359 z
2682 3323 2781 3361 non
2820 3313 2949 3363 enim
2982 3315 3139 3365 sortiti
3172 3317 3355 3388 iudices

1800 3390 2095 3453 disceptant,
2117 3392 2173 3440 ut
2190 3392 2239 3442 in
2253 3390 2447 3454 judiciis
2459 3429 2475 3455 ,
2495 3404 2664 3443 verum
2689 3394 2941 3446 universus
2957 3400 3163 3461 populus
3180 3401 3260 3451 hle
3277 3404 3354 3467 in-

1797 3472 2022 3525 tervenit.
2086 3475 2320 3524 Proeterea
2341 3474 2425 3524 lex
2446 3473 2561 3523 mihi
2578 3475 2672 3525 alia
2690 3489 2753 3526 ex
2770 3480 2905 3540 parte
2926 3477 3157 3543 delicere,
3181 3496 3244 3533 ex
3264 3484 3355 3535 alia
3402 3474 3407 3479 ⁵

1800 3557 1998 3608 modum
2042 3556 2274 3608 excedere
2305 3556 2532 3608 videtum
2574 3558 2876 3621 privatorum
2910 3561 3036 3611 enim
3070 3552 3398 3619 delictorum³²

1797 3645 1902 3694 baec
1924 3656 2065 3707 poena
2082 3642 2215 3706 justo
2250 3644 2323 3693 est
2354 3643 2589 3705 atroci0r;
2624 3643 2880 3694 criminum
2916 3647 3080 3697 autem
3108 3650 3169 3701 ad
3204 3665 3355 3733 remp.

1795 3726 2133 3789 pertinentium
2156 3738 2344 3789 poenam
2368 3738 2476 3775 eam
2506 3724 2740 3776 minutam
2778 3728 2925 3791 atque
2954 3734 3355 3791 contemnendam

1796 3810 2004 3861 arbitror
2021 3822 2123 3860 esse
2142 3825 2154 3858 :
2174 3810 2395 3873 poterant
2416 3810 2544 3859 enim
2576 3810 2683 3860 haec
2703 3812 2806 3862 sive
2829 3811 3023 3862 mulcta·
3050 3816 3352 3882 pecuniaria,

1795 3896 1898 3946 aive
1916 3907 2136 3957 carcere,
2158 3894 2260 3945 sive
2291 3896 2508 3944 extremo
2534 3893 2770 3957 supplicio
2800 3895 3037 3958 castigari.
3105 3897 3170 3960 (5)
3194 3897 3353 3964 ¹Adde,

1796 3980 1946 4045 quod,
1965 3982 2050 4044 qui
2070 3980 2266 4031 exulare
2280 3980 2532 4044 propterea
2547 3979 2760 4043 jubetur,
2781 3980 2911 4042 quod
2929 3982 3101 4032 malm
3120 3984 3239 4054 civis
3263 3988 3353 4049 est,

1795 4067 1836 4115 is
1853 4066 1945 4114 hac
1963 4078 2105 4127 poena
2123 4077 2219 4113 non
2242 4062 2554 4125 emendatur;
2578 4062 2661 4113 sed
2683 4066 2957 4129 corrumpet
2973 4065 3115 4115 eliam
3135 4067 3263 4116 illam
3284 4069 3349 4118 ci-

1799 4149 1995 4200 vilatem
2011 4147 2059 4197 ιιι
2076 4160 2223 4211 quam
2238 4160 2290 4197 se
2305 4146 2575 4209 ingesserit3
2597 4158 2686 4195 nec
2699 4147 2857 4195 minus
2872 4148 3041 4210 patriae
3052 4146 3350 4201 insidiabitur
3380 4162 3391 4193 ’-

1795 4233 1941 4294 atque
1964 4231 2078 4281 ante
2109 4230 2221 4280 feeit
2251 4242 2398 4293 quam
2426 4229 2773 4291 expelleretur,
2796 4228 2881 4279 sed
2916 4228 2994 4281 vel
3032 4230 3183 4293 magis
3207 4232 3351 4283 etiam

1795 4314 1940 4379 atque
1953 4315 2093 4366 titulo
2107 4313 2231 4376 jnris
2246 4312 2545 4377 speciosiore.
2610 4314 2793 4363 Censeo
2809 4311 2955 4362 etiam
2974 4314 3154 4365 amicos
3169 4316 3353 4366 vestros

1795 4398 1886 4448 bac
1907 4397 2120 4447 maxime
2140 4396 2407 4447 ostracismi
2427 4394 2506 4445 die
2525 4392 2717 4457 dolere,
2741 4393 2963 4445 inimicos
2980 4398 3145 4446 autem
3175 4395 3351 4460 gaudio

1795 4478 1919 4530 affici
1933 4515 1948 4543 ,
1974 4478 2317 4541 intelligentem
2342 4477 2382 4527 si
2414 4489 2499 4541 per
2527 4476 2765 4525 inscitiam
2789 4479 2997 4527 vestram
3030 4477 3275 4542 contingat
3297 4481 3349 4529 ut

1794 4558 1954 4609 virum
1982 4558 2219 4622 optimum
2246 4554 2469 4618 ejiciatis,
2495 4554 2711 4603 futurum
2730 4566 2834 4604 esse
2862 4555 2919 4604 ut
2947 4567 3067 4618 τωρ.
3102 4556 3163 4606 ab
3184 4569 3243 4607 eo
3266 4570 3350 4620 per

1793 4640 1952 4688 tolum
1974 4635 2263 4686 decennium
2298 4633 2487 4683 nullum
2524 4632 2734 4682 linctum
2771 4632 3017 4696 percipiat.
3084 4634 3149 4697 (o)
3170 4637 3349 4685 Verum

1793 4717 1907 4766 hinc
1921 4727 2114 4779 quoque
2128 4713 2267 4763 facile
2280 4712 2341 4762 sit
2358 4722 2554 4762 cernere
2569 4710 2722 4773 legem
2742 4711 2868 4785 Ιιιιιιιι
2886 4711 3063 4762 malam
3083 4714 3201 4776 esee,
3220 4714 3347 4785 quod

1783 4798 2067 4847 Graecarum
2088 4791 2305 4839 omnium
2326 4787 2577 4839 civitatum
2604 4786 2737 4836 nulla
2758 4787 2847 4836 bac
2864 4787 2969 4850 lege
2989 4787 3051 4838 ad
3073 4790 3361 4877 exemplum
3376 4860 3387 4869 ι

1795 4874 2013 4923 nostrum
2046 4868 2117 4919 uli
2138 4867 2361 4917 voluerit.
2427 4866 2573 4929 Atqui
2606 4878 2662 4915 ea
2697 4865 2928 4916 scitorum
2946 4866 3125 4929 optima
3147 4878 3249 4916 eme
3270 4866 3345 4916 di·
3373 4892 3379 4897 ·

1791 4951 2105 5043 gnoscuntur,
2132 4960 2244 5021 quae
2266 4946 2431 4998 multis
2453 4945 2651 5009 perinde
2672 4948 2821 5009 atque
2845 4946 3011 5009 paucis
3032 4946 3345 5005 conveniant,

1791 5038 1840 5083 et
1865 5030 1916 5080 in
1942 5040 2151 5093 quorum
2172 5025 2462 5090 appetitione
2497 5036 2645 5086 quam
2675 5023 2991 5086 plurimorum
3012 5020 3177 5072 certet
3198 5020 3344 5071 mmu-

1791 5112 1921 5244 ¹³2⁰
1936 5192 2117 5240 Verum
2158 5186 2219 5237 de
2257 5186 2333 5237 bis
2358 5198 2447 5236 cur
2486 5184 2707 5249 pluribus
2738 5181 3007 5247 disputem,
3039 5193 3139 5230 non
3172 5180 3339 5247 video·
3324 5217 3341 5245 ,

1755 5280 1908 5339 nibil
1938 5278 2064 5330 enim
2088 5278 2325 5359 profecto
2334 5274 2395 5327 ad
2422 5286 2525 5325 rem
2545 5272 2829 5337 praesentem
2854 5256 3229 5357 profecerimut.
3242 5269 3345 5323 ιιοιι
