3825 5842
975 442 1372 508 1soan‘ns
1414 397 1703 507 omno
1746 447 2055 512 CONTRA
2094 449 2524 522 soPffls'rAS.

198 584 448 668 ἰγαθοὺςῆ
474 584 640 666 λόγων
667 582 890 658 ποιητὰς
915 586 1010 645 οὗκ
1037 584 1100 646 ἂν
1125 585 1506 660 ἄποτελέσειεν,
1549 583 1732 652 αὖτοὺς

195 676 234 735 δ’
265 673 322 734 ἂν
350 676 511 733 αὑτῶν
538 673 830 756 προαγάγοι
861 673 952 734 καὶ
989 672 1116 756 πρὸς
1139 677 1312 736 πολλὰ
1339 675 1734 758 φρονιμωτέρως

196 765 461 824 διακεῖσθαι
487 762 769 836 ποιήσειεν.

265 872 329 913 1s.
371 849 636 930 Βούλομαι
664 849 728 926 δ’,
753 849 934 924 ἐπειδή
956 875 1056 933 περ
1080 853 1152 920 εἷς
1169 858 1323 914 τοῦτο
1349 857 1632 932 προῆλθον,
1657 851 1736 912 ἔτι

151 962 174 1000 ε
195 939 483 1022 σαφέστερον
512 942 673 1000 εἰπεῖν
707 941 830 1024 περὶ
863 943 1053 1004 αὐτῶν.

196 1028 280 1108 μὲν
301 1030 464 1104 ἰδεῶν,
489 1027 542 1098 ἐξ
565 1019 637 1088 ὧν
662 1027 780 1098 τοὺς
801 1029 982 1108 λόγους
1017 1029 1254 1100 ἅπαντας
1279 1032 1370 1091 καὶ
1396 1031 1613 1111 λέγομεν
1636 1031 1727 1091 καὶ

196 1117 488 1196 συντίθεμεν,
513 1116 696 1177 λαὸεἶν
722 1116 820 1190 τὴν
847 1118 1144 1196 ἐπιστήμην
1173 1122 1268 1178 οὐκ
1302 1111 1433 1181 εἶναι
1460 1125 1564 1180 τῶν
1590 1121 1728 1181 πάνυ

193 1207 438 1286 χαλεπῶν,
461 1205 524 1278 ἤν
554 1229 630 1273 τις
658 1205 812 1267 αὑτὸν
840 1207 1063 1287 παραδῷ
1107 1205 1182 1285 μὴ
1233 1216 1340 1276 τοῖς
1379 1209 1568 1291 ῥᾳδίως
1609 1213 1730 1269 ὑπι-

195 1293 528 1373 σχνουμένοις,
551 1293 688 1354 ἀλλὰ
712 1299 818 1362 τοῖς
836 1293 996 1354 εἰδόσι
1021 1318 1073 1354 τι
1089 1295 1210 1377 περὶ
1229 1297 1419 1356 αὐτῶν·
1447 1297 1582 1358 τὸδὲ
1601 1297 1728 1359 τού-

133 1401 174 1442 ιο
195 1405 283 1442 των
303 1381 378 1463 ἐφ’
404 1381 608 1462 ἑκάστῳ
634 1384 738 1440 τῶν
763 1380 1092 1462 πραγμάτων
1123 1381 1184 1450 ἃς
1210 1384 1289 1442 δεῖ
1315 1384 1627 1465 προελέσθαι
1643 1385 1734 1446 καὶ

195 1468 324 1547 μῖξαι
347 1469 470 1551 πρὸς
495 1469 732 1543 ἀλλήλας
757 1469 850 1530 καὶΙ
869 1469 1022 1539 τάξαι
1051 1469 1190 1530 κατὰ
1211 1469 1421 1552 τρόπον,
1446 1471 1523 1532 ἔτι
1551 1470 1605 1532 δὲ
1627 1477 1732 1533 τῶν

193 1562 366 1639 καιρῶν
392 1558 466 1636 μὴ
493 1559 823 1637 διαμαρτεῖν,
853 1556 989 1617 ἀλλὰ
1011 1557 1101 1617 καὶ
1123 1561 1230 1626 τοῖς
1253 1560 1582 1638 ἐνθυμήμασι
1607 1584 1734 1642 πρε·

3288 481 3387 534 191

1826 597 1879 648 in
1922 601 2067 654 rebus
2104 606 2322 667 gerendis
2356 612 2611 664 versentur
2644 614 2721 666 vel
2760 616 2999 682 elegantes
3020 599 3257 674 orationes
3280 625 3395 674 scri·

1831 689 1977 754 bant3
2010 691 2061 742 id
2082 695 2279 758 quidem
2310 699 2509 752 fortasse
2540 709 2871 770 assequentur,
2914 713 2969 759 ut
3004 710 3097 774 ipsi
3140 724 3247 763 sese
3281 727 3399 777 quo-

1831 777 2093 834 dammodo
2116 785 2308 838 vincant
2324 792 2375 840 et
2396 790 2561 842 multis
2582 791 2631 842 in
2661 795 2805 846 rebus
2829 797 3159 860 prudentiores
3182 801 3316 853 fiant.

1899 875 1973 922 to.
2007 871 2147 924 Libet
2168 880 2355 946 autem,
2379 879 2635 944 postquam
2654 882 2751 934 huc
2772 889 3027 948 provectus
3058 867 3168 940 sum
3186 926 3201 953 ,
3226 891 3393 943 diluci-

1165 943 1324 1022 Φημὶ
1351 943 1454 1025 γὰρ
1490 942 1594 1023 ἐγὼ
1622 946 1725 1002 τῶν
1755 961 1794 1004 0
1821 963 1933 1015 dius
1957 965 2063 1018 haec
2085 982 2339 1034 exponere.
2402 976 2519 1027 Dico
2536 977 2683 1041 igitur
2698 992 2871 1042 genera
2892 981 2972 1033 illa
2990 987 3393 1052 praeceptionum,

1819 1059 1880 1111 ad
1904 1075 2109 1126 quarum
2131 1079 2347 1119 normam
2374 1071 2613 1125 orationes
2631 1088 2799 1128 omnes
2817 1079 2867 1128 et
2890 1076 3097 1130 dicimus
3118 1083 3167 1133 et
3188 1095 3383 1147 compo-

1817 1156 2009 1220 nimus,
2032 1158 2074 1209 si
2096 1160 2206 1224 quis
2224 1162 2501 1226 magistrum
2520 1181 2618 1219 non
2642 1169 2776 1222 facile
2798 1171 3099 1234 pollicentem
3116 1211 3131 1236 ,
3156 1176 3245 1226 sed
3278 1178 3396 1229 artis

1820 1254 2031 1317 peritum
2055 1257 2317 1324 invenerit,
2343 1263 2534 1327 cognitu
2557 1280 2653 1316 non
2669 1281 2775 1319 esse
2793 1270 3104 1333 perdifficilia.
3168 1277 3223 1324 In
3242 1275 3395 1338 singu·
3430 1295 3441 1308 ·

1823 1342 1884 1394 lis
1922 1349 2084 1396 autem
2110 1349 2285 1412 rebus,
2324 1365 2437 1415 quae
2475 1354 2608 1417 prius
2650 1356 2913 1420 deligendae
2950 1365 3001 1411 et
3038 1361 3162 1413 inter
3204 1377 3257 1414 se
3302 1363 3389 1414 mi-

1766 1494 1770 1497 .
1799 1485 1806 1492 .
1830 1443 2020 1496 scendae
2041 1447 2092 1498 et
2110 1449 2277 1501 ordine
2299 1451 2609 1517 disponendae
2629 1461 2773 1518 sunt,
2801 1471 2957 1522 neque
2983 1474 3014 1510 a
3047 1460 3220 1512 decoro
3252 1463 3391 1514 aber·

1827 1554 1959 1605 rare,
1993 1543 2079 1594 sed
2111 1549 2161 1596 et
2196 1550 2490 1611 argumentis
2512 1553 2661 1603 totam
2685 1555 2947 1607 orationem
2968 1555 3193 1610 decenter
3210 1560 3395 1612 variare

191 1647 368 1714 πάντως
395 1647 509 1708 ὅλον
535 1647 625 1706 τὸν
653 1646 804 1725 λόγον
833 1648 1207 1706 „ammaum
1233 1646 1326 1706 καὶ
1351 1656 1457 1716 τοῖς
1479 1649 1730 1726 ὀνόμασιν
1759 1641 1806 1710 d
1831 1643 1881 1689 et
1901 1641 2047 1692 verba
2064 1643 2130 1694 ita
2152 1645 2407 1709 collocare,
2429 1650 2485 1699 ut
2504 1664 2761 1703 numerosa
2785 1654 2880 1703 sint
2906 1657 2955 1705 et
2978 1655 3217 1707 musicum
3240 1670 3393 1721 quen·

195 1733 434 1815 εὐρύθμως
459 1734 551 1795 καὶ
584 1738 845 1812 μουσικῶς
877 1735 1064 1814 εἰπεῖν,
1095 1734 1186 1815 (17)
1223 1741 1391 1796 ταῦτα
1436 1735 1492 1796 δὲ
1537 1739 1736 1810 πολλῆς

133 1842 170 1881 ιο
195 1823 468 1902 ἐπιμελείας
495 1825 695 1883 δεῖσθαι
726 1823 817 1883 καὶ
842 1825 1015 1904 ψυχῆς
1043 1824 1287 1904 ἀνδρικῆς
1309 1824 1400 1883 καὶ
1429 1823 1732 1898 δοξαστικῆς

193 1907 320 1990 ἔργον
343 1901 502 1989 εἶναι,
528 1910 622 1971 καὶ
657 1911 759 1970 δεῖν
791 1909 879 1971 τὸν
920 1909 1014 1988 μὲν
1065 1909 1304 1989 μαθητὴν
1355 1911 1481 1992 πρὸς
1524 1915 1600 1992 τῷ
1635 1912 1733 1986 τὴν

191 1999 324 2080 φύσιν
344 1998 476 2080 ἔχειν
499 1997 617 2060 οἵαν
642 1998 747 2081 χρὴ
767 1998 835 2058 τὰ
859 1997 954 2077 μὲν
978 1997 1090 2073 εἴδη
1111 1999 1177 2058 τὰ
1199 2003 1301 2058 τῶν
1329 1999 1499 2079 λόγων
1524 2003 1730 2079 μαθεῖν,

195 2087 301 2168 περὶ
326 2087 379 2148 δὲ
403 2087 495 2158 τὰς
518 2088 738 2171 χρήσεις
767 2089 937 2149 αὐτῶν
959 2093 1356 2169 γυμνασθῆναι,
1381 2091 1469 2149 τὸν
1499 2089 1555 2149 δὲ
1592 2089 1738 2150 διδά-

192 2177 364 2238 σκαλον
404 2177 472 2237 τὰ
520 2177 618 2256 μὲν
659 2177 821 2247 οὕτως
867 2177 1097 2260 ἀκριὸῶς
1134 2169 1286 2238 οἶόντ’
1338 2169 1470 2238 εἶναι
1519 2179 1736 2239 διελθεῖν

125 2263 308 2326 ‚odota
337 2265 495 2346 μηδὲν
522 2270 629 2328 τῶν
679 2268 934 2328 διδακτῶν
977 2267 1318 2349 παραλιπεῖν,
1358 2266 1480 2348 περὶ
1521 2265 1576 2327 δὲ
1625 2274 1730 2330 τῶν
1753 2289 1791 2332 e

189 2358 362 2418 λοιπῶν
375 2361 605 2418 τοιοῦτον
621 2356 776 2416 αὑτὸν
793 2355 1132 2440 παράδειγμα
1150 2361 1462 2438 παρασχεῖν,
1487 2356 1576 2436 (ts)
1596 2355 1732 2418 ὥστε

189 2445 290 2514 τοὺς
315 2445 698 2514 ἐκτυπωθέντας
738 2445 828 2506 καὶ
871 2446 1204 2525 μιμήσασθαι
1239 2445 1550 2525 δυναμένους
1587 2447 1731 2517 εὖθὺς

192 2536 502 2618 ἀνθηρότερον
564 2533 656 2595 καὶ
707 2534 1044 2620 χαριέστερον
1089 2538 1193 2594 τῶν
1231 2533 1405 2594 ἄλλων
1459 2535 1730 2617 φαίνεσθαι

190 2622 425 2703 λέγοντας.
467 2622 584 2686 Καὶ
609 2621 806 2683 τούτων
831 2623 927 2702 μὲν
955 2622 1198 2689 ἁπάντων
1237 2623 1608 2701 συμπεσόντων
1643 2648 1731 2684 τε·

1829 1734 1939 1786 dam
1958 1742 2244 1790 concentum
2258 1741 2494 1807 efficiant,
2512 1745 2613 1809 (17)
2628 1746 2734 1798 haec
2754 1746 2951 1798 demum
2970 1763 3137 1800 curam
3156 1751 3393 1814 ingentem

1822 1832 2070 1896 postulant
2090 1839 2139 1886 et
2161 1836 2377 1888 animum
2400 1853 2681 1902 generosum
2699 1847 2844 1908 atque
2867 1858 3085 1908 sagacem
3109 1847 3391 1913 requirunt3

1822 1929 1872 1977 et
1890 1941 2085 1980 necesse
2099 1935 2173 1982 est
2191 1933 2479 1998 discipulum
2492 1972 2508 1998 ,
2528 1940 2843 2002 praeterquam
2862 1940 2989 2003 quod
3008 1941 3069 1992 ab
3088 1942 3278 2005 ingenio
3296 1957 3394 1994 non

1823 2024 2129 2091 destituatur,
2153 2029 2299 2082 etiam
2319 2046 2491 2096 genera
2509 2048 2761 2087 causarum
2783 2051 2929 2090 nosse
2954 2043 3005 2090 et
3021 2040 3277 2092 initiarum
3298 2055 3391 2093 usu

1825 2125 2033 2174 exerceri
2044 2141 2059 2190 ;
2079 2126 2359 2190 magistrum
2370 2143 2487 2182 vero
2499 2133 2550 2182 et
2566 2134 2800 2197 explicare
2814 2139 3050 2200 praecepta
3058 2137 3235 2200 omnia,
3246 2151 3393 2202 quam

1825 2221 2181 2273 accuratissime
2214 2223 2315 2274 fieri
2334 2229 2516 2289 potest,
2536 2232 2752 2292 oportet,
2771 2229 2840 2279 ita
2861 2234 2915 2281 ut
2933 2230 3048 2280 nihil
3073 2231 3203 2296 quod
3230 2232 3393 2284 doceri

1824 2317 2001 2381 possit,
2042 2323 2408 2385 praetermittat,
2432 2329 2480 2375 et
2523 2321 2772 2390 discipulis
2799 2327 2894 2378 tale
2916 2327 3193 2392 exemplum
3229 2343 3391 2380 rerum

1819 2413 2085 2464 ceterarum
2124 2427 2178 2466 se
2200 2417 2439 2480 praebere,
2484 2418 2584 2483 (18)
2613 2424 2667 2470 ut
2701 2420 2784 2484 qni
2819 2419 2868 2471 id
2892 2423 3217 2486 expresserint
3240 2422 3391 2474 imita·

1823 2507 1959 2571 rique
1980 2509 2253 2572 potuerint,
2292 2513 2455 2561 statim
2492 2513 2708 2564 ornatius
2744 2518 2793 2565 et
2828 2515 3090 2577 elegantius
3130 2529 3275 2580 quam
3313 2517 3391 2569 alii

1820 2604 1979 2657 dicere
2000 2607 2270 2659 videantur.
2336 2613 2460 2668 Quae
2484 2612 2643 2662 omnia
2674 2612 2715 2662 si
2756 2612 3011 2676 coniuncta
3048 2613 3241 2678 fuerint,
3284 2616 3390 2666 tum

109 2710 322 2781 wasto<
353 2711 551 2784 stom-w
587 2713 636 2772 οἳ
671 2713 1089 2795 φιλοσοφοῦντες.
1129 2713 1250 2771 καθ’
1277 2710 1306 2770 ὃ
1335 2712 1383 2771 δ’
1402 2711 1465 2771 ἂν
1488 2714 1730 2796 inance}
1759 2733 1797 2776 ι
1822 2705 2017 2757 demum
2036 2706 2233 2757 studiosi
2253 2709 2512 2772 perfectum
2531 2711 2711 2775 aliquid
2746 2711 2953 2764 habituri
2986 2717 3105 2764 sunt
3125 2735 3137 2765 :
3158 2713 3235 2766 sin
3258 2715 3389 2778 quic·

189 2823 232 2860 τι
253 2805 344 2861 τῶν
362 2801 670 2886 εἰρημένων,
694 2799 897 2882 ἀνάγκη
920 2799 1086 2880 ταύτῃ
1108 2801 1283 2884 χεῖρον
1307 2801 1595 2862 διακεῖσθαι
1616 2800 1732 2872 τοὺς

190 2889 570 2964 πλησιάζοντας.
1735 2917 1746 2929 ·
1761 2881 1776 2902 ”

256 2999 318 3040 ιο.
360 2983 428 3042 Οἱ
457 2980 556 3060 μὲν
585 2968 673 3040 οὖν
696 2977 817 3062 ἄρτι
842 2979 946 3039 τῶν
977 2979 1234 3060 σοφιστῶν
1263 2976 1612 3061 ἆναφυόμενοι
1639 2980 1730 3041 καὶ

188 3069 352 3128 νεωστὶ
386 3067 856 3152 προσπεπτωκότες
899 3075 1012 3136 ταῖς
1050 3067 1394 3143 ἀλαζονείαις,
1435 3072 1481 3128 εἰ
1523 3069 1614 3130 καὶ
1640 3077 1728 3130 νῦν

126 3181 170 3222 ao
186 3158 550 3234 πλεονάζωσιν,
577 3149 636 3221 εὖ
665 3147 759 3217 οἷδ’
792 3157 872 3217 ὅτι
898 3156 1090 3225 πάντες
1129 3156 1219 3216 ἐπὶ
1263 3157 1457 3231 ταύτην
1503 3182 1728 3219 κατενε-

185 3247 445 3326 χθήσονται
470 3247 570 3320 τὴν
601 3246 861 3308 ὑπόθεσιν.
944 3245 1134 3306 Λοιποὶ
1163 3245 1207 3304 δ’
1232 3250 1358 3325 ἡμῖν
1389 3249 1516 3307 εἶσιν
1551 3250 1598 3308 οἱ
1623 3249 1726 3331 πρὸ

184 3339 317 3413 ἡμῶν
346 3335 612 3417 γενόμενοι
655 3333 746 3393 καὶ
790 3332 885 3402 τὰς
927 3331 1253 3412 καλουμένας
1296 3334 1484 3415 τέχνας
1526 3335 1729 3418 γράψαι

184 3424 546 3502 τολμήσαντες,
573 3423 660 3492 οὓς
700 3425 794 3482 οὔκ
833 3421 1046 3504 ἀφετέον
1081 3423 1505 3501 ἀνεπιτιμήτους·
1547 3422 1730 3492 οἵτινες

185 3511 452 3593 ὗπέσχοντο
491 3511 794 3582 δικάζεσθαι
827 3509 1066 3585 διδάξειν,
1096 3509 1429 3590 ἐκλεξάμενοι
1456 3509 1515 3571 τὸ
1544 3512 1732 3592 δυσχε-
1751 3505 1798 3571 b

119 3624 162 3666 κ
187 3598 411 3678 ρίστατον
449 3605 558 3661 τῶν
603 3598 892 3678 ὀνομάτων,
925 3597 954 3658 ὃ
979 3601 1085 3658 τῶν
1116 3598 1435 3681 φθονούντων
1475 3596 1622 3680 ἔργον
1662 3591 1728 3673 ἦν

183 3686 350 3769 λέγειν,
379 3691 500 3750 ἀλλ’
530 3691 590 3749 οὔ
612 3692 716 3748 τῶν
742 3687 1084 3770 προεστώτων
1115 3691 1208 3761 τῆς
1233 3687 1475 3759 τοιαύτης
1505 3687 1728 3748 παιδεύ-

183 3798 313 3852 σεως,
329 3778 419 3860 (20)
431 3777 704 3838 καὶταῦτα
717 3782 810 3837 τοῦ
831 3775 1166 3858 πράγματος,
1181 3781 1299 3836 καθ’
1323 3774 1443 3834 ὅσον
1459 3773 1568 3834 ἐστὶ
1583 3775 1730 3833 διδα-

183 3865 310 3944 κτόν,
339 3866 484 3928 οὗδὲν
513 3867 716 3945 μᾶλλον
734 3865 862 3947 πρὸς
881 3865 1000 3934 τοὺς
1022 3863 1315 3932 δικανικοὺς
1335 3863 1521 3943 λόγους
1542 3861 1576 3936 ἢ
1602 3863 1728 3945 πρὸς

180 3952 284 4022 τοὺς
308 3954 493 4024 ἄλλους
515 3954 752 4023 ἅπαντας
772 3955 991 4037 ὠφελεῖν
1015 3952 1322 4032 δυναμένου.
1403 3952 1652 4034 Τοσούτῳ
1671 3949 1726 4012 δὲ

115 4061 159 4102 40
179 4041 364 4124 χείρους
398 4043 636 4125 ἐγένοντο
659 4047 762 4103 τῶν
789 4042 912 4123 περὶ
947 4043 1038 4112 τὰς
1082 4042 1252 4124 ἔριδας
1289 4040 1722 4120 καλινδουμένων,

179 4127 282 4190 ὅσον
316 4124 455 4193 οὗτοι
498 4131 597 4212 μὲν
642 4137 858 4192 τοιαῦτα
900 4131 1101 4212 λογίδια
1130 4129 1422 4204 διεξιόντες,
1453 4119 1529 4197 οἶς
1568 4128 1619 4189 εἴ
1652 4151 1728 4199 τις

1819 2816 1965 2866 quam
1990 2818 2049 2854 ex
2074 2804 2149 2854 his
2172 2819 2283 2868 quae
2302 2806 2513 2859 diximus
2532 2807 2895 2869 desiderabitur,
2918 2825 3115 2864 necesse
3131 2812 3222 2864 erit
3242 2811 3304 2863 ab
3332 2825 3391 2863 ea

1819 2902 1953 2962 parte
1969 2898 2229 2964 discipulos
2253 2900 2413 2952 minus
2439 2903 2629 2964 paratos
2651 2915 2771 2954 esse.

1884 3001 1955 3046 19.
1984 2996 2216 3060 Equidem
2264 2997 2365 3048 scio
2400 2998 2637 3062 sophistas
2659 2999 2777 3050 istos
2799 2999 2944 3051 modo
2978 3001 3199 3053 subortos
3236 3007 3285 3054 et
3328 3003 3389 3054 is-

1819 3088 1916 3138 tam
1942 3089 2258 3152 arrogantiam
2286 3103 2452 3142 recens
2488 3091 2761 3155 amplexos,
2784 3092 2875 3142 etsi
2911 3107 3084 3157 magna
3120 3095 3197 3144 est
3217 3107 3387 3146 eorum

1817 3185 2100 3249 multitudo,
2140 3201 2307 3238 omnes
2344 3193 2506 3239 tamen
2532 3188 2593 3239 ad
2630 3189 2723 3240 hoc
2748 3193 3083 3254 argumentum
3110 3205 3218 3244 esse
3260 3192 3384 3244 reie-

1819 3276 2009 3329 rendos.
2074 3281 2271 3330 Restant
2308 3281 2341 3330 ii
2376 3281 2459 3344 qui
2488 3275 2609 3334 'ante
2630 3287 2841 3334 nostram
2870 3288 3061 3334 aetatem
3084 3288 3240 3346 artes,
3264 3299 3386 3349 quas

1823 3377 2024 3439 vocant,
2049 3377 2255 3430 scribere
2289 3379 2394 3429 ausi
2433 3393 2529 3431 non
2570 3381 2673 3431 sine
2718 3382 3085 3446 reprehensione
3111 3383 3384 3434 dimittendi

1822 3481 1955 3529 sunt.
2024 3475 2351 3527 promiserunt
2370 3473 2498 3524 enim
2523 3487 2576 3525 se
2593 3474 2846 3537 docturos,
2870 3473 3111 3539 quomodo
3132 3475 3182 3525 in
3204 3474 3386 3537 judicio

1817 3573 2201 3626 contendendum
2231 3573 2323 3634 sit,
2345 3572 2647 3624 odiosissimo
2668 3573 2907 3624 vocabulo
2930 3573 3140 3636 delecto;
3176 3573 3225 3623 ld
3253 3571 3382 3637 quod

1816 3663 2005 3715 invidos
2024 3678 2189 3716 eorum
2212 3664 2398 3729 potius,
2431 3679 2576 3729 quam
2602 3665 2743 3728 hujus
2763 3665 2995 3717 doctrinm
3034 3666 3272 3731 principes
3318 3667 3383 3716 fa·

1817 3777 1923 3815 cere
1937 3764 2123 3826 decuit,
2150 3763 2251 3828 (20)
2277 3763 2541 3827 praesertim
2560 3777 2711 3828 quum
2728 3777 2785 3814 ea
2802 3777 2911 3828 quoe
2929 3762 3146 3814 doctrina
3168 3777 3381 3828 compre·

1816 3857 1961 3908 hendi
1987 3862 2187 3922 possunt
2204 3857 2255 3907 in
2278 3858 2357 3907 ilia
2387 3872 2464 3921 re,
2488 3857 2636 3908 nihilo
2660 3859 2769 3922 plus
2788 3858 2848 3908 ad
2872 3859 3081 3909 forenses
3113 3863 3382 3910 controver-

1815 3953 1909 4004 sias
1946 3968 2088 4017 quam
2128 3955 2190 4004 ad
2230 3955 2386 4006 cetera
2424 3968 2596 4017 genera
2621 3957 2890 4006 orationum
2920 3956 3137 4008 conferre
3173 3961 3374 4022 queant.

1816 4050 1974 4098 Tanto
1995 4051 2154 4098 autem
2177 4052 2291 4098 sunt
2320 4048 2579 4100 deteriores
2608 4049 2668 4100 iis
2688 4049 2773 4114 qui
2798 4049 2847 4099 in
2871 4047 3256 4100 contentIonibus
3290 4061 3379 4099 vo·

1814 4147 2045 4208 tutantur,
2065 4145 2192 4211 quod
2218 4145 2265 4194 hi
2277 4182 2293 4208 ,
2313 4159 2464 4209 quum
2484 4145 2601 4196 tales
2622 4145 2943 4197 oratiunculas
2962 4145 3184 4207 recitent,
3203 4145 3380 4210 quibus

183 4216 256 4276 ἐπὶ
281 4223 377 4279 τῶν
400 4219 640 4302 πράξεων
660 4219 968 4300 (puditum,
995 4215 1142 4287 εὐθὺς
1166 4216 1228 4277 ἂν
1252 4219 1307 4277 ἓν
1329 4226 1491 4278 πᾶσῑν
1519 4216 1599 4290 Ξῖη
1627 4241 1727 4277 κα·
1755 4233 1794 4279 0
1813 4237 1853 4289 si
1873 4238 1983 4303 quis
2000 4241 2050 4290 in
2074 4240 2216 4291 rebus
2234 4238 2451 4300 gerendis
2474 4238 2739 4300 insisteret,
2760 4237 2925 4288 statim
2943 4237 2991 4288 in
3009 4237 3232 4288 omnibus
3251 4239 3379 4289 esset

177 4315 298 4380 κοῖς,
326 4307 468 4392 ὅμως
500 4307 688 4391 ἀρετὴν
712 4306 1088 4388 ἔπηγγείλαντο
1119 4307 1210 4366 καὶ
1238 4304 1577 4389 σωφροσύνην
1602 4306 1724 4387 περὶ

179 4397 351 4471 αὐτῶν,
381 4394 570 4458 ἐκεῖνοι
591 4399 638 4457 δ’
665 4396 751 4458 ἐπὶ
791 4396 908 4466 τοὺς
935 4399 1232 4464 πολιτικοὺς
1257 4394 1439 4475 λόγους
1477 4415 1722 4476 παρακα-

114 4495 156 4534 ⁴5
175 4480 390 4560 λοῦντες,
414 4484 774 4565 ἀμελήσαντες
793 4490 898 4546 τῶν
923 4484 1093 4545 ἄλλων
1113 4488 1216 4544 τῶν
1235 4483 1533 4566 προσόντων
1553 4485 1724 4554 αὐτοῖς

179 4571 388 4650 ἀγαθῶν,
419 4574 930 4658 πολυπραγμοσύνης
955 4572 1047 4633 καὶ
1086 4573 1382 4642 πλεονεξίας
1421 4571 1722 4646 ὑπέστησαν

177 4649 296 4722 εἶναι
319 4663 644 4726 διδάσκαλοι.
728 4665 815 4746 (21)
849 4662 1040 4736 Καίτοι
1078 4662 1195 4729 τοὺς
1228 4661 1571 4743 βουλομένους
1599 4685 1722 4722 πει-

177 4751 371 4830 θαρχεῖν
395 4757 505 4822 τοῖς
529 4751 630 4813 ὑπὸ
654 4756 746 4825 τῆς
783 4751 1086 4834 φιλοσοφίας
1114 4749 1308 4825 ταύτης
1331 4750 1726 4834 προσταττομέ-

178 4858 266 4906 ”0¹9
300 4841 430 4902 πολὺ
473 4841 537 4902 ἂν
567 4847 750 4902 θᾶττον
776 4841 904 4923 πρὸς
931 4840 1210 4900 ἐπιείκειαν
1235 4839 1272 4912 ἢ
1301 4839 1428 4922 πρὸς
1457 4839 1724 4923 ῥητορείαν

1811 4339 1951 4391 malis
1970 4341 2343 4402 futurus,tamen
2359 4339 2588 4391 virtutem
2612 4341 2662 4389 et
2682 4335 3045 4400 temperantiam
3068 4333 3127 4385 iis
3148 4335 3377 4385 contineri

1809 4435 2123 4500 profitentur3
2148 4433 2217 4486 illi
2236 4437 2398 4486 autem
2417 4447 2569 4500 quum
2590 4432 2651 4482 ad
2674 4429 2895 4496 gerenda
2912 4428 3189 4494 reipublicoe
3206 4426 3375 4478 doctri·

1812 4546 1925 4585 nam
1943 4531 2301 4600 percipiendam
2322 4532 2653 4592 adhortentur,
2674 4528 2903 4593 neglectis
2925 4528 3030 4578 aliis
3046 4540 3157 4593 quae
3178 4525 3229 4577 in
3252 4540 3306 4577 ea
3325 4538 3378 4576 re

1811 4627 1975 4677 insunt
1992 4624 2412 4676 commoditatibus
2426 4661 2443 4688 ,
2471 4623 2758 4675 curiositatis
2780 4625 2831 4673 et
2852 4621 3067 4672 avaritiae
3086 4633 3140 4671 se
3156 4619 3377 4671 doctores

1811 4724 2061 4775 nominare
2078 4738 2175 4775 non
2198 4723 2437 4774 dubitant.
2503 4723 2601 4787 (21)
2631 4720 2775 4786 Atqui
2800 4720 2834 4770 ii
2866 4721 2949 4784 qui
2972 4718 3200 4770 doctrinas
3235 4717 3375 4768 istius

1812 4817 2063 4881 praeceptis
2088 4816 2501 4881 obtemperarent,
2538 4816 2723 4867 facilius
2757 4814 2970 4894 fortassis
2997 4813 3059 4861 ad
3098 4811 3372 4876 aequitatem

119 4925 494 5002 ιοῶφελήσῃεν,
580 4930 687 4994 Καὶ
732 4930 914 5009 μηδεὶς
956 4929 1140 4990 οἰέσθω
1186 4952 1252 5008 με
1293 4929 1463 5010 λέγειν
1497 4932 1569 4997 ὡς
1609 4928 1722 4989 ἔστι
1747 4921 1788 4987 d
1812 4931 1957 4980 quam
1984 4915 2044 4967 ad
2067 4916 2384 4982 eloquentiam
2406 4915 2703 4966 acuerentur.
2770 4915 2935 4976 Neque
2954 4922 3033 4960 me
3054 4909 3306 4973 quisquam
3323 4906 3371 4956 in

181 5012 462 5094 δικαιοσύνη
493 5019 748 5079 διδακτόν·
786 5016 922 5086 ὅλως
960 5017 1055 5098 μὲν
1092 5019 1194 5100 γὰρ
1223 5017 1464 5097 οὐδεμίαν
1492 5021 1722 5098 ἡγοῦμαι

180 5105 404 5180 τοιαύτην
463 5099 595 5168 εἶναι
642 5108 862 5190 τέχνην,
919 5107 1034 5182 ἥτις
1083 5113 1192 5177 τοῖς
1243 5111 1417 5176 κακῶς
1469 5107 1723 5190 πεφυκόσι

181 5193 296 5275 πρὸς
317 5197 506 5278 ἀρετὴν
529 5199 863 5282 σωφροσύνην
903 5197 967 5257 ἂν
1004 5197 1096 5258 καὶ
1121 5195 1451 5270 δικαιοσύνην
1493 5198 1721 5276 ἐμποιή-

185 5303 318 5345 σιιεν·
339 5289 400 5348 οὔ
429 5287 534 5369 μὴν
562 5287 701 5350 ἀλλὰ
731 5285 1334 5371 συμπαρακελεύσασθαί
1359 5310 1418 5368 γε
1444 5286 1535 5346 καὶ
1563 5310 1717 5346 συνα·

1811 5023 1869 5060 ca
1893 5009 2115 5074 opinione
2146 5021 2251 5060 esse
2274 5011 2433 5073 putet,
2459 5009 2599 5073 quasi
2634 5005 2869 5070 iustitiam
2907 5016 3047 5068 posse
3073 4999 3233 5051 doceri
3264 5012 3373 5050 sen·

1810 5109 1929 5159 tiam
1954 5125 1968 5160 ε
2000 5110 2179 5160 nuliam
2205 5110 2332 5160 enim
2355 5121 2551 5173 prorsus
2589 5106 2735 5157 talem
2771 5106 2923 5154 artem
2960 5115 3067 5153 esse
3088 5100 3236 5164 puto,
3260 5110 3371 5161 qum

1808 5203 2011 5266 ingeniis
2042 5202 2103 5252 ad
2127 5203 2354 5254 virtutem
2393 5214 2489 5252 non
2522 5198 2751 5264 appositis
2785 5192 3148 5260 temperantiam
3189 5191 3239 5241 et
3279 5189 3363 5252 ju-

1809 5301 1990 5354 stitiam
2012 5301 2218 5366 inserat;
2243 5300 2329 5353 sed
2346 5305 2505 5352 tamen
2524 5297 2823 5363 aptissimam
2854 5307 2961 5346 esse
2992 5293 3113 5358 puto
3142 5287 3365 5353 eloquen-
