3825 5842
929 499 1323 564 ISOCRATlS
1365 498 1647 560 ORATIO
1687 500 1786 559 DE
1827 500 2461 563 PERMUTATIONE.

3188 516 3295 567 2⁴1

111 638 416 721 διασύρουσι,
449 634 716 706 διεξιόντες
737 632 792 694 δὲ
829 632 923 703 τὰς
946 638 1052 694 τῶν
1088 636 1425 717 συκοφαντῶν
1465 631 1643 714 πικρό-
1737 640 2081 706 perstringunt,
2100 645 2503 705 recensentesque
2519 641 2923 707 sycophantarum
2950 642 3231 695 acerbitates
3254 648 3304 695 et

106 752 245 800 τητας
285 725 373 786 καὶ
400 724 766 807 κακοπραγίας
799 722 926 798 ὅλης
961 729 1053 798 τῆς
1089 722 1290 791 πόλεως
1322 726 1392 791 ὥς
1419 722 1640 801 ἀμίκτου

109 816 186 875 καὶ
211 816 442 895 χαλεπῆς
475 812 633 887 οὔσης
669 818 1072 895 κατηγοροῦσιν.
1161 812 1284 895 (301)
1322 809 1514 873 Ἔστιν
1553 802 1641 871 οὖν

107 906 340 963 δικαστῶν
381 907 503 960 νοῦν
538 900 762 981 ἐχόντων
791 900 912 969 τοὺς
951 900 1047 979 μὲν
1065 905 1172 961 τῶν
1203 899 1446 961 τοιούτων
1474 898 1642 980 λόγων

61 1015 82 1055 5
105 992 274 1060 αἰτίους
305 988 638 1071 γιγνομένους
665 987 988 1049 ἀποκτείνειν
1015 994 1085 1057 ὡς
1120 990 1355 1069 μεγάλην
1390 988 1645 1070 αἰσχύνην

32 1070 35 1075 ’
106 1086 159 1160 τῇ
181 1081 318 1139 πόλει
352 1083 781 1161 περιποιοῦντας,
811 1075 931 1146 τοὺς
954 1076 1011 1137 δὲ
1033 1081 1138 1137 τῶν
1162 1078 1386 1138 ἐπαίνων
1413 1082 1517 1137 τῶν
1546 1078 1643 1137 λε-

107 1167 308 1247 γομένων
343 1167 465 1249 περὶ
500 1168 662 1237 αὐτῆς
691 1164 845 1246 μέρος
881 1189 936 1225 τι
979 1164 1442 1244 συμὸαλλομένους
1483 1174 1642 1244 τιμᾶν

108 1254 335 1334 μᾶλλονῆ
360 1254 479 1322 τοὺς
508 1253 736 1325 ἀθλητὰς
761 1252 879 1321 τοὺς
907 1256 961 1313 ἐν
986 1262 1092 1321 τοῖς
1117 1253 1448 1336 στεφανίταις
1477 1256 1647 1333 ἀγῶσι

107 1348 354 1411 νικῶντας·
380 1344 498 1423 (302)
523 1340 660 1401 πολὺ
678 1340 780 1423 γὰρ
807 1340 1011 1401 καλλίω
1031 1341 1182 1411 δόξαν
1205 1342 1414 1402 ἐκείνων
1439 1342 1645 1419 κτώμε·

51 1452 88 1491 10
105 1454 168 1489 νοι
201 1436 263 1511 τῇ
308 1429 457 1490 πόλει
508 1428 829 1509 τυγχάνουσι
877 1430 969 1490 καὶ
1015 1432 1215 1509 μᾶλλον
1263 1429 1645 1510 ἁρμόττουσαν.

111 1519 226 1601 Περὶ
253 1518 344 1598 μὲν
364 1518 468 1602 γὰρ
489 1518 588 1592 τὴν
615 1521 720 1577 τῶν
747 1518 1010 1597 σωμάτιον
1035 1518 1263 1597 ἀγωνίαν
1287 1517 1510 1587 πολλοὺς
1526 1517 1645 1586 τοὺς

112 1607 544 1689 ἅμφισὸητοῦντας
563 1604 773 1686 ἔχομεν,
803 1606 924 1686 περὶ
945 1605 1121 1677 δὲτὴν
1145 1606 1388 1667 παιδείαν
1417 1606 1644 1674 ἅπαντες

111 1696 163 1753 ἂν
191 1700 322 1774 ἡμᾶς
347 1695 638 1777 πρωτεύειν
664 1693 1017 1778 προκρίνειαν.
1033 1694 1161 1777 Χρὴ
1177 1695 1231 1756 δὲ
1247 1698 1367 1767 τοὺς
1379 1694 1474 1757 καὶ
1483 1694 1648 1777 μικρὰ

111 1784 370 1865 λογίζεσθαι
383 1783 702 1862 δυναμένους
723 1782 841 1850 τοὺς
869 1785 922 1843 ἐν
950 1791 1057 1850 τοῖς
1076 1782 1327 1851 τοιούτοις
1347 1786 1452 1841 τῶν
1481 1782 1646 1865 ἔργων

59 1886 95 1924 ¹5
114 1872 416 1955 διαφέροντας
433 1919 452 1948 ,
483 1876 543 1933 ἐν
567 1860 647 1940 οἷς
675 1874 708 1943 ἡ
735 1870 885 1939 πόλις
925 1872 1226 1949 εὐδοκιμεῖ,
1253 1875 1515 1949 τιμῶντας
1537 1872 1650 1953 φαί-

113 1966 292 2034 νεσθαι,
323 1961 413 2021 καὶ
443 1960 526 2040 μὴ
553 1962 808 2042 φθονερῶς
834 1958 993 2039 ἔχειν,
1031 1962 1158 2038 μηδ’
1183 1960 1390 2019 ἐναντία
1416 1962 1522 2027 τοῖς
1547 1959 1650 2017 ἅλ-

113 2051 203 2115 λοις
223 2047 450 2122 Ἕλλησι
477 2046 788 2128 γιγνώσκειν
817 2046 940 2127 περὶ
969 2048 1160 2108 αὐτῶν.
1247 2046 1364 2128 (303)
1393 2037 1497 2108 ’Ὧν
1527 2050 1650 2126 ὑμῖν

116 2136 240 2197 οὐδὲν
259 2138 453 2198 πώποτ’
493 2136 770 2217 ἐμέλησεν,
806 2133 944 2196 ἀλλὰ
979 2141 1223 2196 τοσοῦτον
1259 2136 1651 2217 διημαρτήκατε

114 2231 189 2284 τοῦ
215 2225 583 2309 συμφέροντος,
611 2223 738 2284 ὥσθ’
763 2223 910 2296 ἥδιον
933 2222 1082 2304 ἔχετε
1108 2224 1174 2283 δι’
1200 2223 1286 2292 οὓς
1305 2224 1518 2284 ἀκούετε
1553 2249 1652 2285 κα-

57 2328 98 2369 20
117 2316 204 2381 κῶς
233 2313 266 2387 ἢ
305 2315 366 2373 δι’
403 2313 490 2383 οὓς
529 2316 844 2387 ἐπαινεῖσθε,
888 2313 979 2372 καὶ
1024 2311 1466 2394 δημοτικωτέρους
1521 2302 1653 2371 εἶναι

119 2403 317 2480 νομίζετε
353 2402 471 2472 τοὺς
511 2408 606 2461 τοῦ
654 2407 919 2481 μισεῖσθαι
961 2399 1056 2473 τὴν
1103 2400 1254 2461 πόλιν
1301 2401 1402 2461 ὑπὸ
1444 2402 1652 2462 πολλῶν

117 2490 282 2558 αἰτίους
318 2490 468 2559 ὄντας
481 2536 499 2565 ,
543 2488 580 2562 ἢ
611 2488 728 2558 τοὺς
769 2488 1005 2557 ἅπαντας
1044 2479 1118 2557 οἷς
1144 2487 1569 2562 πεπλησιάκασιν
1597 2480 1654 2548 εὖ

119 2578 377 2638 διακεῖσθαι
419 2577 555 2659 πρὸς
595 2577 758 2651 αὐτὴν
799 2574 1166 2651 πεποιηκότας.
1247 2578 1372 2658 (304)
1415 2574 1522 2639 Ἢν
1565 2568 1652 2637 οὖν

119 2670 386 2746 σωφρονῆτε
405 2712 424 2745 ‚
456 2670 556 2737 τῆς
584 2664 682 2743 μὲν
718 2669 955 2747 ταραχῆς
989 2664 1254 2725 παύσεσθε
1294 2662 1516 2738 ταύτης,
1558 2668 1656 2746 οὐχ

43 2766 103 2827 ,25
123 2750 237 2812 οὕτω
257 2755 303 2813 δ’
330 2752 510 2838 ὥσπερ
539 2759 628 2813 νῦν
657 2756 706 2813 οἱ
733 2753 829 2830 μὲν
856 2750 1092 2835 τραχέως
1113 2756 1160 2813 οἱ
1188 2755 1234 2812 δ’
1259 2750 1522 2835 ὀλιγώρως
1549 2755 1655 2811 δια-

125 2840 329 2901 κείσεσθε
357 2842 486 2923 πρὸς
517 2838 614 2913 τὴν
637 2842 961 2925 φιλοσοφίαν,
989 2841 1102 2901 ἀλλ’
1139 2839 1490 2909 ὑπολαὸόντες
1518 2840 1655 2900 κάλ-

120 2930 273 2989 λιστον
309 2921 440 2991 εἶναι
474 2930 575 2991 καὶ
621 2929 1029 2991 σπουδαιότατον
1071 2933 1177 2990 τῶν
1221 2929 1652 3007 ἐπιτηδευμάτων

121 3016 202 3088 τὴν
233 3022 319 3089 τῆς
343 3022 520 3101 ψυχῆς
551 3018 876 3097 ἐπιμέλειαν,
904 3018 1220 3101 προτρέψετε
1246 3022 1351 3078 τῶν
1392 3018 1654 3100 νεωτέρων

119 3104 219 3173 τοὺς
244 3106 345 3188 βίον
373 3107 558 3168 ἱκανὸν
600 3108 946 3187 κεκτημένους
972 3108 1063 3167 καὶ
1095 3106 1292 3188 σχολὴν
1321 3106 1466 3187 ἄγειν
1511 3109 1657 3167 δυνα·

63 3213 106 3253 ao
123 3193 280 3269 μένους
302 3196 390 3255 ἐπὶ
415 3194 514 3269 τὴν
543 3197 782 3257 παιδείαν
806 3196 897 3256 καὶ
918 3195 1013 3269 τὴν
1039 3196 1261 3269 ἄσκησιν
1279 3193 1373 3267 τὴν
1393 3194 1657 3271 τοιαύτην,

124 3283 220 3359 (303)
243 3284 328 3343 καὶ
349 3282 467 3352 τοὺς
496 3282 592 3363 μὲν
615 3288 790 3345 πονεῖν
823 3285 1089 3352 ἐθέλοντας
1120 3284 1212 3344 καὶ
1241 3284 1656 3365 παρασκευάζειν

123 3379 236 3450 σφᾶς
253 3372 432 3441 αὐτοὺς
451 3370 746 3454 χρησίμους
764 3378 830 3454 τῇ
845 3372 993 3432 πόλει
1008 3372 1128 3453 περὶ
1147 3374 1342 3432 πολλοῦ
1360 3372 1656 3445 ποιήσεσθε,

123 3458 223 3526 τοὺς
260 3458 312 3519 δὲ
344 3460 826 3539 καταὸεὸλημένως
865 3464 1061 3531 ζῶντας
1105 3460 1196 3519 καὶ
1241 3460 1458 3539 μηδενὸς
1498 3461 1658 3521 ἄλλου

125 3548 454 3627 φροντίζοντας
492 3548 634 3623 πλὴν
674 3547 815 3618 ὅπως
859 3550 1093 3627 ἀσελγῶς
1131 3548 1518 3609 ἀπολαύσονται
1554 3552 1657 3609 τῶν

67 3649 107 3687 ³5
124 3637 566 3719 καταλειφθέντων,
607 3636 818 3707 τούτους
864 3635 919 3697 δὲ
962 3637 1215 3716 μισήσετε
1265 3637 1358 3697 καὶ
1406 3638 1660 3719 προδότας

126 3734 324 3799 νομιεῖτε
351 3726 442 3786 καὶ
468 3731 566 3799 τῆς
596 3726 796 3795 πόλεως
833 3726 924 3787 καὶ
947 3730 1040 3798 τῆς
1060 3730 1166 3785 τῶν
1189 3724 1456 3805 προγόνων
1487 3726 1658 3800 δόξης·

127 3812 252 3887 μόλις
287 3814 386 3895 γὰρ
411 3814 478 3887 ἢν
515 3814 676 3883 οὕτως
725 3818 861 3892 ὑμᾶς
902 3812 1185 3873 αἴσθωνται
1223 3814 1352 3895 πρὸς
1391 3813 1661 3897 ἑκατέρους

126 3900 272 3959 αὐτῶν
294 3902 677 3982 διακειμένους,
702 3903 1032 3976 ἐθελήσουσιν
1061 3906 1109 3963 οἱ
1135 3901 1374 3984 νεώτεροι
1400 3925 1660 3985 καταφρο-

127 3986 349 4058 νήσαντες
379 3995 476 4064 τῆς
508 3990 762 4071 ῥᾳθυμίας
783 3990 1061 4071 προσέχειν
1085 3990 1258 4071 σφίσιν
1282 3990 1456 4057 αὐτοῖς
1480 3990 1571 4049 καὶ
1589 3994 1655 4070 τῇ

69 4086 110 4125 ⁴⁰
129 4077 377 4159 φιλοσοφία
405 4079 496 4137 τὸν
530 4084 667 4139 νοῦν.
751 4079 870 4157 (aco)
901 4077 1282 4156 Ἀναμνήσθετε
1309 4078 1366 4136 δὲ
1391 4076 1451 4135 τὸ
1474 4076 1664 4145 κάλλος

127 4162 203 4221 καὶ
231 4165 287 4224 τὸ
327 4165 542 4246 μέγεθος
563 4170 667 4225 τῶν
697 4164 860 4247 ἔργων
889 4170 993 4226 τῶν
1023 4171 1090 4245 τῇ
1112 4165 1264 4225 πόλει
1285 4166 1376 4226 καὶ
1404 4173 1510 4233 τοῖς
1529 4188 1663 4245 προ-

127 4250 268 4327 γόνοις
302 4254 710 4337 πεπραγμένων,
751 4254 841 4314 καὶ
881 4253 1105 4314 διέλθετε
1142 4252 1269 4337 πρὸς
1303 4256 1439 4330 ὑμᾶς
1480 4251 1664 4321 αὐτοὺς

128 4340 204 4398 καὶ
235 4342 488 4425 σκέψασθε
528 4340 671 4409 ποῖός
701 4365 777 4410 τις
817 4334 882 4415 ἦν
910 4341 1002 4401 καὶ
1028 4345 1141 4409 πῶς
1181 4340 1402 4421 γεγονὼς
1429 4340 1520 4401 καὶ
1547 4341 1662 4401 τίνα

129 4426 295 4506 τρόπον
334 4429 747 4507 πεπαιδευμένος
781 4432 810 4488 6
836 4426 952 4497 τοὺς
992 4427 1270 4509 τυράννους
1297 4427 1536 4488 ἐκὸαλὼν
1570 4429 1661 4489 καὶ

73 4530 112 4567 ⁴5
129 4514 200 4571 τὸν
223 4517 388 4597 δῆμον
406 4515 727 4597 καταγαγὼν
764 4516 854 4576 καὶ
880 4514 976 4589 τὴν
1002 4515 1356 4598 δημοκρατίαν
1389 4516 1660 4589 καταστή-

131 4624 234 4679 σας,
259 4609 398 4677 ποῖος
421 4607 479 4667 δέ
500 4630 578 4675 τις
599 4610 626 4666 6
647 4605 764 4674 τοὺς
789 4604 1084 4687 βαρὸάρους
1103 4609 1394 4687 Μαραθῶνι
1418 4610 1483 4686 τῇ
1514 4605 1662 4687 μάχῃ

131 4694 324 4767 νικήσας
357 4696 452 4757 καὶ
482 4693 577 4767 τὴν
617 4694 768 4765 δόξαν
810 4691 906 4765 τὴν
947 4697 1008 4753 ἐκ
1048 4693 1242 4767 ταύτης
1285 4692 1568 4773 γενομένην
1600 4699 1664 4775 τῇ

131 4780 260 4841 πόλει
283 4782 641 4861 κτησάμενος,
681 4784 797 4862 (307)
838 4781 914 4847 τίς
946 4783 992 4840 δ’
1023 4772 1086 4854 ἦν
1114 4784 1142 4839 6
1170 4785 1284 4859 μετ’
1321 4784 1517 4840 ἐκεῖνον
1544 4779 1662 4849 τοὺς

129 4864 376 4944 Ἕλληνας
421 4868 770 4952 ἐλευθερώσας
813 4868 906 4929 καὶ
959 4868 1076 4937 τοὺς
1123 4867 1404 4949 προγόνους
1447 4868 1533 4927 ἐπὶ
1571 4868 1665 4940 τὴν

75 4975 112 5011 ⁵0
131 4959 385 5035 ἡγεμονίαν
427 4958 522 5019 καὶ
563 4957 658 5031 τὴν
696 4956 1000 5019 δυναστείαν
1045 4958 1110 5031 ἣν
1149 4958 1304 5039 ἔσχον
1333 4956 1666 5038 προαγαγών,

133 5041 196 5101 ἔτι
232 5044 282 5104 δὲ
317 5046 414 5118 τὴν
453 5045 604 5126 φύσιν
639 5045 734 5119 τὴν
765 5052 852 5105 τοῦ
891 5044 1180 5127 Πειραιέως
1222 5044 1446 5104 κατιδὼν
1476 5045 1567 5105 καὶ
1606 5045 1667 5105 τὸ

132 5140 278 5213 τεῖχος
316 5134 546 5195 ἀκόντων
589 5133 1016 5213 Λακεδαιμονίων
1057 5140 1122 5215 τῇ
1155 5132 1306 5193 πόλει
1345 5132 1666 5215 περιὸαλών,

133 5218 195 5286 τίς
217 5220 262 5279 δ’
297 5226 323 5281 6
349 5221 485 5301 μετὰ
516 5228 697 5283 τοῦτον
724 5223 968 5307 ἀργυρίου
997 5222 1088 5282 καὶ
1123 5222 1339 5303 χρυσίου
1375 5222 1471 5295 τὴν
1506 5220 1668 5305 ἀκρό-

135 5308 266 5367 πολιν
301 5310 575 5390 ἐμπλήσας
614 5313 703 5373 καὶ
742 5311 861 5381 τοὺς
895 5312 1063 5381 οἴκους
1103 5312 1220 5382 τοὺς
1258 5311 1413 5381 ἰδίους
1447 5310 1668 5391 μεστοὺς

325 5422 595 5461 muts.

1734 754 1968 805 maleficia
2000 756 2167 807 urbem
2188 759 2244 807 ut
2260 754 2593 819 inhospitalem
2612 758 2662 805 et
2687 754 3036 805 intractabilem
3055 756 3305 806 criminan-

1735 864 1834 914 tur.
1911 863 2041 927 (301)
2084 865 2172 914 Est
2202 863 2346 926 igitur
2368 863 2612 927 sagacium
2634 861 2871 926 judicum,
2899 868 3121 915 auctores
3135 865 3305 916 talium

1736 984 2015 1024 sermonum
2036 972 2296 1037 perimere,
2319 970 2449 1036 quod
2468 983 2694 1034 magnum
2709 970 2920 1023 dedecus
2940 971 3045 1022 urbi
3064 973 3306 1037 inferunt3

1736 1094 1823 1131 eos
1846 1094 1963 1131 vero
1988 1081 2074 1145 qui
2102 1079 2164 1131 ad
2182 1080 2378 1143 laudes,
2409 1080 2585 1143 quibus
2606 1080 2891 1143 celebratur,
2919 1094 3007 1145 pro
3024 1082 3147 1133 virili
3171 1084 3308 1147 parte

1735 1191 2071 1253 contulerunt,
2106 1194 2286 1254 majore
2314 1192 2494 1243 honore
2518 1190 2692 1242 habere
2714 1204 2861 1256 qnam
2881 1192 3087 1243 athletas
3117 1195 3201 1258 qui
3244 1208 3309 1247 ex

1735 1298 2073 1349 certaminibus
2093 1299 2299 1351 victores
2319 1312 2517 1351 coronas
2534 1299 2803 1351 retulerunt
2830 1313 2846 1350 ε
2874 1302 3007 1364 (302)
3036 1300 3147 1352 urbi
3177 1302 3309 1353 enim

1737 1407 1889 1457 multo
1920 1406 2270 1471 praeclariorem
2302 1407 2445 1471 eique
2494 1407 2929 1459 convenientiorem
2966 1407 3140 1459 tamam
3163 1422 3311 1473 quam

1741 1514 1808 1563 illi
1836 1518 2131 1578 comparant.
2200 1514 2377 1565 Multos
2398 1516 2527 1566 enim
2560 1515 2793 1568 habemus
2828 1516 2911 1581 qui
2951 1517 3085 1581 quod
3110 1515 3172 1567 ad
3200 1530 3311 1569 cor·

1738 1633 1910 1683 porum
1947 1620 2335 1673 exercitationem
2383 1622 2574 1686 attinet,
2602 1623 2855 1676 nobiscum
2892 1625 3213 1688 contendant3
3260 1626 3312 1675 in

1737 1729 1887 1781 literis
1911 1743 2023 1782 vero
2046 1744 2215 1783 omnes
2230 1732 2373 1784 nobis
2392 1733 2570 1798 primas
2588 1732 2827 1786 deserunt.
2852 1738 3053 1801 oportet
3066 1736 3209 1801 igitur
3226 1748 3313 1788 eos

1740 1840 1822 1903 qui
1844 1840 2039 1905 paulum
2066 1854 2143 1892 res
2161 1842 2403 1894 oestimsre
2421 1846 2651 1907 possunt,
2672 1842 2891 1896 homines
2912 1844 2974 1896 iis
2994 1846 3167 1909 rebus,
3186 1859 3307 1910 qua·

1741 1960 1850 1997 rum
1869 1960 2013 1998 causa
2032 1948 2152 2000 urbs
2169 1948 2409 2012 laudatur,
2426 1951 2713 2003 excellentes
2736 1952 2916 2003 honore
2940 1952 3111 2003 efferre
3132 1951 3313 2015 videri,

1743 2056 2087 2120 nequeinvidia
2098 2058 2339 2123 persequi,
2350 2072 2509 2123 neque
2522 2058 2737 2122 judicare
2752 2060 2882 2126 quod
2899 2064 3169 2113 ceterorum
3187 2064 3317 2113 Grae·

1739 2173 1907 2211 corum
1926 2162 2109 2225 iudicio
2132 2167 2423 2217 contrarium
2443 2167 2520 2219 sit.
2556 2168 2690 2233 (303)
2720 2172 2941 2228 Quorum
2964 2169 3083 2221 nihil
3105 2182 3317 2234 unquam

1741 2271 1881 2322 vobis
1902 2286 2033 2325 curae
2058 2275 2167 2351 suit,
2191 2276 2275 2327 sed
2302 2282 2487 2329 tantum
2506 2292 2535 2328 a
2557 2281 2811 2331 commodo
2832 2285 2992 2333 vestro
3018 2256 3316 2345 recessistis,

1741 2383 1797 2429 ut
1831 2378 2241 2435 benevolentiores
2276 2385 2338 2436 iis
2368 2386 2502 2448 sitis,
2538 2400 2622 2451 per
2656 2401 2781 2452 quos
2814 2388 2929 2440 urbs
2966 2390 3094 2440 male
3116 2388 3283 2440 audiat
3295 2424 3315 2450 ,

1741 2498 1886 2548 quam
1913 2500 1997 2551 per
2026 2501 2151 2552 quos
2188 2491 2480 2555 laudamini,
2512 2499 2563 2544 et
2600 2494 2927 2558 populariores
2951 2508 3035 2546 eos
3060 2496 3317 2562 jndicetis,

1742 2608 1948 2658 quorum
1970 2612 2115 2663 opera
2140 2599 2316 2650 factum
2335 2603 2409 2652 est
2424 2607 2478 2651 ut
2500 2601 2616 2652 urbs
2631 2604 2795 2657 multis
2813 2603 2925 2654 odio
2943 2604 3033 2666 sit,
3062 2618 3209 2668 quam
3228 2618 3315 2656 eos

1743 2704 1825 2765 qui
1850 2705 2069 2756 omnium
2088 2708 2378 2770 quibuscum
2400 2716 2654 2761 versantur
2686 2711 3067 2764 benevolentiam
3097 2713 3141 2763 ei
3162 2704 3316 2765 conci·

1744 2813 1937 2867 liarunt.
2006 2818 2137 2881 (304)
2162 2818 2214 2869 Si
2232 2819 2377 2883 igitur
2399 2819 2661 2884 prudenter
2682 2836 2820 2885 agere
2841 2823 3013 2887 vultis,
3034 2824 3127 2875 hoc
3140 2824 3319 2876 incom-

1745 2924 1888 2974 modo
1907 2938 2012 2976 eam
2030 2927 2291 2979 liberabitis
2303 2965 2320 2991 ‚
2336 2942 2496 2993 nequo
2517 2932 2587 2981 ita
2600 2934 2656 2983 ut
2678 2946 2805 2984 nunc
2822 2935 2995 2998 partim
3013 2949 3141 2999 aegre
3156 2936 3319 2987 seretis

1746 3035 1923 3099 partim
1945 3040 2259 3089 contemnetis
2302 3038 2650 3103 philosophiam
2665 3076 2681 3105 ‚
2720 3041 2804 3092 sed
2847 3043 3222 3107 pulcherrimum
3268 3050 3321 3096 et

1746 3143 2130 3195 honestissimum
2150 3147 2365 3198 studium
2388 3149 2534 3199 animi
2552 3150 2738 3200 cultum
2754 3152 2860 3213 rati,
2879 3152 3209 3204 adolescentes
3232 3154 3319 3217 qui

1746 3266 1846 3304 rem
1871 3254 2051 3305 habent
2070 3261 2117 3306 et
2136 3256 2186 3307 in
2204 3258 2303 3307 otio
2320 3258 2483 3309 vivere
2502 3263 2725 3325 possunt,
2744 3261 2805 3312 ad
2826 3263 2951 3313 hanc
2966 3242 3316 3316 institutionem

1745 3365 1796 3411 et
1837 3364 2199 3441 occupationem
2237 3366 2571 3429 hortabimini,
2608 3368 2737 3433 (305)
2776 3383 2957 3435 eosque
2996 3372 3083 3436 qui
3131 3372 3320 3424 labores

1748 3468 1907 3521 subire
1922 3484 2068 3536 seque
2080 3472 2357 3537 reipublicae
2370 3475 2513 3526 utiles
2530 3476 2729 3529 reddere
2746 3480 2930 3543 volunt,
2945 3481 3099 3544 magni
3114 3483 3319 3532 aestima-

1749 3582 1886 3644 bitis3
1905 3582 2119 3647 quivero
2132 3584 2315 3647 abjecte
2333 3586 2503 3636 vivunt
2516 3600 2673 3651 neque
2691 3588 2955 3654 quidquam
2970 3589 3098 3641 aliud
3112 3592 3322 3655 cogitant

1749 3704 1894 3754 quam
1920 3694 1976 3741 ut
1996 3704 2081 3755 per
2100 3692 2342 3743 luxuriam
2364 3692 2501 3745 bonis
2530 3694 2623 3745 sibi
2645 3696 2822 3747 relictis
2846 3697 3081 3761 fruantur,
3104 3699 3191 3749 hos
3206 3700 3321 3749 odio

1750 3799 2004 3862 habebitis,
2021 3798 2380 3864 proditoresque
2394 3806 2444 3851 et
2462 3800 2593 3851 urbis
2610 3804 2659 3853 et
2668 3802 2901 3864 majorum
2917 3804 3081 3865 gloriae
3090 3805 3321 3867 judicabi-

1752 3910 1830 3960 tis.
1847 3910 1941 3959 Vix
1958 3910 2103 3973 enim,
2120 3912 2161 3963 si
2173 3924 2259 3961 vos
2271 3912 2335 3960 ita
2350 3926 2461 3975 erga
2478 3916 2707 3976 utrosque
2720 3914 2957 3965 animatos
2974 3915 3191 3979 viderint,
3210 3917 3323 3968 ado-

1749 4016 1987 4069 lescentes
2019 4018 2215 4069 lascivia
2243 4022 2417 4072 omissa
2454 4024 2663 4072 mentem
2694 4020 2745 4070 in
2778 4032 2832 4071 se
2871 4020 3320 4087 philosophiamque

1750 4128 2025 4176 convertere
2037 4127 2215 4178 volent.
2242 4127 2370 4192 (306)
2392 4132 2448 4180 In
2464 4128 2745 4179 memoriam
2760 4137 2873 4176 vero
2894 4132 3114 4178 revocate
3134 4130 3322 4190 magni-

1753 4232 1967 4283 tudinem
1985 4246 2144 4284 rerum
2158 4246 2269 4298 quae
2288 4247 2318 4284 a
2334 4233 2527 4284 civitate
2540 4238 2590 4283 et
2604 4233 2861 4295 maioribus
2878 4240 3027 4297 gestoe
3038 4240 3167 4297 sunt,
3179 4241 3324 4300 atque

1750 4340 1927 4403 agitate
1950 4340 2200 4391 vobiscum
2224 4344 2274 4391 et
2296 4342 2513 4405 reputate
2530 4341 2683 4405 qualis
2702 4341 2847 4393 suerit
2863 4349 2911 4392 et
2930 4355 3028 4406 quo
3049 4342 3157 4394 loco
3179 4346 3323 4395 natus

1751 4452 1801 4501 et
1819 4450 2057 4514 quomodo
2072 4450 2321 4503 institutus
2334 4452 2419 4515 qui
2439 4456 2669 4516 tyrannos
2682 4452 2868 4517 expulit
2880 4454 3321 4518 remquepublicam

1753 4556 1965 4609 restituit
1984 4562 2036 4609 et
2066 4558 2335 4611 libertatem
2353 4559 2669 4623 instauravit,
2693 4563 2744 4612 et
2761 4561 2917 4625 qualis
2943 4562 3027 4613 ille
3044 4564 3131 4628 qui
3154 4562 3321 4613 barba·

1752 4680 1834 4717 ros
1858 4666 1921 4717 ad
1946 4668 2273 4721 Marathonem
2295 4670 2555 4733 pugnando
2584 4670 2765 4722 devicit
2790 4676 2840 4723 et
2874 4672 2997 4723 lianc
3018 4672 3216 4735 gloriam
3240 4672 3322 4722 illo

1754 4775 1921 4838 praelio
1942 4779 2126 4839 partam
2150 4778 2429 4842 reipublicae
2450 4780 2773 4845 comparavit3
2798 4780 2932 4843 (307)
2972 4779 3083 4844 quis
3102 4777 3186 4843 qui
3212 4782 3324 4843 post

1755 4882 1887 4932 illum
1903 4885 2098 4934 Graecos
2115 4884 2353 4950 liberavit,
2372 4886 2633 4950 maioribus
2655 4886 2975 4951 principatum
2994 4888 3044 4937 et
3064 4882 3321 4949 imperium

1755 4990 1886 5054 quod
1907 4990 2218 5044 obtinuerunt
2238 4994 2564 5058 comparavit,
2589 4997 2818 5058 praeterea
2840 4992 3011 5044 Piroeei
3043 4988 3322 5056 opportuni·

1757 5104 1906 5152 tatem
1942 5103 2168 5167 cognovit
2194 5102 2459 5168 urbemque
2480 5102 2647 5153 invitis
2668 5101 3049 5153 Lacedaemoniis
3076 5098 3317 5151 moenibus

1756 5212 1936 5277 cinxit3
1951 5213 2061 5278 quis
2076 5212 2159 5279 qni
2181 5211 2354 5264 deinde
2368 5214 2561 5275 argento
2578 5224 2791 5276 auroque
2809 5224 2967 5262 arcem
2989 5208 3209 5289 implevit
3236 5208 3318 5261 do-

1755 5332 1957 5384 mosque
1990 5320 2198 5385 privatas
2230 5320 2501 5383 ingentibus
2534 5319 2709 5384 opibus
2741 5318 3025 5384 divitiisque
3060 5316 3292 5371 instruxit

3058 5420 3109 5462 10
