3825 5842
523 443 598 501 aa
1325 474 1348 490 .
1428 426 1955 509 stammam]
1998 431 2064 490 o.
2094 428 2292 489 ΚΑΤΑ
2312 424 2833 496 Amanium?

3399 430 3682 517 [ιω-ιιι]
3782 430 3784 457 ’

441 580 492 632 αξ
515 560 766 645 τετάχθαι
786 561 1033 622 ἀποτῖσαι
1051 556 1104 625 ὃς
1122 555 1256 629 ἃντὸ
1273 555 1510 635 πέμπτον
1533 554 1688 637 μέρος
1705 554 1778 635 μὴ
1796 555 2071 635 μεταλάὸῃ
2160 576 2272 613 rum
2306 562 2445 616 haud
2464 563 2755 626 obtinuerit3
2776 563 2925 619 istum
2962 575 3079 619 vero
3092 598 3108 626 ,
3144 560 3301 627 quum
3342 562 3499 615 civem
3528 566 3685 629 tamdiu

514 654 619 710 τῶν
641 648 848 731 ψήφων·
875 650 905 707 δ
923 645 978 705 δὲ
993 649 1245 707 ,τοσοῦτον
1267 642 1450 724 χρόνον
1470 643 1638 727 εἵρξας
1659 647 1750 704 καὶ
1766 643 2071 723 ἐπαναγκά·

517 742 616 809 ζων
633 736 848 819 γράφειν
872 733 1018 795 οὐδὲν
1040 731 1200 793 κακὸν
1226 732 1496 802 πέπονθεν,
1519 730 1656 790 ἀλλὰ
1677 728 1764 791 διὰ
1783 736 1953 789 ταῦτα
1980 752 2073 789 σε-

515 824 756 907 μνότερος
787 824 932 883 δοκεῖ
949 820 1040 881 καὶ
1067 818 1416 902 φοὸερώτερος
1447 810 1596 877 εἶναι.
1681 816 1788 877 Καὶ
1814 816 1944 899 πρὸς
1972 814 2069 894 μὲν

514 913 607 981 τὰς
628 912 793 979 ἄλλοις
806 911 982 977 πόλεις
999 912 1052 968 ἐν
1069 917 1175 976 τοῖς
1193 907 1474 985 συμὸόλοις
1494 903 1826 983 συντιθέμεθα
1847 903 1923 981 μὴ
1948 903 2072 973 ἐξεῖ-

479 1032 491 1042 ·
514 1024 599 1061 ναι
626 1000 746 1079 μήθ’
776 991 938 1081 εἶρξαι
975 996 1109 1076 μήτε
1143 998 1300 1069 δῆσαι
1329 994 1416 1055 τὸν
1459 993 1738 1074 ἐλεύθερον·
1777 993 1867 1051 ἐὰν
1896 991 1954 1051 δέ
1994 1016 2071 1061 τις

516 1088 732 1171 παραὸῇ
748 1133 765 1163 ,
790 1086 1025 1167 μεγάλην
1050 1082 1239 1162 ζημίαν
1265 1082 1351 1143 ἐπὶ
1376 1082 1571 1151 τούτοις
1594 1081 1791 1160 ἔθεμεν·
1813 1078 1998 1141 τούτου
2018 1078 2072 1140 δὲ

433 1202 489 1241 ao
511 1183 730 1239 τοιαῦτα
761 1173 1050 1257 πράξαντος
1072 1171 1318 1250 οὐδεμίαν
1342 1171 1504 1239 οὐδεὶς
1527 1169 1634 1229 οὔτ’
1670 1168 1804 1229 ἰδίαν
1827 1166 1944 1229 οὔτε
1974 1170 2069 1241 δη-

515 1264 704 1345 μοσίαν
731 1261 986 1344 τιμωρίαν
1010 1260 1251 1319 ποιεῖται.
1337 1258 1428 1341 (ιν)
1452 1257 1667 1334 Νομίζω
1692 1256 1748 1317 δὲ
1773 1256 1970 1329 ταύτην
1999 1246 2071 1315 εἰ·

511 1378 599 1414 ναι
621 1349 883 1433 σωτηρίαν
915 1349 1116 1422 ἅπασι,
1151 1346 1418 1409 πείθεσθαι
1450 1349 1556 1414 τοῖς
1592 1346 1813 1427 ἄρχουσι
1841 1344 1933 1405 καὶ
1967 1346 2073 1413 τοῖς

511 1442 702 1521 νόμοις·
726 1440 864 1507 ὅστις
883 1437 940 1497 δὲ
961 1440 1190 1519 ὑπερορᾷ
1214 1440 1381 1495 ταῦτα
1399 1480 1415 1513 ,
1441 1431 1534 1506 τὴν
1559 1433 1809 1513 μεγίστην
1833 1432 2069 1511 φυλακὴν

485 1526 489 1529 ’
512 1530 744 1613 ἀνῄρηκε
758 1532 850 1600 τῆς
867 1524 1086 1592 πόλεως’.
1172 1522 1350 1584 Δεινὸν
1376 1519 1471 1602 μὲν
1495 1512 1582 1580 οὖν
1606 1524 1716 1583 ἐστι
1731 1520 1822 1581 καὶ
1841 1521 1945 1581 ὑπὸ
1965 1525 2068 1581 τῶν

511 1617 830 1700 ἀγνοούντων
862 1613 929 1674 τὰ
959 1613 1136 1673 δίκαια
1161 1611 1384 1692 πάσχειν
1417 1614 1618 1684 κακῶς,
1653 1608 1788 1669 πολὺ
1815 1607 1870 1671 δὲ
1905 1612 2069 1691 χαλε-

507 1707 760 1787 πώτερον,
777 1702 902 1763 ὅταν
924 1726 1008 1783 τις·
1025 1698 1364 1777 ἐπιστάμενος
1385 1697 1451 1758 τὰ
1469 1697 1777 1780 διαφέροντα
1801 1698 2071 1779 παραὸαί-

507 1819 608 1855 νειν
628 1795 817 1875 τολμᾷ·
841 1794 1072 1873 φανερῶς
1099 1788 1200 1870 γὰρ
1221 1787 1559 1860 ἐνδείκνυται,
1578 1784 1760 1867 ὥσπερ
1779 1777 1951 1861 οὗτος,
1976 1788 2071 1846 οὐκ

431 1902 486 1946 35,
510 1882 661 1950 αὐτὸς
679 1889 785 1947 τοῖς
802 1878 973 1957 νόμοις
1001 1884 1107 1943 τοῖς
1129 1880 1221 1947 τῆς
1240 1874 1456 1950 πόλεως,
1477 1877 1594 1935 ἀλλ’
1617 1878 1753 1953 ὑμᾶς
1779 1881 1885 1941 τοῖς
1907 1878 2067 1935 αὑτοῦ

405 2006 410 2013 ·
476 2043 480 2047 Ι
507 1958 714 2052 τρόποις
737 1965 1038 2027 ἀκολουθεῖν
1060 1963 1236 2033 ἀξιῶν.

587 2078 660 2119 20.
706 2054 1068 2132 Ἐνθυμήθητε
1118 2048 1173 2111 δὲ
1219 2048 1482 2132 Ταυρέαν,
1525 2048 1579 2117 δς
1622 2049 1960 2131 ἀντιχορηγὸς
1998 2042 2064 2123 ἦν

477 2192 482 2197 -
507 2143 812 2224 Ἀλκιὸιάδῃ
841 2139 1010 2201 παισί.
1094 2137 1407 2206 Κελεύοντος
1433 2135 1487 2197 δὲ
1509 2144 1601 2198 τοῦ
1627 2136 1788 2216 νόμου
1825 2141 1928 2197 τῶν
1977 2160 2069 2220 χο-

509 2238 700 2319 ρευτῶν
724 2232 924 2313 ἐξάγειν
948 2229 1004 2290 δν
1031 2228 1092 2289 ἄν
1116 2252 1192 2297 τις
1221 2225 1474 2309 βούληται
1501 2225 1658 2301 ξένον,
1687 2226 2063 2307 ἀγωνιζόμενον

485 2326 600 2384 »οὔκ
617 2321 726 2392 ἐξὸν
743 2317 1150 2401 ἐπιχειρήσαντα
1175 2314 1420 2395 κωλύειν,
1446 2313 1675 2375 ἐναντίον
1693 2319 1836 2391 ὑμῶν
1852 2315 1943 2374 καὶ
1962 2319 2065 2375 τῶν

476 2410 681 2476 ςᾶλλων
717 2407 985 2480 Ἑλλήνων
1013 2409 1116 2466 τῶν
1165 2402 1490 2485 θεωρούντων
1528 2401 1619 2461 καὶ
1645 2404 1747 2461 τῶν
1797 2400 2065 2483 ἀρχόντων

475 2528 494 2559 ·.
508 2498 754 2558 ἁπάντων
769 2495 1040 2578 παρόντων
1065 2496 1195 2573 ἐντῇ
1216 2492 1367 2551 πόλει
1390 2488 1594 2551 τύπτων
1615 2489 1864 2563 ἐξήλασεν
1889 2491 2065 2567 αὐτόν,

481 2614 484 2618 ·
505 2587 598 2647 καὶ
620 2591 722 2646 τῶν
751 2589 946 2646 θεατῶν
966 2578 1495 2664 συμφιλονεικούντων
1521 2578 1702 2658 ἐκείνῳ
1723 2578 1814 2638 καὶ
1843 2579 2063 2656 μισούν-

424 2692 484 2734 40
505 2700 608 2737 των
633 2682 831 2748 τοῦτον,
855 2671 990 2732 ὥστε
1026 2674 1130 2729 τῶν
1153 2673 1324 2751 χορῶν
1347 2668 1435 2728 τὸν
1464 2667 1559 2747 μὲν
1585 2667 1952 2743 ἐπαινούντων,
1973 2674 2066 2729 τοῦ

470 2779 487 2813 ·'
508 2766 556 2825 δ’
595 2761 953 2844 ἀκροάσασθαι
981 2762 1074 2820 οὔκ
1107 2758 1404 2832 ἐθελόντων,
1438 2756 1582 2817 οὐδὲν
1602 2757 1780 2816 πλεῖον
1824 2756 2063 2845 ἔπραξεν·

478 2874 488 2882 ·
508 2855 596 2935 (21)
625 2851 762 2911 ἀλλὰ
778 2854 880 2910 τῶν
905 2852 1093 2930 κριτῶν
1114 2846 1275 2925 οἱμὲν
1297 2845 1623 2928 φοὸούμενοι,
1643 2849 1691 2906 οἱ
1712 2844 1768 2905 δὲ
1784 2846 2069 2927 χαριζόμε-

505 2964 584 3001 νοι
611 2948 761 2998 νικᾶν
787 2938 992 3019 ἔκριναν
1016 2934 1190 3010 αὐτόν,
1215 2936 1336 3017 περὶ
1362 2935 1628 3001 ἐλάττονος
1659 2934 1958 3012 ποιούμενοι
1980 2933 2067 2995 τὸν

476 3028 657 3109 ’ὅρκον
689 3025 724 3099 ἢ
763 3032 964 3086 τοῦτον.
1046 3022 1280 3091 Εἰκότως
1321 3022 1376 3083 δέ
1407 3045 1496 3103 μοι
1533 3024 1768 3083 δοκοῦσιν
1809 3026 1857 3082 οἱ
1893 3023 2068 3107 κριταὶ

506 3116 827 3198 ὑπέρχεσθαι
849 3110 1180 3184 Ἀλκιὸιάδην
1205 3115 1421 3193 ὁρῶντες
1447 3110 1690 3193 Ταυρέαν
1718 3108 1948 3171 τοσαῦτα
1974 3110 2069 3193 μὲν

506 3205 760 3288 χρήματα
780 3200 1125 3261 ἀναλώσαντα
1145 3198 1686 3283 προπηλακιζόμενον,
1711 3200 1798 3259 τὸν
1823 3199 1876 3259 δὲ
1901 3205 2070 3277 τοιαῦ·

404 3309 474 3359 32
507 3309 574 3345 τα
595 3287 998 3366 παρανομοῦντα
1023 3280 1265 3359 μέγιστον
1279 3280 1578 3357 δυνάμενον.
1639 3277 1809 3340 Ainos
1829 3277 1884 3337 δὲ
1904 3283 2069 3358 ὑμεῖς,

507 3376 566 3434 οὐ
597 3369 976 3454 τιμωρούμενοι
1003 3366 1120 3436 τοὺς
1145 3366 1474 3449 ὑὸρίζοντας,
1509 3366 1601 3426 καὶ
1626 3366 1745 3435 τοὺς
1777 3366 1873 3446 μὲν
1899 3366 2068 3451 λάθρᾳ

510 3464 811 3527 ἀδικοῦντας
837 3456 1166 3531 κολάζοντες,
1191 3454 1310 3525 τοὺς
1333 3456 1388 3516 δὲ
1411 3458 1643 3538 φανερῶς
1665 3455 2068 3536 ἀσελγαίνοντας

508 3548 874 3628 θαυμάζοντες.
918 3546 1006 3623 (22)
1029 3544 1309 3627 Τοιγάρτοι
1328 3548 1430 3603 τῶν
1455 3543 1582 3603 νέων
1607 3546 1662 3603 αἱ
1687 3542 1951 3626 διατριὸαὶ
1974 3548 2069 3605 οὔκ

509 3644 562 3701 ἐν
581 3640 685 3708 τοῖς
706 3634 1034 3717 γυμνασίοις,
1064 3634 1183 3693 ἀλλ’
1211 3638 1266 3693 ἐν
1299 3637 1405 3701 τοῖς
1439 3631 1786 3716 δικαστηρίοις
1815 3634 1912 3694 εἰσί
1929 3679 1948 3712 ,
1977 3634 2069 3695 καὶ

509 3726 880 3813 στρατεύονται
894 3722 989 3803 μὲν
1007 3726 1056 3783 οἱ
1074 3722 1432 3805 πρεσὸύτεροι,
1445 3724 1797 3803 δημηγοροῦσι
1813 3722 1866 3782 δὲ
1887 3724 1935 3782 οἳ
1950 3722 2070 3782 νεώ·

443 3834 470 3873 ι
503 3842 672 3901 τεροι,
695 3813 1088 3897 παραδείγματι
1114 3809 1284 3894 τούτῳ
1330 3810 1620 3895 χρώμενοι,
1661 3812 1714 3880 ὃς
1744 3810 2067 3885 τηλικαύτας

507 3914 730 3965 ποιεῖται
747 3908 850 3964 τῶν
875 3900 1277 3983 ἁμαρτημάτων
1305 3899 1594 3982 ὑπερὸολάς
1609 3945 1626 3980 ,
1648 3898 1784 3960 ὥστε
1808 3899 1931 3981 περὶ
1964 3903 2067 3959 τῶν

507 3992 728 4067 Μηλίων
776 3989 992 4072 γνώμην
1057 3988 1453 4071 ἀποφηνάμενος
1518 3986 2067 4070 ἐξανδραποδίζεσθαι,

505 4081 788 4164 πριάμενος
817 4082 1040 4160 γυναῖκα
1057 4082 1162 4138 τῶν
1182 4075 1534 4158 αἰχμαλώτων
1570 4075 1678 4135 υἱὸν
1709 4074 1762 4145 ἐξ
1787 4076 1948 4149 αὐτῆς
1974 4100 2069 4136 πε-

505 4171 721 4246 ποίηται
735 4216 752 4247 ,
781 4170 834 4238 ὃς
855 4168 1086 4250 τοσούτῳ
1101 4167 1553 4251 παρανομωτέρωέ
1567 4166 1817 4243 Αἰγίσθου
1835 4166 2041 4246 γέγονεν
2053 4211 2070 4241 ,

505 4260 631 4321 ὥστ’
654 4263 714 4320 ἐκ
740 4263 842 4319 τῶν
869 4256 1117 4339 ἐχθίστων
1144 4256 1390 4329 ἀλλήλοις
1415 4255 1631 4338 πέφυκε,
1658 4253 1750 4314 καὶ
1772 4257 1873 4314 τῶν
1893 4256 2069 4314 οἰκειο-

507 4349 676 4408 τάτων
701 4346 928 4427 ὑπάρχει
956 4347 1099 4426 αὐτῷ
1122 4342 1190 4403 τὰ
1217 4343 1420 4424 ἔσχατα
1445 4343 1562 4410 τοὺς
1587 4342 1681 4422 μὲν
1705 4341 2068 4417 πεποιηκέναι,

487 4429 622 4503 ’τοὺς
643 4434 697 4494 δὲ
718 4431 1048 4493 πεπονθέναι.
1103 4429 1274 4501 Ἄξιον
1293 4432 1349 4491 δὲ
1375 4430 1468 4504 τὴν
1488 4432 1688 4511 τόλμαν
1714 4432 1870 4491 αὐτοῦ
1899 4430 2065 4513 σαφέ-

431 4538 482 4578 ιι)
509 4547 686 4604 στερον
706 4521 783 4581 ἔτι
805 4522 1038 4582 διελθεῖν.
1126 4522 1216 4602 (23)
1235 4522 1337 4582 Ἐκ
1357 4518 1548 4593 ταύτης
1565 4520 1668 4602 γὰρ
1686 4522 2069 4580 παιδοποιεῖται

506 4617 598 4684 τῆς
618 4609 884 4689 γυναικός,
904 4610 968 4681 ἣν
997 4612 1109 4669 ἀντ’
1134 4610 1401 4691 ἐλευθέρας
1424 4610 1609 4684 δούλην
1638 4607 1955 4683 κατέστησε,
1978 4608 2069 4668 καὶ

488 4690 567 4771 Ὺἧς
589 4699 677 4759 τὸν
713 4698 917 4779 πατέρα
945 4696 1166 4766 καὶτοὺς
1185 4692 1542 4779 προσήκοντας
1574 4696 1873 4771 ἀπέκτεινε,
1895 4698 1988 4756 καί
2008 4691 2070 4771 ἧς

506 4787 600 4861 τὴν
628 4787 780 4846 πόλιν
801 4785 1089 4868 ᾆνάστατον
1109 4786 1393 4865 πεποίηκεν
1407 4788 1486 4861 ,ὣς
1503 4784 1564 4846 ἂν
1578 4786 1818 4865 ,μάλιστα
1845 4784 1931 4844 τὸν
1958 4785 2066 4845 υἱὸν

506 4877 689 4959 ἐχθρὸν
708 4879 879 4956 ἑαυτῷ
899 4872 988 4935 καὶ
1003 4880 1069 4957 τῇ
1084 4872 1233 4945 πόλει
1251 4875 1502 4948 ποιήσειε·
1523 4876 1800 4943 τοσαύταις
1817 4874 2068 4955 ἀνάγκαις

507 4964 856 5036 κατείληπται
883 4969 1070 5042 μισεῖν.
1153 4966 1293 5027 Ἀλλ’
1321 4966 1466 5042 ὑμεῖς
1493 4966 1546 5023 ἐν
1585 4963 1679 5043 μὲν
1709 4968 1821 5033 ταῖς
1859 4987 2064 5048 τραγῳ·

479 5114 486 5122 ,
510 5055 641 5123 δίαις
662 5056 876 5115 τοιαῦτα
901 5058 1203 5135 θεωροῦντες
1225 5056 1368 5119 δεινὰ
1389 5053 1648 5132 νομίζετε,
1673 5057 1925 5133 γινόμενα
1944 5056 1988 5115 δ’
2012 5060 2065 5116 ἐν

428 5165 490 5205 ia·
509 5147 575 5224 τῇ
602 5142 753 5203 πόλει
771 5144 986 5223 ὁρῶντες
1008 5141 1150 5203 οὐδὲν
1170 5142 1476 5225 φροντίζετε.
1560 5143 1750 5205 Καίτοι
1775 5146 1945 5203 ἐκεῖνα
1971 5143 2065 5222 μὲν

2130 692 2137 697 .
2160 654 2421 708 coercitum
2442 651 2725 703 detinuisset
2738 655 2887 717 atque
2904 652 3101 717 Ρῶμε
3110 652 3363 735 ῳθῧῑὸὓθῐι
3378 636 3538 703 Μὲῦ
3553 654 3687 719 impu·

2160 753 2273 791 nem
2290 740 2423 791 abire
2438 741 2586 805 atque
2604 753 2663 807 eo
2684 740 2787 804 ipso
2808 740 3269 803 magnificentiorem
3296 739 3457 790 videri
3472 742 3691 805 magisque
3783 772 3784 799 ÷

2160 827 2527 880 formidandum.
2594 829 2656 879 Et
2670 828 2870 892 reliquis
2890 827 3085 892 quidem
3103 828 3380 881 civitatibus
3388 863 3407 889 ‚
3434 828 3689 891 quibuscum
3783 836 3784 869 ἑ

2158 915 2340 979 dejure
2353 916 2751 967 commerciorum
2766 918 2907 980 pacta
2914 916 3107 981 inimus,
3118 918 3379 981 recipimus
3392 916 3619 969 hominem
3628 919 3691 969 in-
3783 926 3784 931 ’

2158 1018 2369 1069 genuum
2382 1018 2541 1069 neque
2552 1005 2601 1055 in
2620 1002 2890 1055 custodiam
2908 1018 3069 1069 neque
3086 1004 3353 1055 in-vincula
3364 1003 3689 1070 dandumesse;

2160 1106 2307 1157 quam
2334 1093 2488 1156 legem
2506 1093 2593 1157 qui
2622 1092 2826 1157 migret,
2846 1094 2891 1144 ei
2914 1094 3083 1156 ingens
3102 1093 3289 1145 mulcta
3310 1094 3617 1157 proponitur:
3642 1097 3693 1146 ab

2162 1182 2256 1232 hoc
2274 1183 2441 1232 autem
2471 1180 2743 1245 Alcibiade,
2768 1194 3047 1247 quanquam
3070 1181 3162 1232 ista
3177 1181 3421 1245 patravit,
3436 1194 3581 1233 -nemo
3610 1196 3693 1247 ρω-
3783 1228 3784 1255 3

2160 1282 2273 1321 nam
2297 1282 2457 1334 neque
2479 1270 2705 1334 privatim
2728 1282 2888 1335 neque
2900 1271 3096 1335 publice
3114 1271 3305 1335 repetit.
3350 1270 3475 1333 (1⁰)
3492 1274 3582 1333 Ego
3596 1285 3693 1323 veto
3782 1262 3784 1325 ἶ

2157 1357 2361 1425 salutem
2382 1358 2599 1408 omnium
2620 1370 2679 1409 eo
2696 1357 2928 1408 contineri
2946 1360 3098 1421 puto,
3120 1358 3177 1408 ut
3200 1358 3557 1421 magistratibus
3570 1362 3712 1425 atque-
3782 1358 3784 1399 1

2159 1444 2343 1509 legibus
2376 1446 2507 1497 cives
2530 1448 2728 1510 pareant
2750 1466 2761 1497 ε
2786 1459 2907 1509 quaa
2940 1446 3024 1509 qui
3050 1445 3318 1496 contemnit
3334 1481 3351 1508 ,
3394 1445 3693 1498 firmissimum
3783 1456 3784 1475 ³

2160 1533 2369 1585 destruit
2396 1534 2605 1586 civitatis
2626 1535 2920 1599 praesidium.
2954 1534 3192 1587 Acerbum
3214 1546 3409 1598 semper
3436 1536 3510 1585 est
3536 1536 3693 1587 malum

2156 1623 2375 1686 accipere
2408 1623 2488 1673 vel
2512 1623 2575 1673 ab
2604 1623 2661 1673 iis
2681 1624 2768 1687 qui
2796 1623 2909 1686 jnra
2934 1623 3183 1673 nesciant:
3222 1622 3382 1672 multo
3400 1623 3559 1673 autem
3578 1638 3693 1675 acar-
3782 1634 3784 1659 2

2158 1711 2267 1764 hius
2290 1712 2391 1773 est,
2412 1713 2453 1761 si
2478 1710 2589 1775 quis
2609 1712 2763 1762 sciens
2786 1724 2845 1761 ea
2862 1724 2976 1774 quae
3000 1722 3189 1761 summa
3210 1709 3395 1774 cuique
3412 1712 3525 1761 sunt
3539 1711 3697 1769 violare

2157 1800 2310 1863 ausit3
2362 1800 2403 1850 is
2454 1799 2581 1848 enim
2620 1799 2777 1863 palam
2823 1798 3108 1861 denuntiat,
3160 1797 3571 1862 quemadmodum
3602 1800 3692 1864 hic,

2156 1900 2354 1951 nquam
2376 1900 2429 1937 se
2450 1887 2751 1949 existimare,
2770 1900 2868 1937 non
2891 1890 2950 1937 ut
2976 1886 3079 1950 ipse
3101 1886 3269 1950 patria».
3282 1886 3472 1950 legibus
3488 1886 3693 1940 obsecun-
3782 1948 3784 1951 Α

2164 1976 2276 2038 det,
2300 1975 2385 2026 sed
2410 1976 2467 2025 ut
2484 1988 2573 2025 voa
2593 1974 2780 2027 libidini
2796 1988 2899 2025 sure
2915 1974 3153 2025 serviatis.

2220 2068 2299 2113 20.
2333 2063 2573 2113 Praeterea
2592 2066 2796 2113 Taureae
2814 2074 2979 2113 casum
3008 2063 3235 2126 reputate
3248 2101 3264 2127 ,
3282 2062 3372 2126 qui
3390 2062 3697 2129 antieaomgm
3782 2048 3784 2105 5

2160 2151 2396 2208 Alcibiadi
2415 2151 2525 2202 fuit.
2546 2152 2736 2203 Etenim
2750 2164 2901 2215 quum
2917 2151 2998 2202 lex
3012 2150 3357 2201 choreutarum
3368 2153 3695 2215 peregrinorum

2158 2254 2306 2306 quem
2338 2243 2447 2305 quia
2474 2240 2595 2291 velit
2616 2240 2678 2290 ab
2698 2240 2945 2290 orchestra
2966 2238 3159 2290 arcendi
3179 2237 3381 2302 quidem
3404 2240 3586 2289 veniam
3600 2240 3693 2303 det,

2152 2326 2254 2390 iam
2268 2328 2534 2378 certantem
2546 2328 2709 2377 autem
2726 2340 2823 2377 non
2836 2326 2963 2377 sinat
2978 2326 3028 2383 vi
3046 2327 3260 2378 adhibita
3272 2328 3515 2391 prohiberi
3527 2347 3543 2393 ς
3556 2330 3695 2380 tamen

2160 2414 2436 2483 Alcibiades
2476 2416 2590 2466 ante
2627 2414 2793 2465 oculos
2812 2416 3003 2465 vestros
3034 2416 3407 2479 ceterommque
3446 2419 3694 2467 Graecoruia

2156 2505 2483 2568 spectatorum
2496 2541 2511 2567 ,
2544 2515 2825 2567 quanquam
2842 2504 3098 2556 archontes
3114 2517 3282 2555 omnes
3298 2504 3353 2555 in
3366 2505 3487 2556 urbe
3504 2505 3693 2569 aderant,

2156 2592 2444 2643 verberibus
2479 2596 2719 2644 Tauream
2744 2604 2773 2642 e
2795 2604 2939 2642 scena
2969 2591 3188 2657 ›expulit3
3228 2592 3313 2642 hie
3354 2606 3472 2643 vero
3484 2630 3499 2657 ,
3532 2594 3694 2644 etiamsi

2154 2682 2424 2746 epectantes
2442 2684 2643 2733 Taureoe
2655 2680 2872 2731 faverent
2889 2681 2939 2731 et
2957 2679 3250 2733 Alcibiadem
3268 2681 3507 2744 odissent,
3526 2684 3574 2732 et
3588 2682 3696 2733 illius

2158 2768 2353 2834 quidem
2370 2768 2629 2829 laudarent
2644 2768 2845 2819 chorum
2858 2804 2875 2831 ‚
2894 2768 3043 2830 hujus
3061 2781 3176 2819 vero
3194 2768 3364 2819 audire
3380 2769 3581 2831 nollent,
3594 2770 3693 2819 nihil

2156 2859 2320 2909 tamen
2338 2857 2449 2908 inde
2464 2856 2699 2921 profecit:
2767 2857 2867 2921 (²1)
2894 2870 3007 2907 nam
3022 2856 3242 2920 judices,
3259 2858 3443 2920 partim
3468 2859 3597 2908 metu
3621 2858 3695 2907 Al·

2156 2944 2353 2995 cibiadis
2364 2979 2381 3009 ‚
2399 2944 2573 3008 partim
2592 2944 2745 3008 gratia
2759 2980 2774 3006 ,
2789 2944 3025 2995 victorem
3038 2957 3153 2995 eum
3169 2944 3503 3007 declararunt,
3522 2945 3693 2995 minoris

2156 3034 2383 3085 facientes
2393 3031 2731 3096 ,iusiurandum
2746 3044 2889 3083 suum
2915 3044 3063 3096 quam
3082 3032 3398 3083 Alcibiadem.
3460 3032 3594 3083 Haud
3614 3032 3686 3081 ab·
3782 3060 3784 3063 <

2156 3121 2301 3173 surde
2318 3122 2449 3171 enim
2469 3124 2683 3185 statuere
2700 3121 2819 3172 mihi
2843 3121 3015 3172 videor
3026 3120 3215 3184 iudices
3234 3122 3443 3185 gratiam
3465 3120 3691 3171 Alcibiadis

2157 3210 2391 3261 eblandiri
2412 3210 2650 3273 voluisse,
2690 3208 2909 3260 videntes
2930 3214 3181 3261 Tauream
3216 3208 3418 3273 quidem
3442 3212 3547 3274 post
3577 3211 3691 3259 tanta

2156 3311 2364 3362 expensa
2380 3298 2610 3349 affectum
2625 3298 2945 3360 contumelia,
2967 3298 3174 3348 alterum
3193 3311 3309 3348 vero
3324 3298 3379 3347 in
3404 3299 3536 3347 tanto
3556 3297 3691 3360 legum

2158 3388 2440 3450 contemptu
2464 3399 2656 3437 summa
2672 3385 2959 3449 gaudentem
2990 3387 3242 3449 potestate.
3306 3387 3465 3450 Culpa
3488 3387 3552 3436 rei
3568 3400 3691 3449 peaes

2157 3490 2244 3527 vos
2260 3477 2358 3539 est,
2378 3475 2461 3539 qui
2480 3475 2751 3539 petulantes
2770 3475 2924 3538 poenis
2954 3488 3051 3525 nou
3074 3476 3333 3538 coercetis,
3350 3474 3439 3539 qui
3459 3476 3577 3524 elam
3594 3474 3690 3537 quid
3783 3506 3784 3517 2

2158 3565 2411 3626 peccantes
2423 3560 2672 3627 *castigatis
2686 3597 2701 3623 ,
2719 3560 2877 3623 palam
2894 3561 3059 3611 autem
3076 3560 3381 3611 lascivientes
3398 3560 3688 3611 admiramini.
3783 3560 3784 3573 ²

2166 3651 2264 3716 (22)
2297 3650 2421 3702 Hinc
2454 3649 2511 3700 fit
2540 3650 2599 3699 ut
2628 3648 2951 3699 adolescentes
2976 3647 3218 3711 habitent,
3254 3661 3355 3699 non
3378 3649 3427 3698 in
3444 3648 3688 3712 gymnasiis,

2156 3736 2243 3789 aed
2262 3738 2314 3788 in
2331 3736 2669 3799 tribunalibus,
2686 3739 2743 3788 ut
2758 3736 2968 3797 seniores
2985 3737 3161 3787 iaciant
3176 3736 3399 3809 militiam
3411 3774 3427 3800 ,
3437 3736 3635 3800 juniores
3650 3736 3691 3785 in
3783 3756 3784 3763 ν

2156 3826 2261 3877 soro
2278 3824 2641 3889 concionentur,
2660 3824 2883 3888 exemplo
2900 3826 3089 3875 utentes
3110 3824 3383 3888 Alcibiadis,
3398 3825 3481 3889 qui
3496 3836 3690 3875 errorum

2156 3913 2340 3965 insania
2360 3912 2481 3965 adeo
2505 3914 2649 3976 furit,
2668 3913 2726 3963 ut
2743 3948 2759 3974 ‚
2792 3915 3048 3977 postquam
3074 3912 3175 3976 ipse
3208 3914 3515 3977 persuasisset
3546 3912 3691 3963 Melina

2156 4015 2246 4067 pro
2276 4002 2523 4067 mancipiis
2558 4000 2833 4053 vendendos
2862 4015 2991 4065 esse,
3027 4002 3279 4052 mulierem
3316 4015 3347 4051 e
3386 4001 3584 4065 captivis
3612 3999 3689 4049 sihi

2158 4091 2340 4142 emeret
2360 4090 2611 4154 filiumque
2627 4103 2691 4140 ex
2712 4102 2769 4141 ca
2784 4090 2994 4155 gigneret
3007 4125 3021 4151 ‚
3042 4090 3181 4153 qu’us
3200 4090 3387 4141 natales
3406 4089 3551 4152 magis
3562 4087 3687 4137 etiam

2156 4191 2303 4242 quam
2338 4177 2537 4241 AEgiathi
2569 4177 2684 4227 olim
2706 4180 2843 4228 erant
2872 4176 3117 4240 nerandae3
3140 4190 3254 4228 nam
3292 4190 3355 4228 ex
3390 4174 3687 4227 infensissimis

2156 4266 2245 4318 sibi
2276 4266 2552 4330 parentibus
2571 4268 2715 4317 natus
2744 4268 2847 4327 est,
2878 4268 3027 4330 atque
3056 4265 3471 4329 conjunctissimos
3504 4262 3585 4327 ipsi
3614 4274 3686 4333 eos

2157 4355 2330 4418 hahet,
2352 4367 2560 4419 quorum
2578 4354 2700 4404 alter
2716 4354 2907 4416 intulit,
2936 4354 3089 4405 altera
3116 4366 3255 4418 passa
3280 4355 3356 4408 est
3376 4354 3605 4403 extremas
3622 4350 3686 4399 in·

2152 4444 2321 4506 jurias.
2340 4442 2435 4494 Sed
2452 4455 2613 4506 operm
2623 4443 2831 4507 pretium
2850 4444 2923 4493 aet
2954 4428 3273 4493 temeritatem
3298 4441 3425 4491 hanc
3458 4437 3687 4491 Alcibiadis
3782 4474 3784 4485 ,

2155 4532 2301 4583 etiam
2322 4530 2543 4581 disertius
2560 4544 2815 4595 exponere.
2882 4532 2981 4595 (23)
2996 4530 3201 4583 scilicet
3226 4530 3379 4581 tilium
3410 4543 3472 4581 ex
3502 4540 3554 4579 ca
3586 4539 3685 4590 pro·

2156 4621 2287 4671 creat
2304 4620 2525 4681 muliere,
2547 4633 2697 4683 quam
2732 4633 2793 4671 ex
2814 4621 3021 4683 ingenua
3036 4632 3227 4679 servam
3246 4619 3452 4680 fecerat,
3476 4616 3605 4678 cnjus
3618 4626 3684 4677 pa·

2154 4708 2278 4760 trem
2300 4708 2685 4771 necessariosque
2702 4708 2969 4769 occiderat,
2998 4707 3139 4775 cujus
3173 4704 3599 4772 denique-patriam
3618 4702 3713 4751 ‹le--

2153 4796 2409 4847 celaverat.
2490 4797 2857 4856 Quammaxime
2880 4797 3021 4860 igitur
3040 4798 3413 4849 consentaneum
3436 4793 3581 4843 silium
3608 4802 3685 4839 aa·

2153 4884 2388 4935 sciturum
2406 4887 2457 4935 et
2476 4884 2567 4948 ipsi
2580 4886 2631 4935 et
2651 4884 2765 4935 huic
2778 4885 2959 4935 civitati
2982 4884 3365 4946 infestissuuum,
3382 4894 3530 4946 quum
3539 4879 3611 4930 tot
3619 4890 3685 4927 nc·

2155 4974 2455 5027 cessitatihus
2480 4974 2579 5026 odii
2602 4974 2889 5025 constrictus
2920 4976 3181 5025 teneretur.
3250 4974 3311 5023 At
3326 4972 3454 5022 enim
3479 4980 3589 5020 vero
3608 4966 3684 5015 vos

2152 5062 2270 5114 talia
2284 5064 2462 5115 scelera
2475 5064 2526 5114 in
2551 5063 2793 5127 tragoediis
2808 5065 3075 5127 spectantes
3090 5062 3273 5114 atrocia
3284 5060 3483 5123 ducitis;
3504 5068 3681 5109 cernen-

2128 5198 2135 5205 .
2153 5154 2225 5205 tes
2246 5154 2409 5205 autem
2426 5152 2515 5218 ipsi
2535 5166 2687 5218 quum
2705 5152 2832 5203 intra
2846 5151 3021 5203 nioenia
3034 5154 3197 5203 vestra
3212 5150 3357 5213 fiunt,
3375 5146 3505 5215 pensi
3520 5158 3607 5197 non
3622 5144 3681 5193 sa·

499 5230 602 5289 οὗκ
629 5229 942 5304 ἐπίστασθε,
961 5227 1175 5313 πότερον
1215 5230 1351 5309 οβτω
1385 5230 1662 5313 γεγένηται
1695 5231 1734 5307 ἢ
1763 5231 2065 5294 πέπλασται
2130 5242 2278 5298 ,citis.
2317 5247 2606 5308 Quanquam
2640 5242 2721 5293 illa
2752 5256 2815 5295 ue
2840 5242 2991 5297 nostis
3022 5240 3219 5306 quidem
3252 5250 3429 5291 veram
3453 5250 3513 5287 an
3532 5234 3682 5285 fictu
