3825 5842
1373 408 1594 497 isoes
1602 431 1774 495 A'rrs
1794 407 2323 495 'imma-ricus.

978 577 1071 629 ¹9.

755 714 1271 776 ΑΙΓΙΝΗΤΙΚΟΣ.

3354 446 3467 499 289

2630 573 2719 627 19.

2426 706 2930 770 AEGINETICUS.

303 839 584 921 Ἐνόμιζον
634 841 753 922 μέν,
801 831 848 903 ὦ
893 842 1076 923 ἄνδρες
1116 845 1424 920 Αἷγῐνῆταῑ,
1459 842 1596 902 οὕτω
1633 844 1809 911 καλῶς
1826 846 1873 910 b
1960 860 2213 919 Putabam,
2240 861 2333 911 viri
2372 860 2629 923 AEginerae,
2666 860 3049 923 Thrasylochum
3088 862 3191 913 suis
3216 862 3362 913 rebus
3394 862 3467 913 ita

226 932 608 1010 βεὸουλεῧσθαι
631 931 878 1013 περὶτῶν
905 934 1092 992 ἑαυτοῦ
1121 930 1494 1012 Θρασύλοχον,
1528 930 1666 991 ὥστε
1699 957 1807 1011 μη-

226 1021 328 1081 δέν’
357 1022 422 1081 ἄν
459 1024 578 1081 ποτ’
610 1022 774 1079 ἐλθεῖν
814 1018 1022 1079 ἐναντία
1072 1019 1338 1102 πράξοντα
1378 1021 1493 1088 ταῖς
1533 1020 1806 1093 διαθήκαις

224 1102 308 1179 αἶς
325 1112 540 1177 ἐκεῖνοις
561 1106 840 1168 κατέλιπεν
851 1132 866 1146 ·
895 1105 1076 1179 ἐπειδὴ
1091 1106 1148 1167 δὲ
1165 1109 1271 1175 τοῖς
1285 1109 1565 1177 ἀντιδίκοις
1583 1108 1801 1183 τοιαύτη

169 1226 196 1263 s
223 1198 414 1281 γνώμη
457 1198 790 1280 παρέστηκεν
821 1195 958 1256 ὥστε
983 1196 1076 1257 καὶ
1101 1195 1230 1279 πρὸς
1265 1195 1428 1265 οὕτως
1459 1197 1679 1277 ἐχούσας
1704 1200 1799 1257 αὖ·

220 1286 318 1356 τὰς
341 1286 718 1370 άμφισὸητεῖν,
747 1284 1047 1365 ἀναγκαίως
1069 1284 1182 1367 ἔχει
1201 1290 1328 1367 παρ’
1358 1290 1505 1365 ὓμῶν
1519 1291 1800 1362 πειρᾶσθαι

219 1380 328 1435 τῶν
365 1375 582 1435 δικαίων
629 1374 930 1454 τυγχάνειν.
1014 1372 1083 1456 (a)
1131 1374 1446 1435 Τοῦναντίον
1481 1373 1536 1433 δὲ
1565 1374 1800 1434 πέπονθα
1833 1405 1870 1447 0

220 1466 332 1532 τοῖς
349 1464 614 1532 πλείστοις
643 1467 746 1523 τῶν
783 1460 1091 1546 ἀνθρώπων.
1174 1461 1313 1531 Τοὺς
1357 1461 1452 1541 μὲν
1479 1463 1580 1544 γὰρ
1609 1462 1799 1531 ἄλλους

222 1554 332 1633 ὁρῶ
353 1552 602 1631 χαλεπῶς
629 1548 906 1634 φέροντας,
945 1550 1070 1614 ὅταν
1100 1549 1290 1619 ἀδίκως
1315 1551 1436 1632 περί
1462 1575 1597 1620 τινος
1623 1552 1800 1611 κινδυ-

145 1663 196 1704 ιο
219 1641 472 1701 νεύωσιν·
501 1640 606 1721 ἐγὼ
643 1641 687 1699 δ’
717 1640 892 1720 ὀλίγου
923 1640 1021 1700 δέω
1047 1640 1204 1722 χάριν
1233 1639 1372 1721 ἔχειν
1402 1638 1602 1708 τούτοις
1628 1639 1707 1698 ὅτι
1731 1664 1799 1718 με

1893 962 2026 1013 recte
2042 961 2368 1023 consuluisse,
2392 964 2446 1009 ut
2460 972 2603 1009 nemo
2624 972 2837 1022 unquam
2868 958 3171 1011 adventurus
3204 964 3365 1021 esset,
3386 958 3474 1023 qul

1893 1061 2266 1122 testamentum,
2298 1058 2428 1123 quod
2454 1060 2495 1108 is
2520 1059 2733 1122 reliquit,
2751 1060 3064 1123 oppugnaret.
3130 1061 3293 1118 Quum
3312 1062 3477 1110 autem

1892 1158 2185 1209 adversariis
2208 1158 2302 1207 boc
2324 1157 2526 1207 omnino
2545 1155 2869 1207 deliberatum
2890 1156 2955 1207 sit
2980 1157 3295 1221 quantumvis
3327 1156 3477 1222 probe

1889 1256 2164 1307 consectum
2200 1261 2357 1307 tamen
2388 1260 2630 1319 evertere,
2654 1255 2861 1319 experiri
2897 1268 3060 1319 cogor,
3100 1268 3161 1305 an
3204 1255 3334 1319 apud
3384 1268 3472 1305 vos

1892 1366 2055 1403 meum
2069 1352 2152 1415 jus
2170 1366 2345 1417 queam
2368 1351 2589 1416 adipisci.
2657 1350 2726 1415 (2)
2750 1355 2912 1415 Longe
2927 1365 2989 1401 au
2998 1356 3094 1402 tem
3118 1352 3257 1401 aliter
3268 1350 3479 1402 allectus

1893 1460 2035 1508 sum,
2055 1460 2200 1511 quam
2243 1446 2461 1511 plerique
2486 1445 2731 1497 mortales.
2800 1449 2923 1498 Nam
2948 1447 3069 1497 alios
3104 1447 3313 1509 graviter
3354 1446 3479 1497 serre

1888 1540 2058 1603 video,
2082 1542 2121 1591 si
2145 1554 2243 1605 qua
2273 1541 2334 1591 de
2354 1554 2405 1591 re
2429 1554 2513 1605 per
2549 1540 2773 1603 iniuriam
2812 1541 2863 1591 in
2905 1542 3171 1605 periculum
3199 1546 3467 1593 vocantur:

1888 1651 1981 1700 ego
2013 1650 2127 1687 vero
2156 1650 2257 1687 nou
2290 1638 2499 1687 multum
2525 1637 2699 1687 absum
2733 1637 2851 1701 quin
2878 1636 2987 1687 istis
3016 1638 3216 1701 gratiani
3246 1637 3477 1699 habeam,

121 1732 298 1798 3855.st
324 1729 529 1791 τουτονὶ
550 1728 638 1789 τὸν
660 1731 838 1806 ἀγῶνα
867 1728 1220 1803 κατέστησαν.
1305 1729 1541 1810 Ἀκρίτρυ
1572 1727 1666 1808 μὲν
1698 1728 1801 1812 γὰρ
1825 1743 1861 1785 a
1889 1730 2024 1795 quod
2046 1730 2165 1782 mihi
2188 1731 2322 1781 litem
2353 1731 2477 1781 hanc
2495 1730 2823 1783 intenderunt.
2884 1732 2987 1782 Nisi
3010 1733 3139 1783 enim
3173 1746 3249 1783 res
3284 1732 3333 1782 in
3351 1731 3478 1795 judi·

221 1818 369 1887 ὄντος
391 1825 481 1878 τοῦ
510 1817 822 1899 πράγματος
848 1821 943 1878 οὐκ
963 1817 1026 1877 ἂν
1046 1818 1332 1891 ἠπίστασθ’
1354 1817 1529 1886 ὁποῖός
1548 1842 1626 1887 τις
1651 1842 1801 1899 γεγε-

225 1906 450 1984 νημένος
471 1906 594 1987 περὶ
625 1906 714 1966 τὸν
741 1905 1153 1979 τετελευτηκότα
1184 1908 1506 1986 κληρονόμος
1541 1908 1650 1985 εἰμὶ
1698 1912 1801 1967 τῶν

226 1996 454 2056 ἐκείνου·
477 1994 762 2073 πυθόμενοι
789 1996 846 2055 δὲ
865 1994 934 2055 τὰ
959 1993 1262 2077 πραχθέντα
1289 1995 1481 2064 πάντες
1505 1994 1694 2056 sicco-0⁹
1722 1996 1802 2056 ὅτι

147 2110 198 2149 1⁶
227 2082 442 2152 δικαίως
483 2082 548 2144 ἂν
576 2084 669 2144 καὶ
713 2084 944 2159 μείζονος
971 2082 1005 2155 ἢ
1031 2084 1288 2158 τοσαύτης
1325 2086 1519 2165 δωρεᾶς
1557 2082 1800 2157 ἠξιώθην.

227 2175 292 2253 (a)
318 2174 472 2254 Χρῆν
501 2170 681 2251 μέντοι
707 2172 800 2231 καὶ
820 2168 916 2244 τὴν
936 2170 1370 2250 ἀμφισὸητοῦσαν
1386 2176 1490 2230 τῶν
1509 2173 1803 2253 χρημάτων

227 2260 304 2339 μὴ
325 2264 456 2342 παρ’
479 2262 628 2339 ὖμῶν
649 2264 932 2341 πειρᾶσθαι
949 2259 1239 2337 λαμὸάνειν
1254 2256 1348 2332 τὴν
1365 2258 1545 2319 οὐσίαν
1569 2260 1634 2333 ἢν
1661 2263 1807 2343 Θρα-

225 2348 450 2428 σύλοχος
478 2347 780 2422 κατέλιπεν,
807 2347 945 2407 ἀλλὰ
971 2348 1092 2429 περὶ
1121 2348 1318 2407 ἐκεῖνον
1344 2346 1581 2429 χρηστὴν
1623 2338 1803 2422 οὖσαν,

225 2435 390 2505 οὕτως
429 2436 602 2507 ἀξιοῦν
627 2438 788 2509 αὖτ’ῆς
817 2436 1226 2506 ἐπιδικάζεσθαι.
1311 2440 1424 2497 Νῦν
1467 2436 1511 2495 δ’
1541 2440 1674 2517 αὐτῇ
1712 2462 1804 2498 το-

147 2550 202 2592 20
227 2524 416 2587 σούτου
455 2528 532 2585 δεῖ
573 2525 889 2605 μεταμέλειν
915 2515 990 2584 ὧν
1024 2528 1096 2593 εἷς
1132 2527 1300 2594 ζῶντα
1326 2524 1635 2607 ἐξήμαρτεν,
1664 2524 1802 2586 ὥστε
1825 2526 1871 2591 b
1893 2500 2009 2549 me*
2077 2501 2218 2549 Nunc
2240 2501 2429 2549 “mmm
2448 2500 2585 2550 abest

228 2614 322 2675 καὶ
353 2618 631 2682 τεθνεῶτος
654 2612 814 2673 αὗτοῧ
836 2621 1082 2695 πειρᾶται
1109 2612 1206 2686 τήν
1231 2636 1289 2673 τε
1318 2614 1572 2687 διαθήκην
1607 2614 1801 2695 ἄκυρον

229 2702 346 2783 ἅμα
367 2702 461 2763 καὶ
487 2704 578 2761 τὸν
600 2694 740 2762 οἶκον
768 2702 963 2785 ἔρημον
999 2706 1238 2775 ποιῆσαι.
1323 2704 1388 2781 (4)
1433 2704 1710 2780 Θαυμάζω
1745 2702 1801 2763 δὲ

225 2792 446 2852 καὶτῶν
483 2790 820 2873 πραττόντων
855 2790 987 2873 ὑπὲρ
1016 2794 1208 2866 αὐτῆς,
1237 2794 1284 2852 εἰ
1319 2790 1405 2850 διὰ
1431 2791 1572 2851 τοῦτ’
1602 2792 1800 2853 οἴονται

224 2880 388 2939 καλὸν
418 2871 552 2940 εἶναι
573 2879 662 2939 τὸν
690 2879 945 2953 κίνδυνον,
977 2878 1057 2940 ὅτι
1082 2879 1159 2958 μὴ
1194 2878 1619 2961 κατορθώσαντες
1654 2882 1800 2942 οὐδὲν

145 2994 198 3033 2⁵
227 2966 510 3045 μέλλωσιν
539 2968 830 3031 ἀποτίσειν.
917 2969 1064 3049 Ἐγὼ
1093 2968 1189 3047 μὲν
1222 2967 1328 3051 γὰρ
1375 2974 1604 3047 ἡγοῦμαι
1637 2969 1800 3049 μεγά·

223 3058 326 3129 λην
351 3048 485 3117 εἶναι
530 3057 620 3117 καὶ
653 3057 849 3132 ταύτην
893 3057 1107 3135 ζημίαν,
1157 3056 1246 3117 ἐὰν
1296 3056 1680 3138 ἐξελεγχθέντες
1731 3062 1802 3127 ὡς

225 3145 418 3214 ἀδίκως
447 3146 886 3228 ἂμφισὸητοῧσιν,
911 3146 1074 3207 ἔπειθ’
1123 3151 1248 3225 ὑμῖν
1285 3146 1470 3217 δόξωσι
1501 3147 1708 3229 χείρους
1735 3138 1802 3207 εἷ-

225 3254 330 3294 ναι.
400 3233 516 3306 Τὴν
543 3230 640 3311 μὲν
663 3224 752 3293 οὗν
774 3234 971 3295 τούτων
996 3234 1188 3295 κακίαν
1222 3234 1273 3305 ἐξ
1305 3239 1476 3295 αὐτῶν
1505 3240 1608 3295 τῶν
1633 3235 1798 3317 ἔργων

222 3323 508 3401 γνώσεσθ’,
556 3321 766 3383 ἐπειδὰν
808 3322 896 3385 διὰ
931 3324 1111 3393 τέλους
1153 3322 1412 3396 ἀκούσητε
1454 3329 1561 3385 τῶν
1588 3350 1800 3407 πεπρα-
1829 3335 1866 3377 C

149 3437 204 3477 ω
223 3410 463 3523 γμένων·
499 3409 614 3469 ὅθεν
643 3412 689 3471 δ’
724 3410 903 3490 οἴομαι
943 3412 1155 3494 τάχιστ’
1205 3412 1269 3473 ἂν
1293 3418 1430 3490 ὑμᾶς
1463 3418 1648 3491 μαθεῖν
1677 3413 1799 3496 περὶ

225 3523 300 3557 ων
331 3498 784 3578 ἀμφισὸητοῢμεν,
805 3504 1033 3563 ἐντεῦθεν
1058 3500 1282 3583 ἄρξομαι
1301 3503 1612 3580 διηγεῖσθαι.

306 3608 352 3647 ε.
381 3586 852 3673 Θράσυλλος[γὰρ]
871 3594 900 3649 δ
921 3589 1099 3670 πατὴρ
1145 3596 1235 3651 τοῦ
1284 3590 1662 3659 καταλιπόντος
1702 3590 1799 3665 τὴν

227 3674 484 3748 διαθήκην
500 3676 650 3758 παρὰ
674 3675 772 3755 μὲν
797 3681 902 3736 τῶν
928 3678 1195 3759 προγόνων
1221 3678 1468 3758 οὐδεμίαν
1491 3680 1672 3740 οὐσίαν
1692 3704 1799 3739 πα·

226 3762 420 3843 ρέλαὸε
437 3809 454 3837 ,
503 3762 639 3833 ξένος
667 3763 722 3824 δὲ
765 3765 1144 3849 Πολεμαινέτῳ
1192 3772 1267 3850 τῷ
1310 3768 1494 3847 μάντει
1529 3768 1802 3848 γενόμενος

149 3877 203 3917 :s
225 3850 388 3920 οὕτως
424 3852 626 3919 οἰκείως
667 3854 866 3927 διετέθη
899 3855 1027 3937 πρὸς
1069 3854 1251 3930 αὐτὸν,
1291 3855 1414 3916 ὥστ’
1456 3857 1798 3930 ἀποθνήσκων

228 3943 424 4007 ἐκεῖνος
462 3940 556 4009 τάς
582 3965 639 4000 τε
697 3940 910 4021 βίὸλους
966 3942 1061 4013 τὰς
1088 3944 1210 4026 περὶ
1249 3949 1344 4017 τῆς
1371 3950 1626 4024 μαντικῆς
1654 3947 1798 4026 αὐτῷ

223 4026 482 4088 κατέλιπε
513 4028 605 4089 καὶ
631 4034 725 4102 τῆς
753 4030 931 4100 οὐσίας
960 4033 1116 4113 μέρος
1143 4056 1192 4091 τι
1219 4037 1312 4105 τῆς
1345 4039 1432 4093 νῦν
1467 4032 1625 4107 οὔσης
1651 4033 1798 4093 ἔδω-

224 4138 340 4178 κεν.

226 4205 426 4287 ἐχρῆτο
449 4208 514 4285 τῇ
551 4203 712 4287 τέχνῃ
727 4230 743 4245 ·
771 4206 974 4281 πλάνης
997 4206 1053 4267 δὲ
1089 4208 1362 4288 γενόμενος
1389 4208 1480 4268 καὶ1
1520 4210 1798 4282 διαιτηθείς

143 4322 198 4361 ω
223 4294 280 4352 ἐν
305 4294 529 4360 πολλαῖς
577 4294 790 4354 πόλεσιν
831 4295 1016 4365 ἄλλαις
1051 4320 1108 4356 τε
1144 4297 1346 4378 γυναιξὶ
1374 4296 1700 4376 συνεγένετο,
1724 4290 1797 4358 ὧν

223 4378 361 4440 ἔνιαι
405 4381 498 4441 καὶ
525 4383 759 4465 παιδάρι’
797 4383 1096 4461 ἀπέδειξαν,
1129 4386 1164 4443 ἃ
1201 4388 1391 4454 ἐκεῖνος
1431 4386 1548 4446 οὐδὲ
1582 4387 1799 4447 πώποτε

221 4468 418 4547 γνήσια
441 4468 678 4549 ἐνόμισε,
705 4471 795 4532 καὶ
815 4471 880 4545 δὴ
911 4472 1002 4532 καὶ
1025 4472 1122 4546 τὴν
1143 4473 1334 4547 ταύτης
1359 4473 1562 4556 μητέρα
1590 4476 1644 4533 ἐν
1674 4473 1798 4535 τού-

223 4580 333 4625 τοις
355 4562 463 4626 τοῖς
485 4556 688 4639 χρόνοις
708 4558 917 4622 ἕλαὸεν.
994 4562 1058 4640 (7)
1083 4561 1304 4634 Ἐπειδὴ
1334 4563 1378 4621 δ’
1402 4563 1582 4623 οὐσίαν
1599 4587 1654 4623 τε
1675 4566 1800 4625 πολ-

224 4644 326 4716 λὴν
365 4646 628 4719 ἐκτήσατο
655 4648 748 4707 καὶ
777 4648 874 4720 τὴν
901 4648 1134 4730 πατρίδα
1182 4650 1443 4725 ἐπόθεσεν,
1471 4652 1670 4724 ἐκείνης
1702 4652 1798 4731 μὲν

145 4764 204 4810 45
222 4730 318 4792 καὶ
345 4736 452 4792 τῶν
473 4736 648 4794 ἄλλων
679 4735 994 4815 ἀπηλλάγη,
1025 4738 1397 4807 καταπλεύσας
1419 4740 1462 4799 δ’
1507 4744 1581 4808 εἰς
1603 4741 1796 4823 Σίφνον
1827 4766 1863 4807 e

225 4820 423 4901 ἔγημεν
465 4821 694 4904 ἀδελφὴν
738 4829 830 4884 τοῦ
865 4824 1064 4905 πατρὸς
1097 4831 1191 4885 τοῦ
1236 4828 1364 4905 ἐμοῦ
1381 4872 1398 4901 ,
1444 4828 1656 4910 πλούτῳ
1700 4827 1796 4907 μὲν

226 4908 382 4979 αὐτὸς
406 4914 613 4993 πρῶτος
639 4908 710 4969 ὢν
741 4916 842 4971 τῶν
866 4914 1110 4987 πολιτῶν,
1141 4914 1278 4993 γένει
1303 4915 1358 4975 δὲ
1379 4916 1595 4985 καὶτοῖς
1621 4918 1797 4986 ἄλλοις

227 4997 521 5077 ἀξιώμασιν
550 4998 696 5067 εἰδὼς
723 5000 819 5073 τὴν
847 5001 1109 5084 ἡμετέραν
1151 5003 1319 5063 οἰκίαν
1346 5004 1696 5087 προέχουσαν.
1730 5010 1792 5085 (s)

1890 1826 2022 1877 cium
2041 1824 2247 1875 adducta
2258 1828 2386 1875 esset
2402 1860 2417 1885 ,
2439 1824 2569 1874 haud
2589 1823 2853 1875 scivisselis
2870 1838 2983 1888 quae
3000 1839 3104 1875 mea
3128 1825 3179 1876 in
3194 1825 3475 1877 defunctum

1891 1910 2081 1981 merita,
2098 1917 2241 1981 cuius
2266 1918 2523 1969 hoereditas
2542 1918 2659 1968 mihi
2676 1918 2839 1969 relicta
2854 1922 2959 1981 est,
2979 1919 3304 1971 exstitissent:
3328 1934 3381 1971 re
3394 1934 3476 1971 au·

1890 2017 1993 2064 tem
2010 2017 2111 2065 totu
2133 2012 2321 2076 cognita
2342 2012 2613 2075 intelligetis
2634 2025 2711 2063 me
2730 2011 2886 2075 majus
2923 2014 3071 2063 etiam
3102 2027 3250 2077 quam
3278 2017 3467 2066 tantum

1891 2111 2150 2176 praemium
2160 2110 2413 2161 meruisse.
2434 2110 2501 2173 (3)
2525 2113 2617 2161 Par
2634 2111 2797 2161 autem
2817 2109 2913 2160 fuit
2930 2111 3075 2161 etiam
3096 2110 3257 2173 islam,
3281 2124 3392 2176 quae
3414 2112 3475 2165 de

1895 2209 2112 2274 pecuniis
2130 2208 2505 2259 controversiam
2537 2208 2680 2271 facit,
2708 2221 2803 2258 non
2824 2208 3075 2260 facultates
3099 2223 3129 2259 a
3146 2210 3474 2275 Thrasyiocho

1894 2305 2086 2357 relictas
2101 2318 2132 2355 a
2145 2305 2285 2356 vobis
2308 2310 2521 2371 repetere
2544 2306 2684 2368 velle,
2704 2306 2787 2356 sed
2812 2306 2896 2357 ubi
2918 2306 3212 2359 ostendisset
3238 2322 3292 2359 se
3306 2308 3467 2359 officio

1893 2403 2155 2467 ergaillum
2174 2416 2281 2454 esse
2305 2402 2537 2465 functam,
2560 2407 2665 2454 tum
2688 2402 2886 2453 demum
2907 2404 3011 2466 lege
3032 2417 3172 2467 agere
3193 2404 3255 2455 de
3278 2405 3477 2456 hoeredi·

2622 2501 2677 2549 ut
2702 2512 2809 2549 eam
2850 2500 3079 2563 poeniteat
3096 2513 3208 2563 erga
3226 2500 3469 2552 viventem

1892 2596 2153 2661 deliquisse
2166 2633 2182 2659 ‚
2198 2601 2254 2647 ut
2277 2611 2336 2648 eo
2352 2597 2499 2648 etiam
2528 2597 2757 2648 defuncto
2774 2602 2824 2649 et
2844 2599 3185 2649 testamentum
3204 2598 3309 2660 eius
3326 2598 3467 2652 simul

1889 2699 2081 2749 irritum
2101 2700 2254 2750 facere
2276 2702 2327 2751 et
2350 2700 2581 2749 familiam
2597 2700 2900 2763 exstinguere
2917 2703 3137 2751 conetur.
3204 2700 3277 2763 (⁴)
3316 2700 3462 2751 Miror

1889 2802 2035 2851 etiam
2054 2803 2279 2865 patronos
2298 2800 2534 2865 mulieris,
2556 2801 2597 2851 si
2620 2806 2873 2865 propterea
2890 2806 3063 2865 putant
3084 2802 3342 2853 honestum
3358 2816 3466 2857 mse

1887 2905 2133 2953 certamen
2169 2903 2287 2965 hoc,
2323 2902 2457 2967 quod
2481 2903 2625 2954 etiam
2648 2904 2763 2955 victi
2810 2905 2993 2955 nullam
3027 2904 3264 2967 iacturam
3297 2904 3477 2957 facturi

1888 3002 2003 3053 sint.
2072 3006 2174 3066 Ego
2195 3004 2326 3054 enim
2354 3003 2484 3053 illam
2503 3017 2698 3068 quoque
2718 3018 2944 3068 magnam
2978 3006 3163 3057 cladem
3188 3020 3297 3059 esse
3330 3016 3472 3071 puto,

1889 3106 1931 3155 si
1950 3104 2151 3155 actionis
2188 3118 2271 3168 per
2311 3104 2601 3155 calumniam
2634 3104 2871 3157 instituite
2908 3104 3119 3156 convicti
3157 3104 3473 3171 improbiores

1891 3209 2057 3269 postea
2077 3217 2108 3254 a
2136 3203 2276 3254 vobis
2307 3204 2590 3254 habeantur.
2648 3203 2742 3255 sed
2764 3204 2971 3255 istorum
3007 3206 3240 3258 malitiam
3265 3220 3343 3258 res
3368 3207 3473 3271 ipsa

1891 3300 2187 3363 declarabit,
2212 3299 2297 3350 ubi
2320 3304 2427 3351 acta
2444 3300 2607 3351 omnia
2654 3301 2717 3353 ab
2736 3301 2873 3353 initio
2896 3302 2959 3353 nd
2981 3308 3253 3355 extremum
3274 3304 3469 3357 audive-

1887 3398 2009 3449 ritis.
2070 3396 2190 3448 Inde
2216 3399 2381 3448 autem
2425 3399 2649 3449 narrandi
2694 3400 2955 3464 primordia
2975 3402 3182 3466 capiam,
3227 3401 3356 3454 unde
3381 3415 3469 3454 vos

1889 3495 2134 3547 celerrime
2148 3500 2265 3560 puto
2288 3497 2663 3548 controversiain
2686 3500 2983 3561 cognituros.

1952 3590 2004 3634 5.
2026 3584 2305 3647 Thrasyllus
2325 3588 2459 3649 pater
2475 3587 2601 3649 ejus,
2620 3586 2705 3650 qui
2724 3600 2803 3637 me
2820 3589 3111 3639 testamento
3126 3588 3371 3641 haeredem
3386 3590 3462 3641 in·

1887 3686 2076 3749 stituit,
2095 3700 2125 3737 a
2142 3686 2403 3749 maioribus
2426 3689 2584 3738 nullas
2604 3702 2722 3753 opes
2745 3688 2941 3750 habuit,
2961 3690 3049 3741 sed
3070 3692 3265 3756 hospitii
3301 3706 3465 3746 neces-

1887 3788 2102 3840 situdine
2138 3802 2255 3839 cum
2295 3788 2552 3853 haruspice
2591 3790 2918 3840 Polemaeneto
2940 3791 3058 3841 inita
3101 3792 3171 3842 ita
3201 3805 3253 3843 se
3286 3793 3335 3842 in
3361 3795 3467 3858 ejus

1885 3887 2148 3938 amicitiam
2170 3889 2457 3949 insinuavit,
2479 3894 2532 3939 ut
2554 3889 2635 3939 ille
2652 3890 2868 3941 moriens
2890 3890 2937 3941 ei
2962 3894 3013 3941 et
3030 3890 3183 3942 libros
3206 3892 3463 3945 divinatio·

1885 3990 1963 4041 nis
1994 3991 2240 4055 reliquerit
2262 3997 2312 4041 et
2336 3992 2621 4042 facultatum
2644 4005 2755 4056 quoe
2796 3993 2955 4043 adhuc
2978 4002 3239 4058 supersunt
3269 4001 3457 4059 partem

452 4116 520 4195 (ο)
577 4117 772 4178 Λαςὼν
834 4117 890 4178 δὲ
950 4120 1259 4201 Θράσυλλος
1311 4119 1503 4190 ταύτας
1558 4121 1794 4203 ἀφορμὰς
1820 4116 1864 4183 d
1887 4094 2089 4145 dederit.
2149 4096 2217 4156 (6)
2245 4094 2525 4157 Thrasyllus
2556 4098 2721 4144 autem
2762 4094 2839 4145 his
2872 4096 3299 4147 commoditatibus
3346 4112 3464 4150 usus

1885 4209 2003 4247 eam.
2016 4200 2167 4246 artem
2187 4196 2454 4247 exercebat.
2502 4195 2597 4263 Qui
2619 4209 2775 4260 quum
2798 4197 2953 4247 mults
2972 4198 3078 4249 loca
3096 4197 3319 4249 circuiret
3340 4204 3389 4251 et
3411 4200 3463 4251 in

1887 4298 2107 4362 pluribus
2133 4299 2411 4350 civitatibus
2432 4304 2809 4349 commoraretur
2826 4336 2842 4363 ,
2862 4300 2970 4350 tum
2992 4313 3103 4349 cum
3128 4300 3233 4351 aliis
3260 4301 3461 4353 mulier-

1887 4402 2011 4452 culis
2030 4402 2309 4465 consuevit,
2355 4415 2561 4466 quarum
2592 4401 2841 4480 nonnulloe
2875 4402 3056 4454 liberos
3088 4404 3234 4455 etiam
3266 4418 3464 4469 pepere-

1887 4505 2040 4566 runt,
2060 4518 2184 4569 quos
2202 4505 2281 4556 ille
2304 4518 2552 4569 nunquam
2598 4518 2686 4570 pro
2704 4504 2932 4569 legitimis
2962 4505 3151 4572 habuit,
3169 4510 3275 4558 tum
3320 4509 3460 4561 istius

1886 4604 2091 4650 matrem
2115 4600 2209 4651 illis
2230 4601 2529 4665 temporibus
2554 4603 2758 4667 accepit.
2800 4603 2869 4666 (7)
2894 4608 3057 4663 Quum
3079 4608 3244 4655 autem
3268 4605 3459 4669 magnis

1886 4696 2061 4761 opibus
2084 4700 2231 4762 partis
2266 4698 2437 4763 patriae
2466 4699 2705 4751 desiderio
2746 4704 3043 4764 moveretur,
3087 4701 3169 4751 illa
3198 4706 3247 4752 et
3282 4702 3458 4753 ceteris

1884 4793 2097 4845 dimissis
2128 4796 2177 4847 in
2205 4796 2441 4860 Siphnum
2464 4796 2652 4861 traJecit
2666 4834 2683 4860 ,
2708 4811 3003 4861 uxoremque
3021 4798 3164 4849 duxit
3186 4800 3333 4862 patris
3354 4801 3453 4852 mei

1884 4904 2124 4954 sororem,
2157 4906 2309 4957 quum
2332 4894 2436 4957 ipse
2457 4894 2653 4959 quidem
2680 4895 2857 4944 civium
2882 4893 3151 4945 ditissimus
3180 4900 3335 4959 esset,
3368 4896 3453 4948 aed

1886 4989 2135 5040 nobilitate
2157 4995 2207 5040 et
2229 4991 2333 5040 aliis
2368 4990 2679 5053 dignitatibus
2702 4994 2916 5040 nostram
2940 4990 3172 5041 familiam
3194 4992 3317 5042 iuter
3334 4992 3453 5045 alias

126 5086 388 5158 3330522„
407 5087 464 5147 δὲ
490 5086 692 5169 σφόδρα
713 5089 960 5169 ἠγάπησε
989 5090 1087 5163 τὴν
1113 5096 1205 5151 τοῦ
1231 5092 1430 5176 πατρὸς
1453 5093 1647 5176 φιλίαν,
1669 5094 1795 5154 ὥστ’
1821 5118 1858 5158 a
1885 5090 2096 5139 eminere
2109 5089 2268 5140 sciret.
2292 5088 2361 5153 (8)
2384 5091 2652 5153 Tantopere
2683 5092 2847 5137 autem
2870 5088 3021 5151 patris
3036 5090 3129 5139 mei
3147 5090 3358 5141 amicitia
3374 5092 3451 5143 de·

148 5208 204 5251 50
227 5174 590 5250 ἀποθανούσης
634 5176 833 5250 ἐκείνης
884 5178 1105 5248 ἄπαιδος
1132 5171 1277 5248 αὖθις
1319 5181 1547 5262 ἠγάγετο
1575 5186 1792 5266 ἀνεψιὰν

229 5269 317 5325 τοῦ
334 5263 536 5348 πατρός
551 5310 570 5345 ,
593 5265 654 5324 οὗ
685 5264 995 5345 βουλόμενος
1023 5266 1368 5329 διαλύσασθαι
1396 5270 1490 5343 τὴν
1509 5271 1636 5355 πρὸς
1654 5276 1796 5351 ἡμᾶς

1883 5186 2087 5237 lectatus
2106 5189 2206 5248 est,
2228 5191 2309 5249 ut,
2328 5199 2481 5251 quum
2505 5187 2651 5238 amita
2674 5199 2780 5236 mea
2801 5186 2905 5237 sine
2930 5186 3091 5238 liberis
3130 5187 3448 5255 decessisset,

1885 5298 2054 5341 rursus
2080 5284 2229 5350 patris
2250 5285 2584 5336 consobrinam
2603 5284 2824 5341 duxerit,
2847 5299 2946 5349 quo
2974 5286 3279 5339 necessitudo
3315 5288 3447 5341 inter
