<?xml version="1.0" encoding="UTF-8"?>
<!DOCTYPE html PUBLIC "-//W3C//DTD XHTML 1.0 Transitional//EN"
    "http://www.w3.org/TR/xhtml1/DTD/xhtml1-transitional.dtd">
<html xmlns="http://www.w3.org/1999/xhtml" xml:lang="en" lang="en">
 <head>
  <title>
</title>
<meta http-equiv="Content-Type" content="text/html;charset=utf-8" />
  <meta name='ocr-system' content='tesseract 3.04.00' />
  <meta name='ocr-capabilities' content='ocr_page ocr_carea ocr_par ocr_line ocrx_word'/>
</head>
<body>
  <div class='ocr_page' id='page_1' title='image "./oratoresatticia03unkngoog/oratoresatticia03unkngoog_0641.png"; bbox 0 0 3825 5842; ppageno 0'>
   <div class='ocr_carea' id='block_1_1' title="bbox 1306 462 2256 531">
    <p class='ocr_par' dir='ltr' id='par_1_1' title="bbox 1306 462 2256 531">
     <span class='ocr_line' id='line_1_1' title="bbox 1306 462 2256 531; baseline 0.001 -2"><span class='ocrx_word' id='word_1_1' title='bbox 1306 467 1690 529; x_wconf 78' lang='lat' dir='ltr'><strong>lsocRA&#39;rls</strong></span> <span class='ocrx_word' id='word_1_2' title='bbox 1731 462 2153 529; x_wconf 82' lang='lat' dir='ltr'><strong>EPISTOLAE.</strong></span> <span class='ocrx_word' id='word_1_3' title='bbox 2201 476 2256 531; x_wconf 73' lang='lat'><strong>4.</strong></span> 
     </span>
    </p>
   </div>
   <div class='ocr_carea' id='block_1_2' title="bbox 191 583 1759 857">
    <p class='ocr_par' dir='ltr' id='par_1_2' title="bbox 191 583 1759 857">
     <span class='ocr_line' id='line_1_2' title="bbox 191 583 1757 687; baseline -0.007 -22"><span class='ocrx_word' id='word_1_4' title='bbox 191 612 262 675; x_wconf 79' lang='grc' dir='ltr'><strong>ὡς</strong></span> <span class='ocrx_word' id='word_1_5' title='bbox 285 604 394 687; x_wconf 79' lang='grc' dir='ltr'><strong>χρὴ</strong></span> <span class='ocrx_word' id='word_1_6' title='bbox 423 598 776 672; x_wconf 81' lang='grc' dir='ltr'><strong>διαλλάξαντά</strong></span> <span class='ocrx_word' id='word_1_7' title='bbox 815 622 876 661; x_wconf 90' lang='grc' dir='ltr'><strong>σε</strong></span> <span class='ocrx_word' id='word_1_8' title='bbox 907 598 1004 672; x_wconf 74' lang='grc' dir='ltr'><strong>τὴν</strong></span> <span class='ocrx_word' id='word_1_9' title='bbox 1050 598 1202 659; x_wconf 86' lang='grc' dir='ltr'><strong>πόλιν</strong></span> <span class='ocrx_word' id='word_1_10' title='bbox 1225 583 1336 672; x_wconf 75' lang='grc' dir='ltr'><strong>τὴν</strong></span> <span class='ocrx_word' id='word_1_11' title='bbox 1377 596 1638 676; x_wconf 74' lang='grc' dir='ltr'><strong>ἡμετέραν</strong></span> <span class='ocrx_word' id='word_1_12' title='bbox 1666 594 1757 655; x_wconf 75' lang='grc' dir='ltr'><strong>καὶ</strong></span> 
     </span>
     <span class='ocr_line' id='line_1_3' title="bbox 199 684 1759 770; baseline -0.007 -17"><span class='ocrx_word' id='word_1_13' title='bbox 199 692 286 766; x_wconf 75' lang='grc' dir='ltr'><strong>τὴν</strong></span> <span class='ocrx_word' id='word_1_14' title='bbox 310 692 740 770; x_wconf 82' lang='grc' dir='ltr'><strong>Δακεδαιμονίων</strong></span> <span class='ocrx_word' id='word_1_15' title='bbox 758 686 852 750; x_wconf 73' lang='grc' dir='ltr'><strong>καὶ</strong></span> <span class='ocrx_word' id='word_1_16' title='bbox 873 688 967 762; x_wconf 79' lang='grc' dir='ltr'><strong>τὴν</strong></span> <span class='ocrx_word' id='word_1_17' title='bbox 993 686 1253 760; x_wconf 79' lang='grc' dir='ltr'><strong>Θηὸαίων</strong></span> <span class='ocrx_word' id='word_1_18' title='bbox 1275 687 1366 746; x_wconf 75' lang='grc' dir='ltr'><strong>καὶ</strong></span> <span class='ocrx_word' id='word_1_19' title='bbox 1391 685 1487 759; x_wconf 80' lang='grc' dir='ltr'><strong>τὴν</strong></span> <span class='ocrx_word' id='word_1_20' title='bbox 1515 684 1759 767; x_wconf 79' lang='grc' dir='ltr'>Ἀργείων</span> 
     </span>
     <span class='ocr_line' id='line_1_4' title="bbox 193 771 1758 857; baseline -0.006 -16"><span class='ocrx_word' id='word_1_21' title='bbox 193 786 264 849; x_wconf 85' lang='grc' dir='ltr'><strong>εἰς</strong></span> <span class='ocrx_word' id='word_1_22' title='bbox 291 780 534 857; x_wconf 82' lang='grc' dir='ltr'><strong>ὁμόνοιαν</strong></span> <span class='ocrx_word' id='word_1_23' title='bbox 579 781 912 851; x_wconf 79' lang='grc' dir='ltr'><strong>καταστῆσαι</strong></span> <span class='ocrx_word' id='word_1_24' title='bbox 953 778 1073 843; x_wconf 77' lang='grc' dir='ltr'><strong>τοὺς</strong></span> <span class='ocrx_word' id='word_1_25' title='bbox 1111 774 1383 848; x_wconf 78' lang='grc' dir='ltr'><strong>ἽΞλληνας</strong></span> <span class='ocrx_word' id='word_1_26' title='bbox 1397 819 1415 850; x_wconf 88' lang='grc'><strong>,</strong></span> <span class='ocrx_word' id='word_1_27' title='bbox 1443 771 1727 852; x_wconf 79' lang='grc' dir='ltr'><strong>ἡγούμενος</strong></span> <span class='ocrx_word' id='word_1_28' title='bbox 1740 818 1758 847; x_wconf 91' lang='grc'><strong>,</strong></span> 
     </span>
    </p>
   </div>
   <div class='ocr_carea' id='block_1_3' title="bbox 3284 482 3395 533">
    <p class='ocr_par' dir='ltr' id='par_1_3' title="bbox 3284 482 3395 533">
     <span class='ocr_line' id='line_1_5' title="bbox 3284 482 3395 533; baseline 0.018 -2"><span class='ocrx_word' id='word_1_29' title='bbox 3284 482 3395 533; x_wconf 76' lang='lat'><strong>28⁷</strong></span> 
     </span>
    </p>
   </div>
   <div class='ocr_carea' id='block_1_4' title="bbox 1846 601 3415 864">
    <p class='ocr_par' dir='ltr' id='par_1_4' title="bbox 1846 601 3415 864">
     <span class='ocr_line' id='line_1_6' title="bbox 1849 601 3409 668; baseline 0 -13"><span class='ocrx_word' id='word_1_30' title='bbox 1849 602 2323 655; x_wconf 72' lang='lat' dir='ltr'><strong>Lacedaemontorum</strong></span> <span class='ocrx_word' id='word_1_31' title='bbox 2336 607 2385 653; x_wconf 86' lang='lat' dir='ltr'><strong>et</strong></span> <span class='ocrx_word' id='word_1_32' title='bbox 2399 601 2731 655; x_wconf 78' lang='lat' dir='ltr'><strong>Thebanorum</strong></span> <span class='ocrx_word' id='word_1_33' title='bbox 2751 602 3131 668; x_wconf 76' lang='lat' dir='ltr'><strong>Argivorumque</strong></span> <span class='ocrx_word' id='word_1_34' title='bbox 3142 604 3409 655; x_wconf 84' lang='lat' dir='ltr'><strong>controver-</strong></span> 
     </span>
     <span class='ocr_line' id='line_1_7' title="bbox 1846 699 3411 765; baseline 0.001 -14"><span class='ocrx_word' id='word_1_35' title='bbox 1846 700 1932 751; x_wconf 87' lang='lat' dir='ltr'><strong>siis</strong></span> <span class='ocrx_word' id='word_1_36' title='bbox 1952 703 2149 752; x_wconf 79' lang='lat' dir='ltr'><strong>Graecos</strong></span> <span class='ocrx_word' id='word_1_37' title='bbox 2168 702 2221 751; x_wconf 89' lang='lat' dir='ltr'><strong>in</strong></span> <span class='ocrx_word' id='word_1_38' title='bbox 2241 699 2546 751; x_wconf 75' lang='lat' dir='ltr'><strong>concordiam</strong></span> <span class='ocrx_word' id='word_1_39' title='bbox 2566 700 2832 751; x_wconf 86' lang='lat' dir='ltr'><strong>reduceres.</strong></span> <span class='ocrx_word' id='word_1_40' title='bbox 2898 700 3243 753; x_wconf 73' lang='lat' dir='ltr'><strong>Existimabam</strong></span> <span class='ocrx_word' id='word_1_41' title='bbox 3258 703 3383 753; x_wconf 87' lang='lat' dir='ltr'><strong>enim</strong></span> <span class='ocrx_word' id='word_1_42' title='bbox 3396 740 3411 765; x_wconf 94' lang='lat'><strong>,</strong></span> 
     </span>
     <span class='ocr_line' id='line_1_8' title="bbox 1847 797 3415 864; baseline 0.001 -17"><span class='ocrx_word' id='word_1_43' title='bbox 1847 797 1887 847; x_wconf 84' lang='lat' dir='ltr'><strong>si</strong></span> <span class='ocrx_word' id='word_1_44' title='bbox 1928 797 1977 849; x_wconf 89' lang='lat' dir='ltr'><strong>id</strong></span> <span class='ocrx_word' id='word_1_45' title='bbox 2001 812 2029 847; x_wconf 82' lang='grc' dir='ltr'><strong>ε</strong></span> <span class='ocrx_word' id='word_1_46' title='bbox 2052 798 2347 863; x_wconf 86' lang='lat' dir='ltr'><strong>principibus</strong></span> <span class='ocrx_word' id='word_1_47' title='bbox 2385 797 2662 849; x_wconf 74' lang='lat' dir='ltr'><strong>civitatibus</strong></span> <span class='ocrx_word' id='word_1_48' title='bbox 2684 798 2987 861; x_wconf 73' lang='lat' dir='ltr'>impetrasses</span> <span class='ocrx_word' id='word_1_49' title='bbox 3004 834 3021 861; x_wconf 87' lang='lat'><strong>,</strong></span> <span class='ocrx_word' id='word_1_50' title='bbox 3057 800 3415 864; x_wconf 81' lang='lat' dir='ltr'><strong>quamprimum</strong></span> 
     </span>
    </p>
   </div>
   <div class='ocr_carea' id='block_1_5' title="bbox 193 860 3413 963">
    <p class='ocr_par' dir='ltr' id='par_1_5' title="bbox 193 860 3413 963">
     <span class='ocr_line' id='line_1_9' title="bbox 193 860 3413 963; baseline 0.001 -16"><span class='ocrx_word' id='word_1_51' title='bbox 193 868 284 930; x_wconf 64' lang='grc' dir='ltr'><strong>ἐὰν</strong></span> <span class='ocrx_word' id='word_1_52' title='bbox 307 865 752 950; x_wconf 53' lang='grc' dir='ltr'><strong>τὰςἛῳωῑώῗας</strong></span> <span class='ocrx_word' id='word_1_53' title='bbox 769 864 944 933; x_wconf 57' lang='grc' dir='ltr'>πόλεις</span> <span class='ocrx_word' id='word_1_54' title='bbox 961 864 1146 945; x_wconf 59' lang='grc' dir='ltr'><strong>πείσῃς</strong></span> <span class='ocrx_word' id='word_1_55' title='bbox 1158 861 1296 923; x_wconf 57' lang='grc' dir='ltr'><strong>Οὕτω</strong></span> <span class='ocrx_word' id='word_1_56' title='bbox 1316 869 1535 944; x_wconf 58' lang='grc' dir='ltr'><strong>φρονεῖν’</strong></span> <span class='ocrx_word' id='word_1_57' title='bbox 1557 860 1760 941; x_wconf 62' lang='grc' dir='ltr'><strong>ταχέως</strong></span> <span class='ocrx_word' id='word_1_58' title='bbox 1848 896 2061 961; x_wconf 85' lang='lat' dir='ltr'><strong>reliquas</strong></span> <span class='ocrx_word' id='word_1_59' title='bbox 2096 910 2288 961; x_wconf 88' lang='lat' dir='ltr'><strong>quoque</strong></span> <span class='ocrx_word' id='word_1_60' title='bbox 2328 899 2592 948; x_wconf 81' lang='lat' dir='ltr'><strong>secuturas.</strong></span> <span class='ocrx_word' id='word_1_61' title='bbox 2658 899 2813 959; x_wconf 80' lang='lat' dir='ltr'><strong>Atque</strong></span> <span class='ocrx_word' id='word_1_62' title='bbox 2848 897 2933 947; x_wconf 88' lang='lat' dir='ltr'><strong>illo</strong></span> <span class='ocrx_word' id='word_1_63' title='bbox 2967 897 3163 961; x_wconf 85' lang='lat' dir='ltr'><strong>quidem</strong></span> <span class='ocrx_word' id='word_1_64' title='bbox 3196 901 3413 963; x_wconf 85' lang='lat' dir='ltr'><strong>tempore</strong></span> 
     </span>
    </p>
   </div>
   <div class='ocr_carea' id='block_1_6' title="bbox 92 940 1824 1029">
    <p class='ocr_par' dir='ltr' id='par_1_6' title="bbox 92 940 1824 1029">
     <span class='ocr_line' id='line_1_10' title="bbox 92 940 1824 1029; baseline -0.012 -3"><span class='ocrx_word' id='word_1_65' title='bbox 92 959 285 1026; x_wconf 74' lang='lat' dir='ltr'><strong>-tl2m&#39;t</strong></span> <span class='ocrx_word' id='word_1_66' title='bbox 311 958 409 1025; x_wconf 77' lang='grc' dir='ltr'><strong>τὰς</strong></span> <span class='ocrx_word' id='word_1_67' title='bbox 453 955 616 1023; x_wconf 82' lang='grc' dir='ltr'><strong>ἄλλας</strong></span> <span class='ocrx_word' id='word_1_68' title='bbox 643 952 1101 1025; x_wconf 77' lang='grc' dir='ltr'><strong>ἐπακολουθήσειν.</strong></span> <span class='ocrx_word' id='word_1_69' title='bbox 1184 954 1234 1013; x_wconf 88' lang='grc' dir='ltr'><strong>Τ</strong></span> <span class='ocrx_word' id='word_1_70' title='bbox 1235 951 1321 1011; x_wconf 82' lang='grc' dir='ltr'><strong>ότε</strong></span> <span class='ocrx_word' id='word_1_71' title='bbox 1353 949 1447 1029; x_wconf 79' lang='grc' dir='ltr'><strong>μὲν</strong></span> <span class='ocrx_word' id='word_1_72' title='bbox 1493 940 1580 1009; x_wconf 71' lang='grc' dir='ltr'><strong>οὗν</strong></span> <span class='ocrx_word' id='word_1_73' title='bbox 1605 949 1760 1016; x_wconf 82' lang='grc' dir='ltr'><strong>ἄλλος</strong></span> <span class='ocrx_word' id='word_1_74' title='bbox 1788 955 1824 997; x_wconf 74' lang='grc'><strong>8</strong></span> 
     </span>
    </p>
   </div>
   <div class='ocr_carea' id='block_1_7' title="bbox 121 1037 1763 1561">
    <p class='ocr_par' dir='ltr' id='par_1_7' title="bbox 121 1037 1763 1561">
     <span class='ocr_line' id='line_1_11' title="bbox 195 1037 1760 1129; baseline -0.007 -22"><span class='ocrx_word' id='word_1_75' title='bbox 195 1040 258 1121; x_wconf 76' lang='grc' dir='ltr'><strong>ἦν</strong></span> <span class='ocrx_word' id='word_1_76' title='bbox 284 1045 500 1129; x_wconf 76' lang='grc' dir='ltr'><strong>καιρός,</strong></span> <span class='ocrx_word' id='word_1_77' title='bbox 525 1050 616 1105; x_wconf 75' lang='grc' dir='ltr'><strong>νῦν</strong></span> <span class='ocrx_word' id='word_1_78' title='bbox 642 1043 698 1103; x_wconf 77' lang='grc' dir='ltr'><strong>δὲ</strong></span> <span class='ocrx_word' id='word_1_79' title='bbox 725 1041 1030 1121; x_wconf 75' lang='grc' dir='ltr'><strong>συμὸέὸηκε</strong></span> <span class='ocrx_word' id='word_1_80' title='bbox 1072 1039 1260 1119; x_wconf 85' lang='grc' dir='ltr'><strong>μηκέτι</strong></span> <span class='ocrx_word' id='word_1_81' title='bbox 1297 1039 1402 1099; x_wconf 87' lang='grc' dir='ltr'><strong>δεῖν</strong></span> <span class='ocrx_word' id='word_1_82' title='bbox 1434 1038 1647 1099; x_wconf 76' lang='grc' dir='ltr'><strong>πείθειν·</strong></span> <span class='ocrx_word' id='word_1_83' title='bbox 1673 1037 1760 1097; x_wconf 77' lang='grc' dir='ltr'><strong>διὰ</strong></span> 
     </span>
     <span class='ocr_line' id='line_1_12' title="bbox 195 1124 1762 1215; baseline -0.008 -20"><span class='ocrx_word' id='word_1_84' title='bbox 195 1134 296 1215; x_wconf 74' lang='grc' dir='ltr'><strong>γὰρ</strong></span> <span class='ocrx_word' id='word_1_85' title='bbox 319 1134 408 1195; x_wconf 79' lang='grc' dir='ltr'><strong>τὸν</strong></span> <span class='ocrx_word' id='word_1_86' title='bbox 440 1137 620 1211; x_wconf 77' lang='grc' dir='ltr'><strong>ἀγῶνα</strong></span> <span class='ocrx_word' id='word_1_87' title='bbox 645 1132 734 1192; x_wconf 79' lang='grc' dir='ltr'><strong>τὸν</strong></span> <span class='ocrx_word' id='word_1_88' title='bbox 770 1128 1112 1212; x_wconf 72' lang='grc' dir='ltr'><strong>γεγενημένον</strong></span> <span class='ocrx_word' id='word_1_89' title='bbox 1145 1128 1534 1207; x_wconf 78' lang='grc' dir='ltr'><strong>ἠναγκασμένοι</strong></span> <span class='ocrx_word' id='word_1_90' title='bbox 1569 1124 1762 1193; x_wconf 88' lang='grc' dir='ltr'><strong>πάντες</strong></span> 
     </span>
     <span class='ocr_line' id='line_1_13' title="bbox 193 1206 1761 1303; baseline -0.008 -20"><span class='ocrx_word' id='word_1_91' title='bbox 193 1222 326 1283; x_wconf 72' lang='grc' dir='ltr'><strong>εἰσὶν</strong></span> <span class='ocrx_word' id='word_1_92' title='bbox 357 1215 414 1281; x_wconf 68' lang='grc' dir='ltr'><strong>εὖ</strong></span> <span class='ocrx_word' id='word_1_93' title='bbox 441 1221 667 1303; x_wconf 78' lang='grc' dir='ltr'><strong>φρονεῖν,</strong></span> <span class='ocrx_word' id='word_1_94' title='bbox 709 1219 802 1279; x_wconf 76' lang='grc' dir='ltr'><strong>καὶ</strong></span> <span class='ocrx_word' id='word_1_95' title='bbox 844 1218 1045 1277; x_wconf 75' lang='grc' dir='ltr'><strong>τούτων</strong></span> <span class='ocrx_word' id='word_1_96' title='bbox 1081 1217 1350 1294; x_wconf 79' lang='grc' dir='ltr'><strong>ἐπιθυμεῖν</strong></span> <span class='ocrx_word' id='word_1_97' title='bbox 1375 1206 1449 1274; x_wconf 67' lang='grc' dir='ltr'><strong>ὧν</strong></span> <span class='ocrx_word' id='word_1_98' title='bbox 1487 1212 1761 1273; x_wconf 76' lang='grc' dir='ltr'><strong>ὖπονοοῦσί</strong></span> 
     </span>
     <span class='ocr_line' id='line_1_14' title="bbox 195 1301 1763 1391; baseline -0.006 -21"><span class='ocrx_word' id='word_1_99' title='bbox 195 1334 253 1370; x_wconf 86' lang='grc' dir='ltr'><strong>σε</strong></span> <span class='ocrx_word' id='word_1_100' title='bbox 277 1310 554 1391; x_wconf 78' lang='grc' dir='ltr'><strong>βούλεσθαι</strong></span> <span class='ocrx_word' id='word_1_101' title='bbox 575 1305 844 1387; x_wconf 81' lang='grc' dir='ltr'><strong>πράττειν,</strong></span> <span class='ocrx_word' id='word_1_102' title='bbox 871 1305 962 1365; x_wconf 80' lang='grc' dir='ltr'><strong>καὶ</strong></span> <span class='ocrx_word' id='word_1_103' title='bbox 988 1304 1158 1385; x_wconf 85' lang='grc' dir='ltr'><strong>λέγειν</strong></span> <span class='ocrx_word' id='word_1_104' title='bbox 1195 1307 1266 1371; x_wconf 79' lang='grc' dir='ltr'><strong>ὡς</strong></span> <span class='ocrx_word' id='word_1_105' title='bbox 1292 1304 1373 1362; x_wconf 85' lang='grc' dir='ltr'><strong>δεῖ</strong></span> <span class='ocrx_word' id='word_1_106' title='bbox 1399 1301 1763 1379; x_wconf 80' lang='grc' dir='ltr'><strong>παυσαμένους</strong></span> 
     </span>
     <span class='ocr_line' id='line_1_15' title="bbox 121 1389 1762 1477; baseline -0.009 -15"><span class='ocrx_word' id='word_1_107' title='bbox 121 1422 169 1462; x_wconf 85' lang='lat' dir='ltr'><strong>to</strong></span> <span class='ocrx_word' id='word_1_108' title='bbox 193 1403 288 1471; x_wconf 73' lang='grc' dir='ltr'><strong>τῆς</strong></span> <span class='ocrx_word' id='word_1_109' title='bbox 311 1398 501 1477; x_wconf 81' lang='grc' dir='ltr'><strong>μανίας</strong></span> <span class='ocrx_word' id='word_1_110' title='bbox 527 1396 618 1457; x_wconf 81' lang='grc' dir='ltr'><strong>καὶ</strong></span> <span class='ocrx_word' id='word_1_111' title='bbox 643 1400 736 1468; x_wconf 73' lang='grc' dir='ltr'><strong>τῆς</strong></span> <span class='ocrx_word' id='word_1_112' title='bbox 773 1392 1098 1464; x_wconf 82' lang='grc' dir='ltr'><strong>πλεονεξίας,</strong></span> <span class='ocrx_word' id='word_1_113' title='bbox 1123 1392 1188 1465; x_wconf 86' lang='grc' dir='ltr'><strong>ἣν</strong></span> <span class='ocrx_word' id='word_1_114' title='bbox 1219 1394 1484 1451; x_wconf 69' lang='grc' dir='ltr'><strong>ἐποιοῦντο</strong></span> <span class='ocrx_word' id='word_1_115' title='bbox 1509 1389 1636 1471; x_wconf 86' lang='grc' dir='ltr'><strong>πρὸς</strong></span> <span class='ocrx_word' id='word_1_116' title='bbox 1662 1392 1762 1449; x_wconf 73' lang='grc' dir='ltr'><strong>ἅλ’-</strong></span> 
     </span>
     <span class='ocr_line' id='line_1_16' title="bbox 196 1478 1758 1561; baseline -0.006 -14"><span class='ocrx_word' id='word_1_117' title='bbox 196 1486 416 1561; x_wconf 75' lang='grc' dir='ltr'><strong>λῆλους,</strong></span> <span class='ocrx_word' id='word_1_118' title='bbox 440 1488 511 1553; x_wconf 80' lang='grc' dir='ltr'><strong>εἰς</strong></span> <span class='ocrx_word' id='word_1_119' title='bbox 555 1482 654 1557; x_wconf 84' lang='grc' dir='ltr'><strong>τὴν</strong></span> <span class='ocrx_word' id='word_1_120' title='bbox 691 1482 868 1544; x_wconf 81' lang='grc' dir='ltr'><strong>Ἀσίαν</strong></span> <span class='ocrx_word' id='word_1_121' title='bbox 903 1482 992 1541; x_wconf 79' lang='grc' dir='ltr'><strong>τὸν</strong></span> <span class='ocrx_word' id='word_1_122' title='bbox 1031 1480 1262 1558; x_wconf 87' lang='grc' dir='ltr'><strong>πόλεμον</strong></span> <span class='ocrx_word' id='word_1_123' title='bbox 1305 1478 1608 1557; x_wconf 75' lang='grc' dir='ltr'><strong>ἐξενεγκεῖν.</strong></span> <span class='ocrx_word' id='word_1_124' title='bbox 1693 1480 1758 1557; x_wconf 77' lang='grc'><strong>(3)</strong></span> 
     </span>
    </p>
   </div>
   <div class='ocr_carea' id='block_1_8' title="bbox 1847 994 3417 1543">
    <p class='ocr_par' dir='ltr' id='par_1_8' title="bbox 1847 994 3417 1543">
     <span class='ocr_line' id='line_1_17' title="bbox 1847 994 3416 1058; baseline 0.002 -14"><span class='ocrx_word' id='word_1_125' title='bbox 1847 994 1973 1044; x_wconf 78' lang='lat' dir='ltr'><strong>alius</strong></span> <span class='ocrx_word' id='word_1_126' title='bbox 1994 996 2099 1045; x_wconf 87' lang='lat' dir='ltr'><strong>erat</strong></span> <span class='ocrx_word' id='word_1_127' title='bbox 2115 1008 2273 1044; x_wconf 87' lang='lat' dir='ltr'><strong>rerum</strong></span> <span class='ocrx_word' id='word_1_128' title='bbox 2294 997 2463 1046; x_wconf 76' lang='lat' dir='ltr'><strong>status.</strong></span> <span class='ocrx_word' id='word_1_129' title='bbox 2526 996 2664 1045; x_wconf 81' lang='lat' dir='ltr'><strong>Nunc</strong></span> <span class='ocrx_word' id='word_1_130' title='bbox 2690 1007 2805 1045; x_wconf 82' lang='lat' dir='ltr'><strong>vero</strong></span> <span class='ocrx_word' id='word_1_131' title='bbox 2826 994 2875 1045; x_wconf 85' lang='lat' dir='ltr'><strong>in</strong></span> <span class='ocrx_word' id='word_1_132' title='bbox 2894 1007 2953 1045; x_wconf 88' lang='lat' dir='ltr'><strong>eo</strong></span> <span class='ocrx_word' id='word_1_133' title='bbox 2974 994 3083 1045; x_wconf 86' lang='lat' dir='ltr'><strong>ioco</strong></span> <span class='ocrx_word' id='word_1_134' title='bbox 3100 1008 3175 1045; x_wconf 87' lang='lat' dir='ltr'><strong>res</strong></span> <span class='ocrx_word' id='word_1_135' title='bbox 3196 999 3336 1058; x_wconf 86' lang='lat' dir='ltr'><strong>sunt,</strong></span> <span class='ocrx_word' id='word_1_136' title='bbox 3362 998 3416 1047; x_wconf 83' lang='lat' dir='ltr'><strong>ut</strong></span> 
     </span>
     <span class='ocr_line' id='line_1_18' title="bbox 1848 1090 3417 1155; baseline 0.001 -15"><span class='ocrx_word' id='word_1_137' title='bbox 1848 1090 2050 1141; x_wconf 78' lang='lat' dir='ltr'><strong>suadere</strong></span> <span class='ocrx_word' id='word_1_138' title='bbox 2071 1090 2192 1141; x_wconf 77' lang='lat' dir='ltr'><strong>nihii</strong></span> <span class='ocrx_word' id='word_1_139' title='bbox 2208 1092 2417 1155; x_wconf 84' lang='lat' dir='ltr'><strong>amplius</strong></span> <span class='ocrx_word' id='word_1_140' title='bbox 2454 1091 2518 1141; x_wconf 87' lang='lat' dir='ltr'><strong>sit</strong></span> <span class='ocrx_word' id='word_1_141' title='bbox 2538 1104 2751 1141; x_wconf 84' lang='lat' dir='ltr'><strong>necesse.</strong></span> <span class='ocrx_word' id='word_1_142' title='bbox 2814 1092 2935 1141; x_wconf 76' lang='lat' dir='ltr'><strong>Nam</strong></span> <span class='ocrx_word' id='word_1_143' title='bbox 2964 1095 3155 1155; x_wconf 84' lang='lat' dir='ltr'><strong>propter</strong></span> <span class='ocrx_word' id='word_1_144' title='bbox 3186 1092 3417 1143; x_wconf 82' lang='lat' dir='ltr'><strong>commis·</strong></span> 
     </span>
     <span class='ocr_line' id='line_1_19' title="bbox 1849 1186 3417 1251; baseline 0 -13"><span class='ocrx_word' id='word_1_145' title='bbox 1849 1200 1961 1238; x_wconf 89' lang='lat' dir='ltr'><strong>sum</strong></span> <span class='ocrx_word' id='word_1_146' title='bbox 1980 1188 2198 1251; x_wconf 80' lang='lat' dir='ltr'><strong>praelium</strong></span> <span class='ocrx_word' id='word_1_147' title='bbox 2220 1201 2389 1239; x_wconf 88' lang='lat' dir='ltr'><strong>omnes</strong></span> <span class='ocrx_word' id='word_1_148' title='bbox 2411 1188 2564 1238; x_wconf 85' lang='lat' dir='ltr'><strong>eoacti</strong></span> <span class='ocrx_word' id='word_1_149' title='bbox 2586 1194 2702 1237; x_wconf 87' lang='lat' dir='ltr'><strong>sunt</strong></span> <span class='ocrx_word' id='word_1_150' title='bbox 2736 1186 2796 1237; x_wconf 88' lang='lat' dir='ltr'><strong>ad</strong></span> <span class='ocrx_word' id='word_1_151' title='bbox 2832 1200 2997 1237; x_wconf 78' lang='lat' dir='ltr'><strong>sanam</strong></span> <span class='ocrx_word' id='word_1_152' title='bbox 3020 1193 3230 1237; x_wconf 80' lang='lat' dir='ltr'><strong>mentem</strong></span> <span class='ocrx_word' id='word_1_153' title='bbox 3262 1186 3417 1238; x_wconf 87' lang='lat' dir='ltr'><strong>redire</strong></span> 
     </span>
     <span class='ocr_line' id='line_1_20' title="bbox 1850 1284 3415 1349; baseline -0.001 -14"><span class='ocrx_word' id='word_1_154' title='bbox 1850 1289 1902 1335; x_wconf 86' lang='lat' dir='ltr'><strong>et</strong></span> <span class='ocrx_word' id='word_1_155' title='bbox 1918 1298 1974 1335; x_wconf 85' lang='lat' dir='ltr'><strong>ea</strong></span> <span class='ocrx_word' id='word_1_156' title='bbox 1992 1284 2281 1347; x_wconf 88' lang='lat' dir='ltr'><strong>desiderare,</strong></span> <span class='ocrx_word' id='word_1_157' title='bbox 2310 1299 2419 1349; x_wconf 82' lang='lat' dir='ltr'><strong>quoe</strong></span> <span class='ocrx_word' id='word_1_158' title='bbox 2442 1290 2491 1335; x_wconf 87' lang='lat' dir='ltr'><strong>te</strong></span> <span class='ocrx_word' id='word_1_159' title='bbox 2514 1285 2637 1335; x_wconf 85' lang='lat' dir='ltr'><strong>velie</strong></span> <span class='ocrx_word' id='word_1_160' title='bbox 2671 1284 2825 1335; x_wconf 75' lang='lat' dir='ltr'><strong>iacere</strong></span> <span class='ocrx_word' id='word_1_161' title='bbox 2848 1285 3173 1349; x_wconf 79' lang='lat' dir='ltr'><strong>suspicantur,</strong></span> <span class='ocrx_word' id='word_1_162' title='bbox 3194 1286 3244 1335; x_wconf 86' lang='lat' dir='ltr'><strong>et</strong></span> <span class='ocrx_word' id='word_1_163' title='bbox 3268 1284 3415 1348; x_wconf 81' lang='lat' dir='ltr'><strong>proii-</strong></span> 
     </span>
     <span class='ocr_line' id='line_1_21' title="bbox 1851 1382 3415 1447; baseline -0.001 -14"><span class='ocrx_word' id='word_1_164' title='bbox 1851 1385 1941 1433; x_wconf 85' lang='lat' dir='ltr'><strong>teri</strong></span> <span class='ocrx_word' id='word_1_165' title='bbox 1959 1383 2137 1434; x_wconf 88' lang='lat' dir='ltr'><strong>omissa</strong></span> <span class='ocrx_word' id='word_1_166' title='bbox 2172 1384 2354 1434; x_wconf 79' lang='lat' dir='ltr'><strong>insanis</strong></span> <span class='ocrx_word' id='word_1_167' title='bbox 2384 1387 2433 1433; x_wconf 90' lang='lat' dir='ltr'><strong>et</strong></span> <span class='ocrx_word' id='word_1_168' title='bbox 2468 1383 2693 1445; x_wconf 80' lang='lat' dir='ltr'><strong>avaritia,</strong></span> <span class='ocrx_word' id='word_1_169' title='bbox 2722 1396 2817 1447; x_wconf 89' lang='lat' dir='ltr'><strong>qua</strong></span> <span class='ocrx_word' id='word_1_170' title='bbox 2838 1383 2957 1433; x_wconf 76' lang='lat' dir='ltr'><strong>elios</strong></span> <span class='ocrx_word' id='word_1_171' title='bbox 2988 1382 3068 1433; x_wconf 81' lang='lat' dir='ltr'><strong>atii</strong></span> <span class='ocrx_word' id='word_1_172' title='bbox 3091 1383 3415 1445; x_wconf 72' lang='lat' dir='ltr'>exagitarent,</span> 
     </span>
     <span class='ocr_line' id='line_1_22' title="bbox 1850 1476 3417 1543; baseline -0.001 -15"><span class='ocrx_word' id='word_1_173' title='bbox 1850 1477 2029 1529; x_wconf 86' lang='lat' dir='ltr'><strong>beilum</strong></span> <span class='ocrx_word' id='word_1_174' title='bbox 2066 1479 2113 1529; x_wconf 89' lang='lat' dir='ltr'><strong>in</strong></span> <span class='ocrx_word' id='word_1_175' title='bbox 2155 1480 2314 1530; x_wconf 81' lang='lat' dir='ltr'><strong>Asiam</strong></span> <span class='ocrx_word' id='word_1_176' title='bbox 2349 1492 2454 1530; x_wconf 83' lang='lat' dir='ltr'><strong>esse</strong></span> <span class='ocrx_word' id='word_1_177' title='bbox 2494 1479 2893 1531; x_wconf 78' lang='lat' dir='ltr'><strong>transferendum.</strong></span> <span class='ocrx_word' id='word_1_178' title='bbox 2983 1480 3052 1543; x_wconf 89' lang='grc'><strong>(3)</strong></span> <span class='ocrx_word' id='word_1_179' title='bbox 3094 1482 3251 1543; x_wconf 79' lang='lat' dir='ltr'><strong>Atque</strong></span> <span class='ocrx_word' id='word_1_180' title='bbox 3295 1476 3417 1528; x_wconf 87' lang='lat' dir='ltr'><strong>illud</strong></span> 
     </span>
    </p>
   </div>
   <div class='ocr_carea' id='block_1_9' title="bbox 194 1564 3419 1745">
    <p class='ocr_par' dir='ltr' id='par_1_9' title="bbox 194 1564 3419 1745">
     <span class='ocr_line' id='line_1_23' title="bbox 199 1564 3419 1651; baseline -0.003 -14"><span class='ocrx_word' id='word_1_181' title='bbox 199 1575 313 1637; x_wconf 80' lang='grc' dir='ltr'><strong>Καὶ</strong></span> <span class='ocrx_word' id='word_1_182' title='bbox 349 1572 534 1634; x_wconf 81' lang='grc' dir='ltr'><strong>πολλοὶ</strong></span> <span class='ocrx_word' id='word_1_183' title='bbox 564 1571 908 1631; x_wconf 81' lang='grc' dir='ltr'><strong>πυνθάνονται</strong></span> <span class='ocrx_word' id='word_1_184' title='bbox 933 1572 1062 1651; x_wconf 89' lang='grc' dir='ltr'><strong>παρ’</strong></span> <span class='ocrx_word' id='word_1_185' title='bbox 1103 1572 1232 1648; x_wconf 74' lang='grc' dir='ltr'><strong>ἐμοῦ</strong></span> <span class='ocrx_word' id='word_1_186' title='bbox 1270 1566 1486 1648; x_wconf 79' lang='grc' dir='ltr'><strong>πότερον</strong></span> <span class='ocrx_word' id='word_1_187' title='bbox 1530 1564 1634 1645; x_wconf 83' lang='grc' dir='ltr'><strong>ἐγώ</strong></span> <span class='ocrx_word' id='word_1_188' title='bbox 1678 1588 1759 1625; x_wconf 89' lang='grc' dir='ltr'><strong>σοι</strong></span> <span class='ocrx_word' id='word_1_189' title='bbox 1849 1577 2119 1640; x_wconf 82' lang='lat' dir='ltr'><strong>complures</strong></span> <span class='ocrx_word' id='word_1_190' title='bbox 2139 1589 2197 1627; x_wconf 80' lang='lat' dir='ltr'><strong>ex</strong></span> <span class='ocrx_word' id='word_1_191' title='bbox 2242 1590 2321 1627; x_wconf 87' lang='lat' dir='ltr'><strong>me</strong></span> <span class='ocrx_word' id='word_1_192' title='bbox 2356 1584 2608 1640; x_wconf 75' lang='lat' dir='ltr'><strong>quaerunt,</strong></span> <span class='ocrx_word' id='word_1_193' title='bbox 2633 1580 2795 1628; x_wconf 87' lang='lat' dir='ltr'><strong>utrum</strong></span> <span class='ocrx_word' id='word_1_194' title='bbox 2830 1590 2917 1639; x_wconf 80' lang='lat' dir='ltr'><strong>ego</strong></span> <span class='ocrx_word' id='word_1_195' title='bbox 2962 1576 3047 1626; x_wconf 87' lang='lat' dir='ltr'><strong>tibi</strong></span> <span class='ocrx_word' id='word_1_196' title='bbox 3081 1575 3313 1627; x_wconf 74' lang='lat' dir='ltr'><strong>suaserim</strong></span> <span class='ocrx_word' id='word_1_197' title='bbox 3364 1580 3419 1626; x_wconf 89' lang='lat' dir='ltr'><strong>ut</strong></span> 
     </span>
     <span class='ocr_line' id='line_1_24' title="bbox 194 1645 3414 1745; baseline -0.002 -15"><span class='ocrx_word' id='word_1_198' title='bbox 194 1662 471 1745; x_wconf 65' lang='grc' dir='ltr'><strong>παρῄνεσα</strong></span> <span class='ocrx_word' id='word_1_199' title='bbox 494 1661 753 1721; x_wconf 58' lang='grc' dir='ltr'><strong>ποιεῖσθαι</strong></span> <span class='ocrx_word' id='word_1_200' title='bbox 779 1658 874 1731; x_wconf 50' lang='lat' dir='ltr'><strong>“dv</strong></span> <span class='ocrx_word' id='word_1_201' title='bbox 899 1657 1174 1740; x_wconf 63' lang='grc' dir='ltr'><strong>στρατείαν</strong></span> <span class='ocrx_word' id='word_1_202' title='bbox 1194 1656 1292 1729; x_wconf 65' lang='grc' dir='ltr'><strong>τὴν</strong></span> <span class='ocrx_word' id='word_1_203' title='bbox 1313 1656 1398 1715; x_wconf 59' lang='grc' dir='ltr'><strong>ἕπῖ</strong></span> <span class='ocrx_word' id='word_1_204' title='bbox 1417 1652 1534 1722; x_wconf 61' lang='grc' dir='ltr'><strong>τὼς</strong></span> <span class='ocrx_word' id='word_1_205' title='bbox 1565 1652 1761 1734; x_wconf 69' lang='grc' dir='ltr'>βαρόἄ·</span> <span class='ocrx_word' id='word_1_206' title='bbox 1777 1645 1824 1710; x_wconf 79' lang='lat' dir='ltr'>b</span> <span class='ocrx_word' id='word_1_207' title='bbox 1849 1673 2202 1737; x_wconf 78' lang='lat' dir='ltr'><strong>expeditionem</strong></span> <span class='ocrx_word' id='word_1_208' title='bbox 2270 1680 2436 1725; x_wconf 77' lang='lat' dir='ltr'><strong>contra</strong></span> <span class='ocrx_word' id='word_1_209' title='bbox 2499 1675 2730 1726; x_wconf 81' lang='lat' dir='ltr'><strong>barbarus</strong></span> <span class='ocrx_word' id='word_1_210' title='bbox 2793 1676 3063 1738; x_wconf 79' lang='lat' dir='ltr'><strong>susciperes</strong></span> <span class='ocrx_word' id='word_1_211' title='bbox 3080 1710 3099 1738; x_wconf 93' lang='lat'><strong>,</strong></span> <span class='ocrx_word' id='word_1_212' title='bbox 3144 1686 3208 1724; x_wconf 86' lang='lat' dir='ltr'><strong>an</strong></span> <span class='ocrx_word' id='word_1_213' title='bbox 3268 1688 3382 1725; x_wconf 82' lang='lat' dir='ltr'><strong>vero</strong></span> <span class='ocrx_word' id='word_1_214' title='bbox 3398 1708 3414 1735; x_wconf 96' lang='lat'><strong>,</strong></span> 
     </span>
    </p>
   </div>
   <div class='ocr_carea' id='block_1_10' title="bbox 119 1740 1762 2357">
    <p class='ocr_par' dir='ltr' id='par_1_10' title="bbox 119 1740 1762 2357">
     <span class='ocr_line' id='line_1_25' title="bbox 199 1740 1761 1833; baseline -0.006 -24"><span class='ocrx_word' id='word_1_215' title='bbox 199 1775 346 1833; x_wconf 88' lang='grc' dir='ltr'><strong>ρους,</strong></span> <span class='ocrx_word' id='word_1_216' title='bbox 372 1749 410 1822; x_wconf 77' lang='grc' dir='ltr'>ἢ</span> <span class='ocrx_word' id='word_1_217' title='bbox 439 1754 528 1809; x_wconf 79' lang='grc' dir='ltr'><strong>σοῦ</strong></span> <span class='ocrx_word' id='word_1_218' title='bbox 568 1746 922 1819; x_wconf 82' lang='grc' dir='ltr'><strong>διανοηθέντος</strong></span> <span class='ocrx_word' id='word_1_219' title='bbox 959 1749 1217 1805; x_wconf 85' lang='grc' dir='ltr'><strong>συνεῖπον·</strong></span> <span class='ocrx_word' id='word_1_220' title='bbox 1253 1742 1356 1823; x_wconf 80' lang='grc' dir='ltr'><strong>ἐγὼ</strong></span> <span class='ocrx_word' id='word_1_221' title='bbox 1377 1744 1423 1802; x_wconf 84' lang='grc' dir='ltr'><strong>δ’</strong></span> <span class='ocrx_word' id='word_1_222' title='bbox 1455 1744 1551 1803; x_wconf 82' lang='grc' dir='ltr'><strong>οὐκ</strong></span> <span class='ocrx_word' id='word_1_223' title='bbox 1572 1740 1761 1801; x_wconf 80' lang='grc' dir='ltr'><strong>εἰδέναι</strong></span> 
     </span>
     <span class='ocr_line' id='line_1_26' title="bbox 123 1830 1761 1920; baseline -0.005 -23"><span class='ocrx_word' id='word_1_224' title='bbox 123 1860 168 1897; x_wconf 78' lang='lat' dir='ltr'><strong>is</strong></span> <span class='ocrx_word' id='word_1_225' title='bbox 197 1839 295 1919; x_wconf 82' lang='grc' dir='ltr'><strong>μέν</strong></span> <span class='ocrx_word' id='word_1_226' title='bbox 324 1862 459 1920; x_wconf 88' lang='grc' dir='ltr'><strong>φημι</strong></span> <span class='ocrx_word' id='word_1_227' title='bbox 494 1836 555 1897; x_wconf 82' lang='grc' dir='ltr'><strong>τὸ</strong></span> <span class='ocrx_word' id='word_1_228' title='bbox 590 1835 750 1917; x_wconf 83' lang='grc' dir='ltr'><strong>σαφές</strong></span> <span class='ocrx_word' id='word_1_229' title='bbox 781 1837 870 1912; x_wconf 85' lang='grc' dir='ltr'><strong>(οὗ</strong></span> <span class='ocrx_word' id='word_1_230' title='bbox 910 1833 1012 1916; x_wconf 77' lang='grc' dir='ltr'><strong>γὰρ</strong></span> <span class='ocrx_word' id='word_1_231' title='bbox 1042 1831 1448 1914; x_wconf 83' lang='grc' dir='ltr'><strong>συγγεγενῆσθαί</strong></span> <span class='ocrx_word' id='word_1_232' title='bbox 1471 1854 1553 1892; x_wconf 88' lang='grc' dir='ltr'><strong>σοι</strong></span> <span class='ocrx_word' id='word_1_233' title='bbox 1575 1830 1761 1912; x_wconf 81' lang='grc' dir='ltr'><strong>πρότε-</strong></span> 
     </span>
     <span class='ocr_line' id='line_1_27' title="bbox 197 1916 1761 2012; baseline -0.006 -25"><span class='ocrx_word' id='word_1_234' title='bbox 197 1926 351 2012; x_wconf 76' lang='grc' dir='ltr'><strong>ρον),</strong></span> <span class='ocrx_word' id='word_1_235' title='bbox 373 1928 433 1987; x_wconf 86' lang='grc' dir='ltr'><strong>οὗ</strong></span> <span class='ocrx_word' id='word_1_236' title='bbox 456 1922 562 2004; x_wconf 79' lang='grc' dir='ltr'><strong>μὴν</strong></span> <span class='ocrx_word' id='word_1_237' title='bbox 589 1920 936 1983; x_wconf 77' lang='grc' dir='ltr'><strong>ἀλλ’.οἴεσθαι</strong></span> <span class='ocrx_word' id='word_1_238' title='bbox 967 1921 1024 1981; x_wconf 86' lang='grc' dir='ltr'><strong>σὲ</strong></span> <span class='ocrx_word' id='word_1_239' title='bbox 1051 1921 1145 2000; x_wconf 85' lang='grc' dir='ltr'><strong>μὲν</strong></span> <span class='ocrx_word' id='word_1_240' title='bbox 1177 1919 1456 1997; x_wconf 79' lang='grc' dir='ltr'><strong>ἐγνωκέναι</strong></span> <span class='ocrx_word' id='word_1_241' title='bbox 1485 1919 1606 2001; x_wconf 80' lang='grc' dir='ltr'><strong>περὶ</strong></span> <span class='ocrx_word' id='word_1_242' title='bbox 1642 1916 1761 1977; x_wconf 75' lang='grc' dir='ltr'><strong>τού·</strong></span> 
     </span>
     <span class='ocr_line' id='line_1_28' title="bbox 195 2008 1762 2095; baseline -0.008 -19"><span class='ocrx_word' id='word_1_243' title='bbox 195 2040 318 2089; x_wconf 87' lang='grc' dir='ltr'><strong>των,</strong></span> <span class='ocrx_word' id='word_1_244' title='bbox 341 2013 436 2093; x_wconf 70' lang='grc' dir='ltr'><strong>ἐμὲ</strong></span> <span class='ocrx_word' id='word_1_245' title='bbox 465 2014 520 2073; x_wconf 73' lang='grc' dir='ltr'><strong>δὲ</strong></span> <span class='ocrx_word' id='word_1_246' title='bbox 548 2010 907 2095; x_wconf 86' lang='grc' dir='ltr'><strong>συνειρηκέναι</strong></span> <span class='ocrx_word' id='word_1_247' title='bbox 934 2018 1046 2077; x_wconf 87' lang='grc' dir='ltr'><strong>ταῖς</strong></span> <span class='ocrx_word' id='word_1_248' title='bbox 1077 2011 1190 2077; x_wconf 86' lang='grc' dir='ltr'><strong>σαῖς</strong></span> <span class='ocrx_word' id='word_1_249' title='bbox 1218 2008 1534 2087; x_wconf 78' lang='grc' dir='ltr'><strong>ἐπιθυμίαις.</strong></span> <span class='ocrx_word' id='word_1_250' title='bbox 1575 2010 1762 2069; x_wconf 78' lang='grc' dir='ltr'><strong>Ταῦτα</strong></span> 
     </span>
     <span class='ocr_line' id='line_1_29' title="bbox 198 2095 1762 2177; baseline -0.006 -14"><span class='ocrx_word' id='word_1_251' title='bbox 198 2104 242 2163; x_wconf 84' lang='grc' dir='ltr'><strong>δ’</strong></span> <span class='ocrx_word' id='word_1_252' title='bbox 277 2102 547 2169; x_wconf 78' lang='grc' dir='ltr'><strong>ἀκούοντες</strong></span> <span class='ocrx_word' id='word_1_253' title='bbox 578 2097 782 2161; x_wconf 78' lang='grc' dir='ltr'><strong>ἐδέοντό</strong></span> <span class='ocrx_word' id='word_1_254' title='bbox 813 2122 911 2177; x_wconf 87' lang='grc' dir='ltr'><strong>μου</strong></span> <span class='ocrx_word' id='word_1_255' title='bbox 952 2096 1143 2165; x_wconf 85' lang='grc' dir='ltr'><strong>πάντες</strong></span> <span class='ocrx_word' id='word_1_256' title='bbox 1186 2095 1636 2177; x_wconf 81' lang='grc' dir='ltr'><strong>παρακελεύεσθαί</strong></span> <span class='ocrx_word' id='word_1_257' title='bbox 1677 2118 1762 2154; x_wconf 90' lang='grc' dir='ltr'><strong>σοι</strong></span> 
     </span>
     <span class='ocr_line' id='line_1_30' title="bbox 196 2184 1761 2273; baseline -0.007 -21"><span class='ocrx_word' id='word_1_258' title='bbox 196 2191 287 2253; x_wconf 72' lang='grc' dir='ltr'><strong>καὶ</strong></span> <span class='ocrx_word' id='word_1_259' title='bbox 312 2189 622 2273; x_wconf 82' lang='grc' dir='ltr'><strong>προτρέπειν</strong></span> <span class='ocrx_word' id='word_1_260' title='bbox 651 2188 740 2249; x_wconf 74' lang='grc' dir='ltr'><strong>ἐπὶ</strong></span> <span class='ocrx_word' id='word_1_261' title='bbox 767 2191 870 2247; x_wconf 85' lang='grc' dir='ltr'><strong>τῶν</strong></span> <span class='ocrx_word' id='word_1_262' title='bbox 900 2187 1071 2246; x_wconf 82' lang='grc' dir='ltr'><strong>αὐτῶν</strong></span> <span class='ocrx_word' id='word_1_263' title='bbox 1109 2184 1305 2245; x_wconf 73' lang='grc' dir='ltr'><strong>τούτων</strong></span> <span class='ocrx_word' id='word_1_264' title='bbox 1353 2184 1544 2264; x_wconf 88' lang='grc' dir='ltr'><strong>μένειν,</strong></span> <span class='ocrx_word' id='word_1_265' title='bbox 1571 2188 1641 2251; x_wconf 77' lang='grc' dir='ltr'><strong>ὡς</strong></span> <span class='ocrx_word' id='word_1_266' title='bbox 1666 2185 1761 2244; x_wconf 82' lang='grc' dir='ltr'><strong>οὖ-</strong></span> 
     </span>
     <span class='ocr_line' id='line_1_31' title="bbox 119 2268 1762 2357; baseline -0.008 -17"><span class='ocrx_word' id='word_1_267' title='bbox 119 2294 174 2332; x_wconf 80' lang='lat'><strong>20</strong></span> <span class='ocrx_word' id='word_1_268' title='bbox 201 2278 376 2339; x_wconf 86' lang='grc' dir='ltr'><strong>δέποτ’</strong></span> <span class='ocrx_word' id='word_1_269' title='bbox 407 2276 470 2338; x_wconf 73' lang='grc' dir='ltr'><strong>ἃν</strong></span> <span class='ocrx_word' id='word_1_270' title='bbox 497 2275 788 2357; x_wconf 80' lang='grc' dir='ltr'><strong>γενομένων</strong></span> <span class='ocrx_word' id='word_1_271' title='bbox 817 2272 934 2335; x_wconf 79' lang='grc' dir='ltr'><strong>οὔτε</strong></span> <span class='ocrx_word' id='word_1_272' title='bbox 961 2274 1250 2333; x_wconf 85' lang='grc' dir='ltr'><strong>καλλιόνων</strong></span> <span class='ocrx_word' id='word_1_273' title='bbox 1290 2272 1454 2353; x_wconf 83' lang='grc' dir='ltr'><strong>ἔργων</strong></span> <span class='ocrx_word' id='word_1_274' title='bbox 1483 2268 1597 2332; x_wconf 74' lang='grc' dir='ltr'><strong>οὔτ’</strong></span> <span class='ocrx_word' id='word_1_275' title='bbox 1624 2270 1762 2350; x_wconf 82' lang='grc' dir='ltr'><strong>ὠφε-</strong></span> 
     </span>
    </p>
   </div>
   <div class='ocr_carea' id='block_1_11' title="bbox 1848 1770 3419 2331">
    <p class='ocr_par' dir='ltr' id='par_1_11' title="bbox 1848 1770 3419 2331">
     <span class='ocr_line' id='line_1_32' title="bbox 1848 1770 3418 1836; baseline 0.001 -16"><span class='ocrx_word' id='word_1_276' title='bbox 1848 1784 1999 1835; x_wconf 87' lang='lat' dir='ltr'><strong>quum</strong></span> <span class='ocrx_word' id='word_1_277' title='bbox 2026 1774 2080 1821; x_wconf 89' lang='lat' dir='ltr'><strong>tu</strong></span> <span class='ocrx_word' id='word_1_278' title='bbox 2094 1770 2193 1834; x_wconf 75' lang='lat' dir='ltr'><strong>ism</strong></span> <span class='ocrx_word' id='word_1_279' title='bbox 2217 1771 2267 1821; x_wconf 91' lang='lat' dir='ltr'><strong>id</strong></span> <span class='ocrx_word' id='word_1_280' title='bbox 2288 1772 2603 1836; x_wconf 80' lang='lat' dir='ltr'><strong>decrevisses,</strong></span> <span class='ocrx_word' id='word_1_281' title='bbox 2625 1786 2713 1835; x_wconf 80' lang='lat' dir='ltr'><strong>ego</strong></span> <span class='ocrx_word' id='word_1_282' title='bbox 2736 1773 2987 1823; x_wconf 58' lang='lat' dir='ltr'><strong>sententias</strong></span> <span class='ocrx_word' id='word_1_283' title='bbox 3006 1777 3105 1823; x_wconf 79' lang='lat' dir='ltr'><strong>tuae</strong></span> <span class='ocrx_word' id='word_1_284' title='bbox 3122 1772 3418 1835; x_wconf 74' lang='lat' dir='ltr'><strong>approbator</strong></span> 
     </span>
     <span class='ocr_line' id='line_1_33' title="bbox 1849 1868 3417 1933; baseline 0 -14"><span class='ocrx_word' id='word_1_285' title='bbox 1849 1868 2150 1919; x_wconf 71' lang='lat' dir='ltr'><strong>accesserim.</strong></span> <span class='ocrx_word' id='word_1_286' title='bbox 2173 1872 2275 1932; x_wconf 78' lang='lat' dir='ltr'><strong>Ego</strong></span> <span class='ocrx_word' id='word_1_287' title='bbox 2296 1884 2413 1920; x_wconf 84' lang='lat' dir='ltr'><strong>vero</strong></span> <span class='ocrx_word' id='word_1_288' title='bbox 2440 1870 2559 1921; x_wconf 85' lang='lat' dir='ltr'><strong>nihii</strong></span> <span class='ocrx_word' id='word_1_289' title='bbox 2576 1884 2654 1920; x_wconf 89' lang='lat' dir='ltr'><strong>me</strong></span> <span class='ocrx_word' id='word_1_290' title='bbox 2674 1870 2740 1921; x_wconf 85' lang='lat' dir='ltr'><strong>de</strong></span> <span class='ocrx_word' id='word_1_291' title='bbox 2761 1884 2819 1921; x_wconf 88' lang='lat' dir='ltr'><strong>eo</strong></span> <span class='ocrx_word' id='word_1_292' title='bbox 2844 1870 3077 1933; x_wconf 82' lang='lat' dir='ltr'><strong>comperti</strong></span> <span class='ocrx_word' id='word_1_293' title='bbox 3094 1868 3268 1920; x_wconf 83' lang='lat' dir='ltr'><strong>hahere</strong></span> <span class='ocrx_word' id='word_1_294' title='bbox 3285 1868 3417 1930; x_wconf 85' lang='lat' dir='ltr'><strong>dico;</strong></span> 
     </span>
     <span class='ocr_line' id='line_1_34' title="bbox 1849 1970 3409 2033; baseline 0.001 -16"><span class='ocrx_word' id='word_1_295' title='bbox 1849 1980 2007 2032; x_wconf 83' lang='lat' dir='ltr'><strong>neque</strong></span> <span class='ocrx_word' id='word_1_296' title='bbox 2018 1970 2145 2020; x_wconf 85' lang='lat' dir='ltr'><strong>enim</strong></span> <span class='ocrx_word' id='word_1_297' title='bbox 2157 1970 2287 2033; x_wconf 83' lang='lat' dir='ltr'><strong>prius</strong></span> <span class='ocrx_word' id='word_1_298' title='bbox 2298 1975 2455 2021; x_wconf 90' lang='lat' dir='ltr'><strong>tecum</strong></span> <span class='ocrx_word' id='word_1_299' title='bbox 2466 1972 2747 2022; x_wconf 81' lang='lat' dir='ltr'><strong>convenisse</strong></span> <span class='ocrx_word' id='word_1_300' title='bbox 2762 1990 2773 2021; x_wconf 72' lang='grc' dir='ltr'><strong>ι</strong></span> <span class='ocrx_word' id='word_1_301' title='bbox 2786 1970 2871 2021; x_wconf 86' lang='lat' dir='ltr'><strong>sed</strong></span> <span class='ocrx_word' id='word_1_302' title='bbox 2882 1974 3049 2033; x_wconf 82' lang='lat' dir='ltr'><strong>putare</strong></span> <span class='ocrx_word' id='word_1_303' title='bbox 3056 1971 3242 2031; x_wconf 65' lang='lat' dir='ltr'><strong>umen,</strong></span> <span class='ocrx_word' id='word_1_304' title='bbox 3256 1982 3409 2033; x_wconf 86' lang='lat' dir='ltr'><strong>quum</strong></span> 
     </span>
     <span class='ocr_line' id='line_1_35' title="bbox 1849 2068 3412 2133; baseline 0.001 -15"><span class='ocrx_word' id='word_1_305' title='bbox 1849 2068 1940 2119; x_wconf 87' lang='lat' dir='ltr'><strong>tibi</strong></span> <span class='ocrx_word' id='word_1_306' title='bbox 1964 2069 2011 2119; x_wconf 89' lang='lat' dir='ltr'><strong>id</strong></span> <span class='ocrx_word' id='word_1_307' title='bbox 2027 2070 2127 2132; x_wconf 74' lang='lat' dir='ltr'><strong>iam</strong></span> <span class='ocrx_word' id='word_1_308' title='bbox 2150 2076 2289 2122; x_wconf 79' lang='lat' dir='ltr'><strong>antes</strong></span> <span class='ocrx_word' id='word_1_309' title='bbox 2319 2071 2633 2123; x_wconf 86' lang='lat' dir='ltr'><strong>deliberatum</strong></span> <span class='ocrx_word' id='word_1_310' title='bbox 2665 2076 2820 2133; x_wconf 87' lang='lat' dir='ltr'><strong>esset,</strong></span> <span class='ocrx_word' id='word_1_311' title='bbox 2852 2084 2930 2121; x_wconf 89' lang='lat' dir='ltr'><strong>me</strong></span> <span class='ocrx_word' id='word_1_312' title='bbox 2950 2071 3049 2121; x_wconf 86' lang='lat' dir='ltr'><strong>tuis</strong></span> <span class='ocrx_word' id='word_1_313' title='bbox 3072 2070 3283 2121; x_wconf 71' lang='lat' dir='ltr'><strong>consiliis</strong></span> <span class='ocrx_word' id='word_1_314' title='bbox 3307 2070 3412 2121; x_wconf 75' lang='lat' dir='ltr'><strong>sut·-</strong></span> 
     </span>
     <span class='ocr_line' id='line_1_36' title="bbox 1850 2166 3419 2233; baseline 0.001 -18"><span class='ocrx_word' id='word_1_315' title='bbox 1850 2166 2085 2229; x_wconf 80' lang='lat' dir='ltr'><strong>i&#39;rsgstum</strong></span> <span class='ocrx_word' id='word_1_316' title='bbox 2100 2182 2221 2220; x_wconf 85' lang='lat' dir='ltr'><strong>esse.</strong></span> <span class='ocrx_word' id='word_1_317' title='bbox 2240 2172 2363 2229; x_wconf 82' lang='lat' dir='ltr'><strong>Quae</strong></span> <span class='ocrx_word' id='word_1_318' title='bbox 2382 2169 2450 2219; x_wconf 88' lang='lat' dir='ltr'><strong>ilii</strong></span> <span class='ocrx_word' id='word_1_319' title='bbox 2468 2182 2619 2233; x_wconf 87' lang='lat' dir='ltr'><strong>quum</strong></span> <span class='ocrx_word' id='word_1_320' title='bbox 2637 2170 2884 2229; x_wconf 84' lang='lat' dir='ltr'><strong>audirent,</strong></span> <span class='ocrx_word' id='word_1_321' title='bbox 2907 2182 3075 2219; x_wconf 84' lang='lat' dir='ltr'><strong>omnes</strong></span> <span class='ocrx_word' id='word_1_322' title='bbox 3094 2181 3172 2219; x_wconf 87' lang='lat' dir='ltr'><strong>me</strong></span> <span class='ocrx_word' id='word_1_323' title='bbox 3190 2168 3419 2231; x_wconf 75' lang='lat' dir='ltr'><strong>rogabant</strong></span> 
     </span>
     <span class='ocr_line' id='line_1_37' title="bbox 1851 2264 3412 2331; baseline 0.001 -18"><span class='ocrx_word' id='word_1_324' title='bbox 1851 2268 1906 2313; x_wconf 84' lang='lat' dir='ltr'><strong>ut</strong></span> <span class='ocrx_word' id='word_1_325' title='bbox 1928 2268 1977 2313; x_wconf 86' lang='lat' dir='ltr'><strong>te</strong></span> <span class='ocrx_word' id='word_1_326' title='bbox 2001 2264 2232 2328; x_wconf 77' lang='lat' dir='ltr'><strong>hortarer,</strong></span> <span class='ocrx_word' id='word_1_327' title='bbox 2257 2280 2319 2316; x_wconf 89' lang='lat' dir='ltr'><strong>ne</strong></span> <span class='ocrx_word' id='word_1_328' title='bbox 2336 2271 2549 2316; x_wconf 76' lang='lat' dir='ltr'><strong>mutares</strong></span> <span class='ocrx_word' id='word_1_329' title='bbox 2581 2266 2835 2316; x_wconf 86' lang='lat' dir='ltr'><strong>consilium</strong></span> <span class='ocrx_word' id='word_1_330' title='bbox 2862 2279 2874 2310; x_wconf 70' lang='grc' dir='ltr'><em>τ</em></span> <span class='ocrx_word' id='word_1_331' title='bbox 2912 2266 3312 2331; x_wconf 82' lang='lat' dir='ltr'><strong>nunqusm‚enim</strong></span> <span class='ocrx_word' id='word_1_332' title='bbox 3336 2265 3412 2316; x_wconf 87' lang='lat' dir='ltr'><strong>edi</strong></span> 
     </span>
    </p>
   </div>
   <div class='ocr_carea' id='block_1_12' title="bbox 201 2359 3414 2447">
    <p class='ocr_par' dir='ltr' id='par_1_12' title="bbox 201 2359 3414 2447">
     <span class='ocr_line' id='line_1_38' title="bbox 201 2359 3414 2447; baseline -0.003 -22"><span class='ocrx_word' id='word_1_333' title='bbox 201 2364 506 2447; x_wconf 79' lang='grc' dir='ltr'><strong>λιμωτέρων</strong></span> <span class='ocrx_word' id='word_1_334' title='bbox 523 2373 629 2431; x_wconf 88' lang='grc' dir='ltr'><strong>τοῖς</strong></span> <span class='ocrx_word' id='word_1_335' title='bbox 640 2359 899 2437; x_wconf 85' lang='grc' dir='ltr'><strong>Ἓλλησιν</strong></span> <span class='ocrx_word' id='word_1_336' title='bbox 920 2361 1026 2423; x_wconf 80' lang='grc' dir='ltr'><strong>οὔτ’</strong></span> <span class='ocrx_word' id='word_1_337' title='bbox 1049 2364 1103 2422; x_wconf 73' lang='grc' dir='ltr'><strong>ἐν</strong></span> <span class='ocrx_word' id='word_1_338' title='bbox 1122 2364 1290 2444; x_wconf 81' lang='grc' dir='ltr'><strong>καιρῷ</strong></span> <span class='ocrx_word' id='word_1_339' title='bbox 1309 2360 1508 2439; x_wconf 71' lang='grc' dir='ltr'><strong>μᾶλλον</strong></span> <span class='ocrx_word' id='word_1_340' title='bbox 1527 2364 1766 2442; x_wconf 82' lang='grc' dir='ltr'><strong>πραχθη·</strong></span> <span class='ocrx_word' id='word_1_341' title='bbox 1791 2370 1828 2414; x_wconf 83' lang='lat' dir='ltr'><strong>c</strong></span> <span class='ocrx_word' id='word_1_342' title='bbox 1851 2374 1993 2427; x_wconf 87' lang='lat' dir='ltr'><strong>posse</strong></span> <span class='ocrx_word' id='word_1_343' title='bbox 2018 2362 2273 2414; x_wconf 85' lang='lat' dir='ltr'><strong>illustriora</strong></span> <span class='ocrx_word' id='word_1_344' title='bbox 2296 2364 2529 2425; x_wconf 77' lang='lat' dir='ltr'><strong>facinora,</strong></span> <span class='ocrx_word' id='word_1_345' title='bbox 2554 2364 2631 2414; x_wconf 79' lang='lat' dir='ltr'><strong>vel</strong></span> <span class='ocrx_word' id='word_1_346' title='bbox 2664 2364 2845 2415; x_wconf 65' lang='lat' dir='ltr'><strong>Graecis</strong></span> <span class='ocrx_word' id='word_1_347' title='bbox 2886 2366 3107 2427; x_wconf 76' lang='grc' dir='ltr'><strong>ιιιίιιοηις</strong></span> <span class='ocrx_word' id='word_1_348' title='bbox 3136 2378 3293 2427; x_wconf 83' lang='lat' dir='ltr'><strong>neque</strong></span> <span class='ocrx_word' id='word_1_349' title='bbox 3330 2378 3414 2415; x_wconf 87' lang='lat' dir='ltr'><strong>un·</strong></span> 
     </span>
    </p>
   </div>
   <div class='ocr_carea' id='block_1_13' title="bbox 121 2454 1767 2978">
    <p class='ocr_par' dir='ltr' id='par_1_13' title="bbox 121 2454 1767 2978">
     <span class='ocr_line' id='line_1_39' title="bbox 200 2479 450 2517; baseline -0.016 0"><span class='ocrx_word' id='word_1_350' title='bbox 200 2479 260 2517; x_wconf 88' lang='grc' dir='ltr'><strong>σο</strong></span> <span class='ocrx_word' id='word_1_351' title='bbox 331 2479 450 2515; x_wconf 89' lang='grc' dir='ltr'><strong>νων.</strong></span> 
     </span>
     <span class='ocr_line' id='line_1_40' title="bbox 263 2454 1767 2622; baseline -0.007 -15"><span class='ocrx_word' id='word_1_352' title='bbox 263 2454 330 2607; x_wconf 49' lang='grc' dir='ltr'><strong>εἴ</strong></span> <span class='ocrx_word' id='word_1_353' title='bbox 353 2546 424 2607; x_wconf 82' lang='grc' dir='ltr'><strong>Εἰ</strong></span> <span class='ocrx_word' id='word_1_354' title='bbox 451 2542 547 2622; x_wconf 71' lang='grc' dir='ltr'><strong>μὲν</strong></span> <span class='ocrx_word' id='word_1_355' title='bbox 578 2532 667 2602; x_wconf 65' lang='grc' dir='ltr'><strong>οὖν</strong></span> <span class='ocrx_word' id='word_1_356' title='bbox 708 2530 848 2622; x_wconf 67' lang='grc' dir='ltr'><strong>εἶχον</strong></span> <span class='ocrx_word' id='word_1_357' title='bbox 883 2538 979 2613; x_wconf 81' lang='grc' dir='ltr'><strong>τὴν</strong></span> <span class='ocrx_word' id='word_1_358' title='bbox 1016 2538 1180 2611; x_wconf 79' lang='grc' dir='ltr'><strong>αὐτὴν</strong></span> <span class='ocrx_word' id='word_1_359' title='bbox 1209 2536 1426 2616; x_wconf 74' lang='grc' dir='ltr'><strong>δύναμιν</strong></span> <span class='ocrx_word' id='word_1_360' title='bbox 1445 2534 1614 2619; x_wconf 77' lang='grc' dir='ltr'><strong>ἥνπερ</strong></span> <span class='ocrx_word' id='word_1_361' title='bbox 1638 2535 1767 2618; x_wconf 87' lang='grc' dir='ltr'><strong>πρό-</strong></span> 
     </span>
     <span class='ocr_line' id='line_1_41' title="bbox 197 2618 1763 2716; baseline -0.008 -23"><span class='ocrx_word' id='word_1_362' title='bbox 197 2656 366 2716; x_wconf 91' lang='grc' dir='ltr'><strong>τερον,</strong></span> <span class='ocrx_word' id='word_1_363' title='bbox 396 2630 490 2692; x_wconf 81' lang='grc' dir='ltr'><strong>καὶ</strong></span> <span class='ocrx_word' id='word_1_364' title='bbox 541 2630 618 2710; x_wconf 75' lang='grc' dir='ltr'><strong>μὴ</strong></span> <span class='ocrx_word' id='word_1_365' title='bbox 665 2628 1004 2690; x_wconf 87' lang='grc' dir='ltr'><strong>παντάπασιν</strong></span> <span class='ocrx_word' id='word_1_366' title='bbox 1030 2618 1095 2699; x_wconf 72' lang='grc' dir='ltr'><strong>ἦν</strong></span> <span class='ocrx_word' id='word_1_367' title='bbox 1135 2623 1456 2707; x_wconf 79' lang='grc' dir='ltr'><strong>ἀπειρηκώς,</strong></span> <span class='ocrx_word' id='word_1_368' title='bbox 1482 2626 1578 2685; x_wconf 82' lang='grc' dir='ltr'><strong>οὔκ</strong></span> <span class='ocrx_word' id='word_1_369' title='bbox 1606 2623 1670 2683; x_wconf 74' lang='grc' dir='ltr'><strong>ἂν</strong></span> <span class='ocrx_word' id='word_1_370' title='bbox 1699 2623 1763 2682; x_wconf 85' lang='grc' dir='ltr'><strong>δι’</strong></span> 
     </span>
     <span class='ocr_line' id='line_1_42' title="bbox 121 2712 1765 2798; baseline -0.005 -17"><span class='ocrx_word' id='word_1_371' title='bbox 121 2742 172 2781; x_wconf 73' lang='lat' dir='ltr'><strong>ss</strong></span> <span class='ocrx_word' id='word_1_372' title='bbox 195 2723 474 2793; x_wconf 65' lang='grc' dir='ltr'><strong>ὄπιστολῆς</strong></span> <span class='ocrx_word' id='word_1_373' title='bbox 495 2718 824 2798; x_wconf 79' lang='grc' dir='ltr'><strong>διελεγόμην,</strong></span> <span class='ocrx_word' id='word_1_374' title='bbox 850 2716 987 2776; x_wconf 74' lang='grc' dir='ltr'><strong>ἀλλὰ</strong></span> <span class='ocrx_word' id='word_1_375' title='bbox 1003 2714 1187 2796; x_wconf 80' lang='grc' dir='ltr'><strong>παρὼν</strong></span> <span class='ocrx_word' id='word_1_376' title='bbox 1207 2713 1360 2779; x_wconf 74' lang='grc' dir='ltr'><strong>αὐτὸς</strong></span> <span class='ocrx_word' id='word_1_377' title='bbox 1379 2712 1680 2797; x_wconf 79' lang='grc' dir='ltr'><strong>παρώξυνον</strong></span> <span class='ocrx_word' id='word_1_378' title='bbox 1702 2712 1765 2772; x_wconf 79' lang='grc' dir='ltr'><strong>ἄν</strong></span> 
     </span>
     <span class='ocr_line' id='line_1_43' title="bbox 198 2801 1767 2890; baseline -0.008 -17"><span class='ocrx_word' id='word_1_379' title='bbox 198 2836 258 2873; x_wconf 92' lang='grc' dir='ltr'><strong>σε</strong></span> <span class='ocrx_word' id='word_1_380' title='bbox 299 2809 394 2873; x_wconf 78' lang='grc' dir='ltr'><strong>καὶ</strong></span> <span class='ocrx_word' id='word_1_381' title='bbox 413 2806 743 2890; x_wconf 77' lang='grc' dir='ltr'><strong>παρεκάλουν</strong></span> <span class='ocrx_word' id='word_1_382' title='bbox 774 2804 861 2866; x_wconf 75' lang='grc' dir='ltr'><strong>ἐπὶ</strong></span> <span class='ocrx_word' id='word_1_383' title='bbox 889 2803 984 2873; x_wconf 73' lang='grc' dir='ltr'><strong>τὰς</strong></span> <span class='ocrx_word' id='word_1_384' title='bbox 1009 2801 1220 2885; x_wconf 78' lang='grc' dir='ltr'><strong>πράξεις</strong></span> <span class='ocrx_word' id='word_1_385' title='bbox 1257 2802 1484 2872; x_wconf 78' lang='grc' dir='ltr'><strong>ταύτας·</strong></span> <span class='ocrx_word' id='word_1_386' title='bbox 1509 2808 1598 2865; x_wconf 75' lang='grc' dir='ltr'><strong>νῦν</strong></span> <span class='ocrx_word' id='word_1_387' title='bbox 1626 2803 1672 2861; x_wconf 88' lang='grc' dir='ltr'><strong>δ’</strong></span> <span class='ocrx_word' id='word_1_388' title='bbox 1696 2804 1767 2871; x_wconf 79' lang='grc' dir='ltr'><strong>ὡς</strong></span> 
     </span>
     <span class='ocr_line' id='line_1_44' title="bbox 199 2888 1766 2978; baseline -0.008 -18"><span class='ocrx_word' id='word_1_389' title='bbox 199 2900 430 2976; x_wconf 76' lang='grc' dir='ltr'><strong>δύναμαι</strong></span> <span class='ocrx_word' id='word_1_390' title='bbox 453 2892 883 2978; x_wconf 79' lang='grc' dir='ltr'><strong>παρακελεύομαί</strong></span> <span class='ocrx_word' id='word_1_391' title='bbox 919 2898 1001 2953; x_wconf 84' lang='grc' dir='ltr'><strong>σοι</strong></span> <span class='ocrx_word' id='word_1_392' title='bbox 1041 2892 1116 2971; x_wconf 83' lang='grc' dir='ltr'><strong>μὴ</strong></span> <span class='ocrx_word' id='word_1_393' title='bbox 1143 2894 1514 2969; x_wconf 77' lang='grc' dir='ltr'><strong>καταμελῆσαι</strong></span> <span class='ocrx_word' id='word_1_394' title='bbox 1545 2888 1766 2967; x_wconf 80' lang='grc' dir='ltr'><strong>τούτων,</strong></span> 
     </span>
    </p>
   </div>
   <div class='ocr_carea' id='block_1_14' title="bbox 197 2976 1769 3069">
    <p class='ocr_par' dir='ltr' id='par_1_14' title="bbox 197 2976 1769 3069">
     <span class='ocr_line' id='line_1_45' title="bbox 197 2976 1769 3069; baseline -0.006 -21"><span class='ocrx_word' id='word_1_395' title='bbox 197 2989 324 3069; x_wconf 79' lang='grc' dir='ltr'><strong>πρὶν</strong></span> <span class='ocrx_word' id='word_1_396' title='bbox 344 2986 408 3047; x_wconf 71' lang='grc' dir='ltr'><strong>ἂν</strong></span> <span class='ocrx_word' id='word_1_397' title='bbox 435 2984 580 3051; x_wconf 81' lang='grc' dir='ltr'><strong>τέλος</strong></span> <span class='ocrx_word' id='word_1_398' title='bbox 602 2987 782 3063; x_wconf 69' lang='grc' dir='ltr'><strong>ἐπιθῇς</strong></span> <span class='ocrx_word' id='word_1_399' title='bbox 805 2984 1000 3049; x_wconf 71' lang='grc' dir='ltr'><strong>αὓτοῖς.</strong></span> <span class='ocrx_word' id='word_1_400' title='bbox 1081 2978 1244 3041; x_wconf 67' lang='grc' dir='ltr'><strong>Ἔστι</strong></span> <span class='ocrx_word' id='word_1_401' title='bbox 1277 2978 1333 3039; x_wconf 75' lang='grc' dir='ltr'><strong>δὲ</strong></span> <span class='ocrx_word' id='word_1_402' title='bbox 1362 2978 1492 3061; x_wconf 79' lang='grc' dir='ltr'><strong>πρὸς</strong></span> <span class='ocrx_word' id='word_1_403' title='bbox 1513 2976 1607 3057; x_wconf 77' lang='grc' dir='ltr'><strong>μὲν</strong></span> <span class='ocrx_word' id='word_1_404' title='bbox 1638 2978 1769 3039; x_wconf 83' lang='grc' dir='ltr'><strong>ἄλλο</strong></span> 
     </span>
    </p>
   </div>
   <div class='ocr_carea' id='block_1_15' title="bbox 1851 2462 3423 3056">
    <p class='ocr_par' dir='ltr' id='par_1_15' title="bbox 1851 2462 3218 2527">
     <span class='ocr_line' id='line_1_46' title="bbox 1851 2462 3218 2527; baseline 0.001 -16"><span class='ocrx_word' id='word_1_405' title='bbox 1851 2475 1996 2525; x_wconf 85' lang='lat' dir='ltr'><strong>quam</strong></span> <span class='ocrx_word' id='word_1_406' title='bbox 2021 2476 2162 2525; x_wconf 87' lang='lat' dir='ltr'><strong>posse</strong></span> <span class='ocrx_word' id='word_1_407' title='bbox 2179 2462 2283 2513; x_wconf 84' lang='lat' dir='ltr'><strong>dari</strong></span> <span class='ocrx_word' id='word_1_408' title='bbox 2300 2464 2544 2514; x_wconf 84' lang='lat' dir='ltr'><strong>meliorem</strong></span> <span class='ocrx_word' id='word_1_409' title='bbox 2565 2464 2633 2515; x_wconf 86' lang='lat' dir='ltr'><strong>rei</strong></span> <span class='ocrx_word' id='word_1_410' title='bbox 2660 2465 2881 2527; x_wconf 75' lang='lat' dir='ltr'><strong>gerendae</strong></span> <span class='ocrx_word' id='word_1_411' title='bbox 2904 2462 3218 2517; x_wconf 77' lang='lat' dir='ltr'><strong>occasionem.</strong></span> 
     </span>
    </p>

    <p class='ocr_par' dir='ltr' id='par_1_16' title="bbox 1853 2548 3423 3056">
     <span class='ocr_line' id='line_1_47' title="bbox 1913 2548 3416 2616; baseline 0.002 -16"><span class='ocrx_word' id='word_1_412' title='bbox 1913 2552 1963 2600; x_wconf 71' lang='lat'><strong>4.</strong></span> <span class='ocrx_word' id='word_1_413' title='bbox 1989 2548 2039 2600; x_wconf 85' lang='lat' dir='ltr'><strong>si</strong></span> <span class='ocrx_word' id='word_1_414' title='bbox 2062 2550 2205 2612; x_wconf 86' lang='lat' dir='ltr'><strong>igitur</strong></span> <span class='ocrx_word' id='word_1_415' title='bbox 2224 2564 2281 2601; x_wconf 80' lang='lat' dir='ltr'><strong>en</strong></span> <span class='ocrx_word' id='word_1_416' title='bbox 2302 2564 2413 2615; x_wconf 75' lang='lat' dir='ltr'><strong>quoe</strong></span> <span class='ocrx_word' id='word_1_417' title='bbox 2434 2552 2550 2602; x_wconf 89' lang='lat' dir='ltr'><strong>olim</strong></span> <span class='ocrx_word' id='word_1_418' title='bbox 2576 2552 2666 2603; x_wconf 75' lang='lat' dir='ltr'><strong>fuit</strong></span> <span class='ocrx_word' id='word_1_419' title='bbox 2701 2552 2871 2615; x_wconf 82' lang='lat' dir='ltr'><strong>ingenii</strong></span> <span class='ocrx_word' id='word_1_420' title='bbox 2906 2553 3106 2603; x_wconf 73' lang='lat' dir='ltr'><strong>samnitas</strong></span> <span class='ocrx_word' id='word_1_421' title='bbox 3128 2552 3248 2603; x_wconf 78' lang='lat' dir='ltr'><strong>milii</strong></span> <span class='ocrx_word' id='word_1_422' title='bbox 3297 2565 3416 2616; x_wconf 86' lang='lat' dir='ltr'><strong>sup·</strong></span> 
     </span>
     <span class='ocr_line' id='line_1_48' title="bbox 1853 2638 3417 2704; baseline 0.001 -15"><span class='ocrx_word' id='word_1_423' title='bbox 1853 2642 2052 2703; x_wconf 84' lang='lat' dir='ltr'><strong>peteret,</strong></span> <span class='ocrx_word' id='word_1_424' title='bbox 2068 2650 2223 2702; x_wconf 87' lang='lat' dir='ltr'><strong>neque</strong></span> <span class='ocrx_word' id='word_1_425' title='bbox 2239 2644 2459 2691; x_wconf 85' lang='lat' dir='ltr'><strong>senectus</strong></span> <span class='ocrx_word' id='word_1_426' title='bbox 2472 2652 2640 2690; x_wconf 84' lang='lat' dir='ltr'><strong>omnes</strong></span> <span class='ocrx_word' id='word_1_427' title='bbox 2658 2640 2787 2690; x_wconf 77' lang='lat' dir='ltr'><strong>vires</strong></span> <span class='ocrx_word' id='word_1_428' title='bbox 2799 2638 3077 2704; x_wconf 76' lang='lat' dir='ltr'><strong>ademisset,</strong></span> <span class='ocrx_word' id='word_1_429' title='bbox 3098 2653 3194 2689; x_wconf 83' lang='lat' dir='ltr'><strong>uon</strong></span> <span class='ocrx_word' id='word_1_430' title='bbox 3214 2654 3299 2703; x_wconf 81' lang='lat' dir='ltr'><strong>per</strong></span> <span class='ocrx_word' id='word_1_431' title='bbox 3316 2639 3417 2690; x_wconf 86' lang='lat' dir='ltr'><strong>lite·</strong></span> 
     </span>
     <span class='ocr_line' id='line_1_49' title="bbox 1855 2728 3420 2790; baseline 0 -13"><span class='ocrx_word' id='word_1_432' title='bbox 1855 2740 1937 2777; x_wconf 79' lang='lat' dir='ltr'><strong>ras</strong></span> <span class='ocrx_word' id='word_1_433' title='bbox 1961 2732 2121 2777; x_wconf 92' lang='lat' dir='ltr'><strong>tecum</strong></span> <span class='ocrx_word' id='word_1_434' title='bbox 2142 2740 2329 2790; x_wconf 74' lang='lat' dir='ltr'><strong>agerem</strong></span> <span class='ocrx_word' id='word_1_435' title='bbox 2340 2764 2358 2790; x_wconf 89' lang='lat'><strong>,</strong></span> <span class='ocrx_word' id='word_1_436' title='bbox 2399 2728 2480 2779; x_wconf 90' lang='lat' dir='ltr'><strong>sed</strong></span> <span class='ocrx_word' id='word_1_437' title='bbox 2512 2740 2673 2778; x_wconf 90' lang='lat' dir='ltr'><strong>coram</strong></span> <span class='ocrx_word' id='word_1_438' title='bbox 2714 2732 2761 2778; x_wconf 88' lang='lat' dir='ltr'><strong>tc</strong></span> <span class='ocrx_word' id='word_1_439' title='bbox 2786 2728 3031 2778; x_wconf 66' lang='lat' dir='ltr'><strong>incitarem</strong></span> <span class='ocrx_word' id='word_1_440' title='bbox 3061 2732 3111 2779; x_wconf 87' lang='lat' dir='ltr'><strong>et</strong></span> <span class='ocrx_word' id='word_1_441' title='bbox 3146 2728 3420 2779; x_wconf 76' lang='lat' dir='ltr'><strong>cohortarer</strong></span> 
     </span>
     <span class='ocr_line' id='line_1_50' title="bbox 1854 2814 3411 2880; baseline 0 -15"><span class='ocrx_word' id='word_1_442' title='bbox 1854 2814 1918 2865; x_wconf 77' lang='lat' dir='ltr'><strong>ad</strong></span> <span class='ocrx_word' id='word_1_443' title='bbox 1936 2814 2027 2864; x_wconf 85' lang='lat' dir='ltr'><strong>boc</strong></span> <span class='ocrx_word' id='word_1_444' title='bbox 2044 2816 2289 2876; x_wconf 84' lang='lat' dir='ltr'><strong>negotium</strong></span> <span class='ocrx_word' id='word_1_445' title='bbox 2314 2817 2507 2865; x_wconf 83' lang='lat' dir='ltr'><strong>strenue</strong></span> <span class='ocrx_word' id='word_1_446' title='bbox 2533 2816 2913 2880; x_wconf 83' lang='lat' dir='ltr'><strong>suscipiendum.</strong></span> <span class='ocrx_word' id='word_1_447' title='bbox 2976 2818 3117 2867; x_wconf 80' lang='lat' dir='ltr'><strong>Nunc</strong></span> <span class='ocrx_word' id='word_1_448' title='bbox 3134 2817 3191 2866; x_wconf 87' lang='lat' dir='ltr'><strong>ut</strong></span> <span class='ocrx_word' id='word_1_449' title='bbox 3212 2829 3411 2879; x_wconf 86' lang='lat' dir='ltr'><strong>possum</strong></span> 
     </span>
     <span class='ocr_line' id='line_1_51' title="bbox 1859 2902 3423 2967; baseline 0.001 -14"><span class='ocrx_word' id='word_1_450' title='bbox 1859 2906 1904 2953; x_wconf 88' lang='lat' dir='ltr'><strong>te</strong></span> <span class='ocrx_word' id='word_1_451' title='bbox 1927 2903 2093 2953; x_wconf 85' lang='lat' dir='ltr'><strong>hortor</strong></span> <span class='ocrx_word' id='word_1_452' title='bbox 2114 2917 2175 2953; x_wconf 88' lang='lat' dir='ltr'><strong>ne</strong></span> <span class='ocrx_word' id='word_1_453' title='bbox 2195 2902 2273 2953; x_wconf 82' lang='lat' dir='ltr'><strong>bis</strong></span> <span class='ocrx_word' id='word_1_454' title='bbox 2288 2903 2521 2967; x_wconf 82' lang='lat' dir='ltr'><strong>desistas,</strong></span> <span class='ocrx_word' id='word_1_455' title='bbox 2546 2904 2822 2967; x_wconf 76' lang='lat' dir='ltr'><strong>priusquam</strong></span> <span class='ocrx_word' id='word_1_456' title='bbox 2856 2918 2959 2955; x_wconf 87' lang='lat' dir='ltr'><strong>rem</strong></span> <span class='ocrx_word' id='word_1_457' title='bbox 2991 2918 3186 2955; x_wconf 86' lang='lat' dir='ltr'><strong>omnem</strong></span> <span class='ocrx_word' id='word_1_458' title='bbox 3210 2904 3423 2955; x_wconf 77' lang='lat' dir='ltr'><strong>consece-</strong></span> 
     </span>
     <span class='ocr_line' id='line_1_52' title="bbox 1855 2990 3421 3056; baseline 0.002 -16"><span class='ocrx_word' id='word_1_459' title='bbox 1855 2990 1942 3040; x_wconf 81' lang='lat' dir='ltr'><strong>ris.</strong></span> <span class='ocrx_word' id='word_1_460' title='bbox 1982 2990 2191 3042; x_wconf 75' lang='lat' dir='ltr'><strong>Alterius</strong></span> <span class='ocrx_word' id='word_1_461' title='bbox 2213 3004 2356 3055; x_wconf 85' lang='lat' dir='ltr'><strong>porro</strong></span> <span class='ocrx_word' id='word_1_462' title='bbox 2374 2991 2577 3052; x_wconf 66' lang='lat' dir='ltr'><strong>alicuius</strong></span> <span class='ocrx_word' id='word_1_463' title='bbox 2600 2992 2671 3042; x_wconf 89' lang='lat' dir='ltr'><strong>rei</strong></span> <span class='ocrx_word' id='word_1_464' title='bbox 2696 2992 2959 3056; x_wconf 86' lang='lat' dir='ltr'><strong>cupiditate</strong></span> <span class='ocrx_word' id='word_1_465' title='bbox 2976 2992 3234 3043; x_wconf 80' lang='lat' dir='ltr'><strong>insatiabili</strong></span> <span class='ocrx_word' id='word_1_466' title='bbox 3247 2996 3421 3043; x_wconf 66' lang='lat' dir='ltr'><strong>mua·</strong></span> 
     </span>
    </p>
   </div>
   <div class='ocr_carea' id='block_1_16' title="bbox 197 3060 3419 3150">
    <p class='ocr_par' dir='ltr' id='par_1_17' title="bbox 197 3060 3419 3150">
     <span class='ocr_line' id='line_1_53' title="bbox 197 3060 3419 3150; baseline -0.001 -14"><span class='ocrx_word' id='word_1_467' title='bbox 197 3100 252 3136; x_wconf 85' lang='grc' dir='ltr'><strong>τι</strong></span> <span class='ocrx_word' id='word_1_468' title='bbox 278 3078 382 3135; x_wconf 79' lang='grc' dir='ltr'><strong>τῶν</strong></span> <span class='ocrx_word' id='word_1_469' title='bbox 409 3072 573 3134; x_wconf 79' lang='grc' dir='ltr'><strong>ὄντων</strong></span> <span class='ocrx_word' id='word_1_470' title='bbox 592 3070 872 3143; x_wconf 72' lang='grc' dir='ltr'><strong>ἀπλήστοις</strong></span> <span class='ocrx_word' id='word_1_471' title='bbox 894 3070 1032 3150; x_wconf 86' lang='grc' dir='ltr'><strong>ἔχειν</strong></span> <span class='ocrx_word' id='word_1_472' title='bbox 1063 3070 1123 3129; x_wconf 84' lang='grc' dir='ltr'><strong>οὗ</strong></span> <span class='ocrx_word' id='word_1_473' title='bbox 1146 3065 1305 3129; x_wconf 89' lang='grc' dir='ltr'><strong>καλόν</strong></span> <span class='ocrx_word' id='word_1_474' title='bbox 1334 3069 1410 3147; x_wconf 75' lang='grc' dir='ltr'><strong>(αἱ</strong></span> <span class='ocrx_word' id='word_1_475' title='bbox 1429 3066 1530 3148; x_wconf 73' lang='grc' dir='ltr'><strong>γὰρ</strong></span> <span class='ocrx_word' id='word_1_476' title='bbox 1555 3066 1766 3147; x_wconf 79' lang='grc' dir='ltr'><strong>μετριό·</strong></span> <span class='ocrx_word' id='word_1_477' title='bbox 1790 3060 1834 3126; x_wconf 85' lang='lat' dir='ltr'><strong>d</strong></span> <span class='ocrx_word' id='word_1_478' title='bbox 1856 3093 1908 3131; x_wconf 84' lang='lat' dir='ltr'><strong>re</strong></span> <span class='ocrx_word' id='word_1_479' title='bbox 1921 3092 2018 3129; x_wconf 85' lang='lat' dir='ltr'><strong>non</strong></span> <span class='ocrx_word' id='word_1_480' title='bbox 2032 3084 2106 3129; x_wconf 88' lang='lat' dir='ltr'><strong>est</strong></span> <span class='ocrx_word' id='word_1_481' title='bbox 2132 3080 2385 3129; x_wconf 85' lang='lat' dir='ltr'><strong>honestum</strong></span> <span class='ocrx_word' id='word_1_482' title='bbox 2406 3079 2537 3142; x_wconf 75' lang='lat' dir='ltr'><strong>(nam</strong></span> <span class='ocrx_word' id='word_1_483' title='bbox 2560 3080 2804 3144; x_wconf 86' lang='lat' dir='ltr'><strong>plerisque</strong></span> <span class='ocrx_word' id='word_1_484' title='bbox 2821 3081 3049 3144; x_wconf 83' lang='lat' dir='ltr'><strong>probatur</strong></span> <span class='ocrx_word' id='word_1_485' title='bbox 3066 3081 3419 3144; x_wconf 83' lang='lat' dir='ltr'><strong>mediocritas);</strong></span> 
     </span>
    </p>
   </div>
   <div class='ocr_carea' id='block_1_17' title="bbox 119 3152 1770 3861">
    <p class='ocr_par' dir='ltr' id='par_1_18' title="bbox 119 3152 1770 3861">
     <span class='ocr_line' id='line_1_54' title="bbox 119 3152 1767 3244; baseline -0.004 -25"><span class='ocrx_word' id='word_1_486' title='bbox 119 3180 174 3219; x_wconf 76' lang='lat' dir='ltr'><strong>ao</strong></span> <span class='ocrx_word' id='word_1_487' title='bbox 199 3184 354 3239; x_wconf 87' lang='grc' dir='ltr'><strong>τητες</strong></span> <span class='ocrx_word' id='word_1_488' title='bbox 375 3160 525 3244; x_wconf 79' lang='grc' dir='ltr'><strong>παρὰ</strong></span> <span class='ocrx_word' id='word_1_489' title='bbox 546 3164 654 3228; x_wconf 86' lang='grc' dir='ltr'><strong>τοῖς</strong></span> <span class='ocrx_word' id='word_1_490' title='bbox 684 3158 898 3225; x_wconf 75' lang='grc' dir='ltr'><strong>πολλοῖς</strong></span> <span class='ocrx_word' id='word_1_491' title='bbox 924 3159 1308 3235; x_wconf 77' lang='grc' dir='ltr'><strong>εὐδοκιμοῦσι),</strong></span> <span class='ocrx_word' id='word_1_492' title='bbox 1333 3156 1482 3228; x_wconf 84' lang='grc' dir='ltr'><strong>δόξης</strong></span> <span class='ocrx_word' id='word_1_493' title='bbox 1511 3152 1569 3215; x_wconf 68' lang='grc' dir='ltr'><strong>δὲ</strong></span> <span class='ocrx_word' id='word_1_494' title='bbox 1596 3154 1767 3235; x_wconf 88' lang='grc' dir='ltr'><strong>μεγά-</strong></span> 
     </span>
     <span class='ocr_line' id='line_1_55' title="bbox 199 3242 1766 3326; baseline -0.008 -14"><span class='ocrx_word' id='word_1_495' title='bbox 199 3254 298 3326; x_wconf 84' lang='grc' dir='ltr'><strong>λης</strong></span> <span class='ocrx_word' id='word_1_496' title='bbox 329 3250 422 3310; x_wconf 79' lang='grc' dir='ltr'><strong>καὶ</strong></span> <span class='ocrx_word' id='word_1_497' title='bbox 457 3251 626 3321; x_wconf 76' lang='grc' dir='ltr'><strong>καλῆς</strong></span> <span class='ocrx_word' id='word_1_498' title='bbox 665 3251 935 3324; x_wconf 66' lang='grc' dir='ltr'><strong>ἐπιθυμεῖν</strong></span> <span class='ocrx_word' id='word_1_499' title='bbox 977 3244 1070 3304; x_wconf 73' lang='grc' dir='ltr'><strong>καὶ</strong></span> <span class='ocrx_word' id='word_1_500' title='bbox 1113 3242 1364 3322; x_wconf 82' lang='grc' dir='ltr'><strong>μηδέποτ’</strong></span> <span class='ocrx_word' id='word_1_501' title='bbox 1405 3242 1766 3321; x_wconf 75' lang='grc' dir='ltr'><strong>ἐμπίπλασθαι</strong></span> 
     </span>
     <span class='ocr_line' id='line_1_56' title="bbox 195 3327 1765 3423; baseline -0.008 -23"><span class='ocrx_word' id='word_1_502' title='bbox 195 3338 454 3423; x_wconf 76' lang='grc' dir='ltr'><strong>προσήκει</strong></span> <span class='ocrx_word' id='word_1_503' title='bbox 477 3341 586 3405; x_wconf 84' lang='grc' dir='ltr'><strong>τοῖς</strong></span> <span class='ocrx_word' id='word_1_504' title='bbox 623 3334 760 3395; x_wconf 71' lang='grc' dir='ltr'><strong>πολὺ</strong></span> <span class='ocrx_word' id='word_1_505' title='bbox 783 3336 890 3394; x_wconf 70' lang='grc' dir='ltr'><strong>τῶν</strong></span> <span class='ocrx_word' id='word_1_506' title='bbox 927 3332 1102 3393; x_wconf 75' lang='grc' dir='ltr'><strong>ἄλλων</strong></span> <span class='ocrx_word' id='word_1_507' title='bbox 1135 3334 1496 3409; x_wconf 78' lang='grc' dir='ltr'><strong>διενεγκοῦσιν·</strong></span> <span class='ocrx_word' id='word_1_508' title='bbox 1531 3332 1660 3412; x_wconf 75' lang='grc' dir='ltr'><strong>ὅπερ</strong></span> <span class='ocrx_word' id='word_1_509' title='bbox 1683 3327 1765 3389; x_wconf 75' lang='grc' dir='ltr'><strong>σοὶ</strong></span> 
     </span>
     <span class='ocr_line' id='line_1_57' title="bbox 199 3417 1763 3509; baseline -0.008 -20"><span class='ocrx_word' id='word_1_510' title='bbox 199 3425 554 3509; x_wconf 74' lang='grc' dir='ltr'><strong>συμὸέὸηκεν.</strong></span> <span class='ocrx_word' id='word_1_511' title='bbox 641 3426 706 3502; x_wconf 74' lang='grc' dir='ltr'><strong>(ε)</strong></span> <span class='ocrx_word' id='word_1_512' title='bbox 734 3422 902 3502; x_wconf 55' lang='lat' dir='ltr'><strong>‘Hydra</strong></span> <span class='ocrx_word' id='word_1_513' title='bbox 949 3420 1006 3481; x_wconf 79' lang='grc' dir='ltr'><strong>δὲ</strong></span> <span class='ocrx_word' id='word_1_514' title='bbox 1043 3420 1152 3481; x_wconf 87' lang='grc' dir='ltr'><strong>τόθ’</strong></span> <span class='ocrx_word' id='word_1_515' title='bbox 1196 3418 1324 3491; x_wconf 58' lang='lat' dir='ltr'><strong>lists</strong></span> <span class='ocrx_word' id='word_1_516' title='bbox 1374 3417 1763 3500; x_wconf 77' lang='grc' dir='ltr'><strong>ἀνυπέρὸλητον</strong></span> 
     </span>
     <span class='ocr_line' id='line_1_58' title="bbox 204 3504 1770 3591; baseline -0.006 -16"><span class='ocrx_word' id='word_1_517' title='bbox 204 3514 370 3588; x_wconf 71' lang='grc' dir='ltr'><strong>αὐτὴν</strong></span> <span class='ocrx_word' id='word_1_518' title='bbox 391 3512 485 3574; x_wconf 81' lang='grc' dir='ltr'><strong>καὶ</strong></span> <span class='ocrx_word' id='word_1_519' title='bbox 518 3515 622 3573; x_wconf 76' lang='grc' dir='ltr'><strong>τῶν</strong></span> <span class='ocrx_word' id='word_1_520' title='bbox 659 3509 742 3570; x_wconf 74' lang='grc' dir='ltr'><strong>σοὶ</strong></span> <span class='ocrx_word' id='word_1_521' title='bbox 765 3508 1148 3591; x_wconf 78' lang='grc' dir='ltr'><strong>πεπραγμένων</strong></span> <span class='ocrx_word' id='word_1_522' title='bbox 1170 3506 1338 3581; x_wconf 75' lang='grc' dir='ltr'><strong>ἀξίαν,</strong></span> <span class='ocrx_word' id='word_1_523' title='bbox 1377 3506 1502 3566; x_wconf 78' lang='grc' dir='ltr'><strong>ὅταν</strong></span> <span class='ocrx_word' id='word_1_524' title='bbox 1531 3504 1648 3575; x_wconf 75' lang='grc' dir='ltr'><strong>τοὺς</strong></span> <span class='ocrx_word' id='word_1_525' title='bbox 1674 3504 1770 3585; x_wconf 83' lang='grc' dir='ltr'><strong>μὲν</strong></span> 
     </span>
     <span class='ocr_line' id='line_1_59' title="bbox 134 3593 1768 3685; baseline -0.006 -21"><span class='ocrx_word' id='word_1_526' title='bbox 134 3623 186 3663; x_wconf 74' lang='lat'><strong>³5</strong></span> <span class='ocrx_word' id='word_1_527' title='bbox 211 3601 508 3685; x_wconf 73' lang='grc' dir='ltr'><strong>βαρὸάρους</strong></span> <span class='ocrx_word' id='word_1_528' title='bbox 551 3599 854 3681; x_wconf 77' lang='grc' dir='ltr'><strong>ἀναγκάσῃς</strong></span> <span class='ocrx_word' id='word_1_529' title='bbox 887 3594 1178 3660; x_wconf 75' lang='grc' dir='ltr'><strong>εἱλωτεῦεεν</strong></span> <span class='ocrx_word' id='word_1_530' title='bbox 1215 3605 1323 3665; x_wconf 79' lang='grc' dir='ltr'><strong>τοῖς</strong></span> <span class='ocrx_word' id='word_1_531' title='bbox 1346 3593 1608 3669; x_wconf 82' lang='grc' dir='ltr'><strong>Ἕλλησι,</strong></span> <span class='ocrx_word' id='word_1_532' title='bbox 1631 3594 1768 3665; x_wconf 78' lang='grc' dir='ltr'><strong>πλὴν</strong></span> 
     </span>
     <span class='ocr_line' id='line_1_60' title="bbox 199 3684 1768 3769; baseline -0.006 -16"><span class='ocrx_word' id='word_1_533' title='bbox 199 3696 306 3754; x_wconf 82' lang='grc' dir='ltr'><strong>τῶν</strong></span> <span class='ocrx_word' id='word_1_534' title='bbox 355 3689 440 3751; x_wconf 79' lang='grc' dir='ltr'><strong>σοὶ</strong></span> <span class='ocrx_word' id='word_1_535' title='bbox 479 3686 1000 3769; x_wconf 86' lang='grc' dir='ltr'><strong>συναγωνισαμένων,</strong></span> <span class='ocrx_word' id='word_1_536' title='bbox 1046 3686 1136 3755; x_wconf 79' lang='grc' dir='ltr'><strong>τὸν</strong></span> <span class='ocrx_word' id='word_1_537' title='bbox 1181 3685 1240 3745; x_wconf 71' lang='grc' dir='ltr'><strong>δὲ</strong></span> <span class='ocrx_word' id='word_1_538' title='bbox 1288 3684 1508 3765; x_wconf 88' lang='grc' dir='ltr'><strong>βασιλέα</strong></span> <span class='ocrx_word' id='word_1_539' title='bbox 1553 3684 1640 3744; x_wconf 78' lang='grc' dir='ltr'><strong>τὸν</strong></span> <span class='ocrx_word' id='word_1_540' title='bbox 1681 3688 1768 3743; x_wconf 77' lang='grc' dir='ltr'><strong>νῦν</strong></span> 
     </span>
     <span class='ocr_line' id='line_1_61' title="bbox 200 3768 1769 3861; baseline -0.008 -19"><span class='ocrx_word' id='word_1_541' title='bbox 200 3781 367 3860; x_wconf 83' lang='grc' dir='ltr'><strong>μέγαν</strong></span> <span class='ocrx_word' id='word_1_542' title='bbox 391 3778 908 3861; x_wconf 80' lang='grc' dir='ltr'><strong>προσαγορευόμενον</strong></span> <span class='ocrx_word' id='word_1_543' title='bbox 935 3774 1162 3853; x_wconf 73' lang='grc' dir='ltr'><strong>ποιήσῃς</strong></span> <span class='ocrx_word' id='word_1_544' title='bbox 1185 3778 1339 3834; x_wconf 77' lang='grc' dir='ltr'><strong>τοῦτο</strong></span> <span class='ocrx_word' id='word_1_545' title='bbox 1361 3772 1612 3853; x_wconf 83' lang='grc' dir='ltr'><strong>πράττειν</strong></span> <span class='ocrx_word' id='word_1_546' title='bbox 1651 3768 1686 3830; x_wconf 74' lang='grc' dir='ltr'>ὅ</span> <span class='ocrx_word' id='word_1_547' title='bbox 1717 3794 1769 3830; x_wconf 90' lang='grc' dir='ltr'><strong>τι</strong></span> 
     </span>
    </p>
   </div>
   <div class='ocr_carea' id='block_1_18' title="bbox 1852 3166 3469 3850">
    <p class='ocr_par' dir='ltr' id='par_1_19' title="bbox 1852 3166 3469 3850">
     <span class='ocr_line' id='line_1_62' title="bbox 1853 3166 3423 3233; baseline 0.001 -16"><span class='ocrx_word' id='word_1_548' title='bbox 1853 3166 1939 3217; x_wconf 88' lang='lat' dir='ltr'><strong>sed</strong></span> <span class='ocrx_word' id='word_1_549' title='bbox 1958 3179 2181 3227; x_wconf 79' lang='lat' dir='ltr'><strong>magnam</strong></span> <span class='ocrx_word' id='word_1_550' title='bbox 2202 3166 2531 3230; x_wconf 80' lang='lat' dir='ltr'><strong>illustremque</strong></span> <span class='ocrx_word' id='word_1_551' title='bbox 2554 3167 2755 3231; x_wconf 76' lang='lat' dir='ltr'><strong>gloriam</strong></span> <span class='ocrx_word' id='word_1_552' title='bbox 2774 3168 3077 3233; x_wconf 81' lang='lat' dir='ltr'><strong>desiderare,</strong></span> <span class='ocrx_word' id='word_1_553' title='bbox 3100 3182 3191 3220; x_wconf 86' lang='lat' dir='ltr'><strong>nec</strong></span> <span class='ocrx_word' id='word_1_554' title='bbox 3206 3170 3314 3232; x_wconf 74' lang='lat' dir='ltr'><strong>eius</strong></span> <span class='ocrx_word' id='word_1_555' title='bbox 3334 3182 3423 3219; x_wconf 87' lang='lat' dir='ltr'><strong>un·</strong></span> 
     </span>
     <span class='ocr_line' id='line_1_63' title="bbox 1852 3254 3417 3320; baseline 0.002 -15"><span class='ocrx_word' id='word_1_556' title='bbox 1852 3268 1999 3319; x_wconf 83' lang='lat' dir='ltr'><strong>quam</strong></span> <span class='ocrx_word' id='word_1_557' title='bbox 2018 3254 2365 3307; x_wconf 71' lang='lat' dir='ltr'><strong>satietateaffici</strong></span> <span class='ocrx_word' id='word_1_558' title='bbox 2374 3255 2567 3316; x_wconf 87' lang='lat' dir='ltr'><strong>debent,</strong></span> <span class='ocrx_word' id='word_1_559' title='bbox 2581 3256 2667 3320; x_wconf 88' lang='lat' dir='ltr'><strong>qui</strong></span> <span class='ocrx_word' id='word_1_560' title='bbox 2685 3256 2859 3307; x_wconf 86' lang='lat' dir='ltr'><strong>ceteris</strong></span> <span class='ocrx_word' id='word_1_561' title='bbox 2871 3258 3079 3309; x_wconf 85' lang='lat' dir='ltr'><strong>muitum</strong></span> <span class='ocrx_word' id='word_1_562' title='bbox 3096 3256 3417 3311; x_wconf 77' lang='lat' dir='ltr'><strong>antecellunt:</strong></span> 
     </span>
     <span class='ocr_line' id='line_1_64' title="bbox 1854 3343 3419 3408; baseline 0.003 -15"><span class='ocrx_word' id='word_1_563' title='bbox 1854 3343 1902 3395; x_wconf 91' lang='lat' dir='ltr'><strong>id</strong></span> <span class='ocrx_word' id='word_1_564' title='bbox 1926 3343 2058 3406; x_wconf 90' lang='lat' dir='ltr'><strong>quod</strong></span> <span class='ocrx_word' id='word_1_565' title='bbox 2084 3343 2170 3393; x_wconf 80' lang='lat' dir='ltr'><strong>tihi</strong></span> <span class='ocrx_word' id='word_1_566' title='bbox 2188 3344 2403 3407; x_wconf 78' lang='lat' dir='ltr'><strong>contigit.</strong></span> <span class='ocrx_word' id='word_1_567' title='bbox 2469 3344 2539 3408; x_wconf 80' lang='lat'><strong>(5)</strong></span> <span class='ocrx_word' id='word_1_568' title='bbox 2564 3347 2689 3397; x_wconf 85' lang='lat' dir='ltr'><strong>Tum</strong></span> <span class='ocrx_word' id='word_1_569' title='bbox 2711 3350 2873 3395; x_wconf 81' lang='lat' dir='ltr'><strong>autem</strong></span> <span class='ocrx_word' id='word_1_570' title='bbox 2891 3344 2954 3395; x_wconf 81' lang='lat' dir='ltr'><strong>ad</strong></span> <span class='ocrx_word' id='word_1_571' title='bbox 2980 3346 3121 3397; x_wconf 77' lang='lat' dir='ltr'><strong>famae</strong></span> <span class='ocrx_word' id='word_1_572' title='bbox 3143 3350 3243 3396; x_wconf 77' lang='lat' dir='ltr'><strong>tuae</strong></span> <span class='ocrx_word' id='word_1_573' title='bbox 3264 3346 3419 3408; x_wconf 79' lang='lat' dir='ltr'><strong>splen·</strong></span> 
     </span>
     <span class='ocr_line' id='line_1_65' title="bbox 1855 3430 3421 3497; baseline 0.001 -16"><span class='ocrx_word' id='word_1_574' title='bbox 1855 3430 2024 3483; x_wconf 87' lang='lat' dir='ltr'><strong>dorem</strong></span> <span class='ocrx_word' id='word_1_575' title='bbox 2046 3430 2167 3483; x_wconf 84' lang='lat' dir='ltr'><strong>nihil</strong></span> <span class='ocrx_word' id='word_1_576' title='bbox 2189 3444 2329 3497; x_wconf 85' lang='lat' dir='ltr'><strong>posse</strong></span> <span class='ocrx_word' id='word_1_577' title='bbox 2354 3431 2582 3484; x_wconf 77' lang='lat' dir='ltr'><strong>accedere</strong></span> <span class='ocrx_word' id='word_1_578' title='bbox 2612 3434 2782 3496; x_wconf 74' lang='lat' dir='ltr'><strong>putato</strong></span> <span class='ocrx_word' id='word_1_579' title='bbox 2813 3445 3018 3497; x_wconf 75' lang='lat' dir='ltr'><strong>eamque</strong></span> <span class='ocrx_word' id='word_1_580' title='bbox 3054 3432 3205 3484; x_wconf 82' lang='lat' dir='ltr'><strong>rebus</strong></span> <span class='ocrx_word' id='word_1_581' title='bbox 3226 3433 3325 3486; x_wconf 85' lang='lat' dir='ltr'><strong>tuis</strong></span> <span class='ocrx_word' id='word_1_582' title='bbox 3344 3445 3421 3497; x_wconf 75' lang='lat' dir='ltr'><strong>ge·</strong></span> 
     </span>
     <span class='ocr_line' id='line_1_66' title="bbox 1855 3519 3418 3586; baseline 0 -16"><span class='ocrx_word' id='word_1_583' title='bbox 1855 3519 1945 3571; x_wconf 83' lang='lat' dir='ltr'><strong>stis</strong></span> <span class='ocrx_word' id='word_1_584' title='bbox 1983 3532 2147 3583; x_wconf 73' lang='lat' dir='ltr'><strong>parem</strong></span> <span class='ocrx_word' id='word_1_585' title='bbox 2180 3520 2283 3571; x_wconf 77' lang='lat' dir='ltr'><strong>fore</strong></span> <span class='ocrx_word' id='word_1_586' title='bbox 2297 3556 2313 3583; x_wconf 95' lang='lat'><strong>,</strong></span> <span class='ocrx_word' id='word_1_587' title='bbox 2349 3533 2500 3583; x_wconf 86' lang='lat' dir='ltr'><strong>quum</strong></span> <span class='ocrx_word' id='word_1_588' title='bbox 2532 3520 2761 3571; x_wconf 73' lang='lat' dir='ltr'><strong>barbaros</strong></span> <span class='ocrx_word' id='word_1_589' title='bbox 2784 3521 2873 3586; x_wconf 75' lang='lat' dir='ltr'><strong>(iis</strong></span> <span class='ocrx_word' id='word_1_590' title='bbox 2916 3520 3125 3585; x_wconf 78' lang='lat' dir='ltr'><strong>exceptis</strong></span> <span class='ocrx_word' id='word_1_591' title='bbox 3155 3520 3241 3585; x_wconf 87' lang='lat' dir='ltr'><strong>qui</strong></span> <span class='ocrx_word' id='word_1_592' title='bbox 3266 3532 3323 3574; x_wconf 80' lang='lat' dir='ltr'><strong>sa</strong></span> <span class='ocrx_word' id='word_1_593' title='bbox 3355 3520 3418 3573; x_wconf 90' lang='lat' dir='ltr'><strong>ad</strong></span> 
     </span>
     <span class='ocr_line' id='line_1_67' title="bbox 1856 3606 3469 3674; baseline 0.002 -16"><span class='ocrx_word' id='word_1_594' title='bbox 1856 3606 2057 3659; x_wconf 68' lang='lat' dir='ltr'><strong>dimum</strong></span> <span class='ocrx_word' id='word_1_595' title='bbox 2076 3613 2216 3661; x_wconf 83' lang='lat' dir='ltr'><strong>tuum</strong></span> <span class='ocrx_word' id='word_1_596' title='bbox 2228 3608 2592 3674; x_wconf 74' lang='lat' dir='ltr'><strong>applicaverint)</strong></span> <span class='ocrx_word' id='word_1_597' title='bbox 2607 3610 2791 3661; x_wconf 79' lang='lat' dir='ltr'><strong>Graecis</strong></span> <span class='ocrx_word' id='word_1_598' title='bbox 2808 3609 2987 3661; x_wconf 78' lang='lat' dir='ltr'><strong>servire</strong></span> <span class='ocrx_word' id='word_1_599' title='bbox 3000 3611 3209 3671; x_wconf 81' lang='lat' dir='ltr'><strong>coegeris</strong></span> <span class='ocrx_word' id='word_1_600' title='bbox 3222 3646 3237 3672; x_wconf 92' lang='lat'><strong>,</strong></span> <span class='ocrx_word' id='word_1_601' title='bbox 3261 3608 3421 3661; x_wconf 85' lang='lat' dir='ltr'><strong>ilium·</strong></span> <span class='ocrx_word' id='word_1_602' title='bbox 3464 3620 3469 3623; x_wconf 88' lang='grc'><strong><em>·</em></strong></span> 
     </span>
     <span class='ocr_line' id='line_1_68' title="bbox 1858 3696 3422 3763; baseline 0.001 -16"><span class='ocrx_word' id='word_1_603' title='bbox 1858 3708 1957 3761; x_wconf 89' lang='lat' dir='ltr'><strong>que</strong></span> <span class='ocrx_word' id='word_1_604' title='bbox 1976 3710 2139 3760; x_wconf 79' lang='lat' dir='ltr'><strong>regem</strong></span> <span class='ocrx_word' id='word_1_605' title='bbox 2161 3696 2247 3762; x_wconf 90' lang='lat' dir='ltr'><strong>qui</strong></span> <span class='ocrx_word' id='word_1_606' title='bbox 2270 3711 2399 3748; x_wconf 87' lang='lat' dir='ltr'><strong>nunc</strong></span> <span class='ocrx_word' id='word_1_607' title='bbox 2409 3700 2613 3761; x_wconf 76' lang='lat' dir='ltr'><strong>Magnus</strong></span> <span class='ocrx_word' id='word_1_608' title='bbox 2635 3698 2919 3763; x_wconf 83' lang='lat' dir='ltr'><strong>appellatur,</strong></span> <span class='ocrx_word' id='word_1_609' title='bbox 2942 3712 3001 3749; x_wconf 85' lang='lat' dir='ltr'><strong>eo</strong></span> <span class='ocrx_word' id='word_1_610' title='bbox 3022 3697 3280 3760; x_wconf 79' lang='lat' dir='ltr'><strong>redegeris,</strong></span> <span class='ocrx_word' id='word_1_611' title='bbox 3298 3700 3422 3749; x_wconf 89' lang='lat' dir='ltr'><strong>utea</strong></span> 
     </span>
     <span class='ocr_line' id='line_1_69' title="bbox 1857 3785 3421 3850; baseline -0.001 -14"><span class='ocrx_word' id='word_1_612' title='bbox 1857 3788 1966 3848; x_wconf 77' lang='lat' dir='ltr'><strong>agat</strong></span> <span class='ocrx_word' id='word_1_613' title='bbox 1987 3800 2099 3850; x_wconf 81' lang='lat' dir='ltr'><strong>quae</strong></span> <span class='ocrx_word' id='word_1_614' title='bbox 2120 3788 2175 3837; x_wconf 89' lang='lat' dir='ltr'><strong>tu</strong></span> <span class='ocrx_word' id='word_1_615' title='bbox 2196 3786 2461 3850; x_wconf 86' lang='lat' dir='ltr'><strong>imperaris.</strong></span> <span class='ocrx_word' id='word_1_616' title='bbox 2528 3788 2634 3836; x_wconf 83' lang='lat' dir='ltr'><strong>Hoc</strong></span> <span class='ocrx_word' id='word_1_617' title='bbox 2651 3794 2815 3836; x_wconf 76' lang='lat' dir='ltr'><strong>autem</strong></span> <span class='ocrx_word' id='word_1_618' title='bbox 2834 3799 2993 3837; x_wconf 87' lang='lat' dir='ltr'><strong>rerum</strong></span> <span class='ocrx_word' id='word_1_619' title='bbox 3016 3788 3145 3835; x_wconf 82' lang='lat' dir='ltr'><strong>statu</strong></span> <span class='ocrx_word' id='word_1_620' title='bbox 3164 3798 3292 3835; x_wconf 89' lang='lat' dir='ltr'><strong>nunc</strong></span> <span class='ocrx_word' id='word_1_621' title='bbox 3314 3785 3421 3835; x_wconf 81' lang='lat' dir='ltr'><strong>hoec</strong></span> 
     </span>
    </p>
   </div>
   <div class='ocr_carea' id='block_1_19' title="bbox 199 3856 3419 3948">
    <p class='ocr_par' dir='ltr' id='par_1_20' title="bbox 199 3856 3419 3948">
     <span class='ocr_line' id='line_1_70' title="bbox 199 3856 3419 3948; baseline -0.001 -19"><span class='ocrx_word' id='word_1_622' title='bbox 199 3870 268 3929; x_wconf 74' lang='grc' dir='ltr'><strong>ἂν</strong></span> <span class='ocrx_word' id='word_1_623' title='bbox 296 3866 362 3931; x_wconf 71' lang='grc' dir='ltr'><strong>σὺ</strong></span> <span class='ocrx_word' id='word_1_624' title='bbox 413 3866 764 3948; x_wconf 65' lang='grc' dir='ltr'><strong>προστάττῃς.</strong></span> <span class='ocrx_word' id='word_1_625' title='bbox 857 3868 1044 3934; x_wconf 65' lang='grc' dir='ltr'><strong>Ταῦτα</strong></span> <span class='ocrx_word' id='word_1_626' title='bbox 1087 3861 1142 3922; x_wconf 72' lang='grc' dir='ltr'><strong>δὲ</strong></span> <span class='ocrx_word' id='word_1_627' title='bbox 1177 3860 1603 3941; x_wconf 65' lang='grc' dir='ltr'><strong>κατεργάσασθαι</strong></span> <span class='ocrx_word' id='word_1_628' title='bbox 1631 3856 1766 3918; x_wconf 71' lang='grc' dir='ltr'><strong>πολὺ</strong></span> <span class='ocrx_word' id='word_1_629' title='bbox 1795 3874 1832 3915; x_wconf 78' lang='grc' dir='ltr'><strong>θ</strong></span> <span class='ocrx_word' id='word_1_630' title='bbox 1857 3872 1948 3923; x_wconf 86' lang='lat' dir='ltr'><strong>tihi</strong></span> <span class='ocrx_word' id='word_1_631' title='bbox 1972 3871 2198 3936; x_wconf 80' lang='lat' dir='ltr'><strong>perficere</strong></span> <span class='ocrx_word' id='word_1_632' title='bbox 2218 3874 2373 3924; x_wconf 88' lang='lat' dir='ltr'><strong>multo</strong></span> <span class='ocrx_word' id='word_1_633' title='bbox 2390 3872 2575 3924; x_wconf 75' lang='lat' dir='ltr'><strong>facilius</strong></span> <span class='ocrx_word' id='word_1_634' title='bbox 2596 3877 2699 3935; x_wconf 88' lang='lat' dir='ltr'><strong>est,</strong></span> <span class='ocrx_word' id='word_1_635' title='bbox 2723 3887 2869 3937; x_wconf 76' lang='lat' dir='ltr'><strong>quam</strong></span> <span class='ocrx_word' id='word_1_636' title='bbox 2888 3886 2996 3924; x_wconf 88' lang='lat' dir='ltr'><strong>eam</strong></span> <span class='ocrx_word' id='word_1_637' title='bbox 3014 3872 3245 3936; x_wconf 88' lang='lat' dir='ltr'><strong>consequi</strong></span> <span class='ocrx_word' id='word_1_638' title='bbox 3259 3874 3419 3937; x_wconf 85' lang='lat' dir='ltr'><strong>poten·</strong></span> 
     </span>
    </p>
   </div>
   <div class='ocr_carea' id='block_1_20' title="bbox 100 3946 1768 4745">
    <p class='ocr_par' dir='ltr' id='par_1_21' title="bbox 199 3946 1764 4040">
     <span class='ocr_line' id='line_1_71' title="bbox 199 3946 1764 4040; baseline -0.01 -21"><span class='ocrx_word' id='word_1_639' title='bbox 199 3958 326 4040; x_wconf 72' lang='grc' dir='ltr'><strong>ῥᾷόν</strong></span> <span class='ocrx_word' id='word_1_640' title='bbox 371 3958 512 4018; x_wconf 77' lang='grc' dir='ltr'><strong>ἔστιν</strong></span> <span class='ocrx_word' id='word_1_641' title='bbox 541 3958 603 4015; x_wconf 83' lang='grc' dir='ltr'><strong>ἐκ</strong></span> <span class='ocrx_word' id='word_1_642' title='bbox 637 3958 741 4015; x_wconf 82' lang='grc' dir='ltr'><strong>τῶν</strong></span> <span class='ocrx_word' id='word_1_643' title='bbox 767 3960 855 4014; x_wconf 77' lang='grc' dir='ltr'><strong>νῦν</strong></span> <span class='ocrx_word' id='word_1_644' title='bbox 883 3952 1174 4032; x_wconf 85' lang='grc' dir='ltr'><strong>παρόντων,</strong></span> <span class='ocrx_word' id='word_1_645' title='bbox 1200 3947 1238 4022; x_wconf 74' lang='grc' dir='ltr'>ἢ</span> <span class='ocrx_word' id='word_1_646' title='bbox 1263 3951 1532 4031; x_wconf 82' lang='grc' dir='ltr'><strong>προελθεῖν</strong></span> <span class='ocrx_word' id='word_1_647' title='bbox 1557 3946 1646 4006; x_wconf 68' lang='grc' dir='ltr'><strong>ἐπὶ</strong></span> <span class='ocrx_word' id='word_1_648' title='bbox 1668 3946 1764 4019; x_wconf 80' lang='grc' dir='ltr'><strong>τὴν</strong></span> 
     </span>
    </p>

    <p class='ocr_par' dir='ltr' id='par_1_22' title="bbox 125 4034 1768 4121">
     <span class='ocr_line' id='line_1_72' title="bbox 125 4034 1768 4121; baseline -0.008 -15"><span class='ocrx_word' id='word_1_649' title='bbox 125 4067 178 4108; x_wconf 81' lang='grc' dir='ltr'><strong>ιο</strong></span> <span class='ocrx_word' id='word_1_650' title='bbox 199 4044 424 4121; x_wconf 78' lang='grc' dir='ltr'><strong>δύναμιν</strong></span> <span class='ocrx_word' id='word_1_651' title='bbox 448 4041 540 4104; x_wconf 74' lang='grc' dir='ltr'><strong>καὶ</strong></span> <span class='ocrx_word' id='word_1_652' title='bbox 567 4041 664 4116; x_wconf 78' lang='grc' dir='ltr'><strong>τὴν</strong></span> <span class='ocrx_word' id='word_1_653' title='bbox 700 4040 877 4119; x_wconf 79' lang='grc' dir='ltr'><strong>δόξαν,</strong></span> <span class='ocrx_word' id='word_1_654' title='bbox 909 4042 976 4114; x_wconf 80' lang='grc' dir='ltr'><strong>ἣν</strong></span> <span class='ocrx_word' id='word_1_655' title='bbox 997 4046 1086 4099; x_wconf 84' lang='grc' dir='ltr'><strong>ν’ῠν</strong></span> <span class='ocrx_word' id='word_1_656' title='bbox 1107 4038 1276 4119; x_wconf 82' lang='grc' dir='ltr'><strong>ἔχεις,</strong></span> <span class='ocrx_word' id='word_1_657' title='bbox 1300 4040 1361 4099; x_wconf 74' lang='grc' dir='ltr'><strong>ἐκ</strong></span> <span class='ocrx_word' id='word_1_658' title='bbox 1386 4041 1480 4109; x_wconf 76' lang='grc' dir='ltr'><strong>τῆς</strong></span> <span class='ocrx_word' id='word_1_659' title='bbox 1501 4034 1768 4115; x_wconf 86' lang='grc' dir='ltr'><strong>βασιλείας</strong></span> 
     </span>
    </p>

    <p class='ocr_par' dir='ltr' id='par_1_23' title="bbox 197 4122 1767 4215">
     <span class='ocr_line' id='line_1_73' title="bbox 197 4122 1767 4215; baseline -0.007 -22"><span class='ocrx_word' id='word_1_660' title='bbox 197 4139 294 4205; x_wconf 81' lang='grc' dir='ltr'><strong>τῆς</strong></span> <span class='ocrx_word' id='word_1_661' title='bbox 331 4132 384 4202; x_wconf 79' lang='grc' dir='ltr'><strong>ἐξ</strong></span> <span class='ocrx_word' id='word_1_662' title='bbox 422 4134 588 4215; x_wconf 71' lang='grc' dir='ltr'><strong>ἀρχῆς</strong></span> <span class='ocrx_word' id='word_1_663' title='bbox 627 4132 752 4209; x_wconf 73' lang='grc' dir='ltr'><strong>ὑμῖν</strong></span> <span class='ocrx_word' id='word_1_664' title='bbox 781 4128 1096 4211; x_wconf 78' lang='grc' dir='ltr'><strong>ὑπαρξάσης·</strong></span> <span class='ocrx_word' id='word_1_665' title='bbox 1125 4124 1271 4188; x_wconf 74' lang='grc' dir='ltr'><strong>οὐδὲν</strong></span> <span class='ocrx_word' id='word_1_666' title='bbox 1292 4125 1395 4207; x_wconf 74' lang='grc' dir='ltr'><strong>γὰρ</strong></span> <span class='ocrx_word' id='word_1_667' title='bbox 1412 4124 1562 4185; x_wconf 71' lang='grc' dir='ltr'><strong>ἔσται</strong></span> <span class='ocrx_word' id='word_1_668' title='bbox 1587 4122 1767 4184; x_wconf 76' lang='grc' dir='ltr'><strong>λοιπὸν</strong></span> 
     </span>
    </p>

    <p class='ocr_par' dir='ltr' id='par_1_24' title="bbox 100 4211 1768 4297">
     <span class='ocr_line' id='line_1_74' title="bbox 100 4211 1768 4297; baseline -0.007 -17"><span class='ocrx_word' id='word_1_669' title='bbox 100 4222 278 4283; x_wconf 61' lang='lat' dir='ltr'><strong>usin</strong></span> <span class='ocrx_word' id='word_1_670' title='bbox 305 4219 446 4291; x_wconf 77' lang='grc' dir='ltr'><strong>πλὴν</strong></span> <span class='ocrx_word' id='word_1_671' title='bbox 507 4218 618 4278; x_wconf 83' lang='grc' dir='ltr'><strong>θεὸν</strong></span> <span class='ocrx_word' id='word_1_672' title='bbox 659 4216 914 4297; x_wconf 87' lang='grc' dir='ltr'><strong>γενέσθαι.</strong></span> <span class='ocrx_word' id='word_1_673' title='bbox 997 4216 1058 4297; x_wconf 81' lang='grc' dir='ltr'><strong>(ε)</strong></span> <span class='ocrx_word' id='word_1_674' title='bbox 1110 4213 1278 4296; x_wconf 85' lang='grc' dir='ltr'><strong>Χάριν</strong></span> <span class='ocrx_word' id='word_1_675' title='bbox 1303 4215 1348 4272; x_wconf 90' lang='grc' dir='ltr'><strong>δ’</strong></span> <span class='ocrx_word' id='word_1_676' title='bbox 1374 4212 1482 4293; x_wconf 83' lang='grc' dir='ltr'><strong>ἔχω</strong></span> <span class='ocrx_word' id='word_1_677' title='bbox 1516 4216 1592 4295; x_wconf 76' lang='grc' dir='ltr'><strong>τῷ</strong></span> <span class='ocrx_word' id='word_1_678' title='bbox 1629 4211 1768 4293; x_wconf 72' lang='grc' dir='ltr'><strong>γήρᾳ</strong></span> 
     </span>
    </p>

    <p class='ocr_par' dir='ltr' id='par_1_25' title="bbox 127 4298 1765 4387">
     <span class='ocr_line' id='line_1_75' title="bbox 127 4298 1765 4387; baseline -0.009 -15"><span class='ocrx_word' id='word_1_679' title='bbox 127 4346 134 4351; x_wconf 95' lang='grc'>-</span> <span class='ocrx_word' id='word_1_680' title='bbox 197 4310 400 4381; x_wconf 81' lang='grc' dir='ltr'><strong>ταύτην</strong></span> <span class='ocrx_word' id='word_1_681' title='bbox 430 4306 612 4387; x_wconf 87' lang='grc' dir='ltr'><strong>μόνην,</strong></span> <span class='ocrx_word' id='word_1_682' title='bbox 642 4306 722 4367; x_wconf 82' lang='grc' dir='ltr'><strong>ὅτι</strong></span> <span class='ocrx_word' id='word_1_683' title='bbox 757 4304 1057 4387; x_wconf 71' lang='grc' dir='ltr'><strong>προήγαγεν</strong></span> <span class='ocrx_word' id='word_1_684' title='bbox 1085 4305 1157 4371; x_wconf 81' lang='grc' dir='ltr'><strong>εἰς</strong></span> <span class='ocrx_word' id='word_1_685' title='bbox 1188 4300 1344 4362; x_wconf 79' lang='grc' dir='ltr'><strong>τοῦτό</strong></span> <span class='ocrx_word' id='word_1_686' title='bbox 1374 4325 1472 4378; x_wconf 87' lang='grc' dir='ltr'><strong>μου</strong></span> <span class='ocrx_word' id='word_1_687' title='bbox 1517 4300 1604 4358; x_wconf 85' lang='grc' dir='ltr'><strong>τὸν</strong></span> <span class='ocrx_word' id='word_1_688' title='bbox 1634 4298 1765 4380; x_wconf 86' lang='grc' dir='ltr'><strong>βίον,</strong></span> 
     </span>
    </p>

    <p class='ocr_par' dir='ltr' id='par_1_26' title="bbox 198 4386 1768 4473">
     <span class='ocr_line' id='line_1_76' title="bbox 198 4386 1768 4473; baseline -0.008 -15"><span class='ocrx_word' id='word_1_689' title='bbox 198 4396 328 4459; x_wconf 79' lang='grc' dir='ltr'><strong>ὥσθ’</strong></span> <span class='ocrx_word' id='word_1_690' title='bbox 349 4396 383 4455; x_wconf 76' lang='grc' dir='ltr'><strong>ἃ</strong></span> <span class='ocrx_word' id='word_1_691' title='bbox 409 4394 518 4464; x_wconf 84' lang='grc' dir='ltr'><strong>νέος</strong></span> <span class='ocrx_word' id='word_1_692' title='bbox 547 4392 619 4455; x_wconf 77' lang='grc' dir='ltr'><strong>ὢν</strong></span> <span class='ocrx_word' id='word_1_693' title='bbox 642 4392 942 4473; x_wconf 76' lang='grc' dir='ltr'><strong>διενοούμην</strong></span> <span class='ocrx_word' id='word_1_694' title='bbox 961 4392 1054 4453; x_wconf 80' lang='grc' dir='ltr'><strong>καὶ</strong></span> <span class='ocrx_word' id='word_1_695' title='bbox 1075 4391 1290 4472; x_wconf 80' lang='grc' dir='ltr'><strong>γράφειν</strong></span> <span class='ocrx_word' id='word_1_696' title='bbox 1311 4387 1609 4471; x_wconf 77' lang='grc' dir='ltr'><strong>ἐπεχείρουν</strong></span> <span class='ocrx_word' id='word_1_697' title='bbox 1639 4386 1691 4447; x_wconf 86' lang='grc' dir='ltr'><strong>ἔν</strong></span> <span class='ocrx_word' id='word_1_698' title='bbox 1711 4409 1768 4447; x_wconf 84' lang='grc' dir='ltr'><strong>τε</strong></span> 
     </span>
    </p>

    <p class='ocr_par' dir='ltr' id='par_1_27' title="bbox 130 4478 1766 4569">
     <span class='ocr_line' id='line_1_77' title="bbox 130 4478 1766 4569; baseline -0.007 -22"><span class='ocrx_word' id='word_1_699' title='bbox 130 4508 182 4547; x_wconf 70' lang='grc' dir='ltr'><strong>ιε</strong></span> <span class='ocrx_word' id='word_1_700' title='bbox 204 4490 282 4569; x_wconf 78' lang='grc' dir='ltr'><strong>τῷ</strong></span> <span class='ocrx_word' id='word_1_701' title='bbox 307 4488 650 4566; x_wconf 79' lang='grc' dir='ltr'><strong>πανηγυρικῷ</strong></span> <span class='ocrx_word' id='word_1_702' title='bbox 671 4482 814 4563; x_wconf 78' lang='grc' dir='ltr'><strong>λόγῳ</strong></span> <span class='ocrx_word' id='word_1_703' title='bbox 836 4481 1020 4563; x_wconf 77' lang='grc' dir='ltr'><strong>καὶτῷ</strong></span> <span class='ocrx_word' id='word_1_704' title='bbox 1048 4480 1178 4561; x_wconf 84' lang='grc' dir='ltr'><strong>πρὸς</strong></span> <span class='ocrx_word' id='word_1_705' title='bbox 1197 4478 1254 4539; x_wconf 77' lang='grc' dir='ltr'><strong>σὲ</strong></span> <span class='ocrx_word' id='word_1_706' title='bbox 1267 4478 1581 4561; x_wconf 83' lang='grc' dir='ltr'><strong>πεμφθέντι,</strong></span> <span class='ocrx_word' id='word_1_707' title='bbox 1599 4481 1766 4537; x_wconf 76' lang='grc' dir='ltr'><strong>ταῦτα</strong></span> 
     </span>
    </p>

    <p class='ocr_par' dir='ltr' id='par_1_28' title="bbox 201 4566 1765 4745">
     <span class='ocr_line' id='line_1_78' title="bbox 201 4566 1765 4653; baseline -0.005 -19"><span class='ocrx_word' id='word_1_708' title='bbox 201 4582 293 4635; x_wconf 81' lang='grc' dir='ltr'><strong>νῦν</strong></span> <span class='ocrx_word' id='word_1_709' title='bbox 329 4577 398 4633; x_wconf 82' lang='grc' dir='ltr'><strong>τὰ</strong></span> <span class='ocrx_word' id='word_1_710' title='bbox 428 4572 523 4653; x_wconf 70' lang='grc' dir='ltr'><strong>μὲν</strong></span> <span class='ocrx_word' id='word_1_711' title='bbox 551 4573 654 4645; x_wconf 82' lang='grc' dir='ltr'><strong>ἤδη</strong></span> <span class='ocrx_word' id='word_1_712' title='bbox 687 4568 968 4652; x_wconf 88' lang='grc' dir='ltr'><strong>γιγνόμενα</strong></span> <span class='ocrx_word' id='word_1_713' title='bbox 1016 4568 1104 4628; x_wconf 77' lang='grc' dir='ltr'><strong>διὰ</strong></span> <span class='ocrx_word' id='word_1_714' title='bbox 1146 4571 1251 4630; x_wconf 82' lang='grc' dir='ltr'><strong>τῶν</strong></span> <span class='ocrx_word' id='word_1_715' title='bbox 1280 4570 1384 4652; x_wconf 74' lang='grc' dir='ltr'><strong>σῷν</strong></span> <span class='ocrx_word' id='word_1_716' title='bbox 1427 4569 1592 4651; x_wconf 73' lang='grc' dir='ltr'><strong>ἑφορῖὸ</strong></span> <span class='ocrx_word' id='word_1_717' title='bbox 1622 4566 1765 4647; x_wconf 88' lang='grc' dir='ltr'><strong>πρά-</strong></span> 
     </span>
     <span class='ocr_line' id='line_1_79' title="bbox 202 4658 1086 4745; baseline -0.006 -22"><span class='ocrx_word' id='word_1_718' title='bbox 202 4664 358 4745; x_wconf 75' lang='grc' dir='ltr'><strong>ξεων,</strong></span> <span class='ocrx_word' id='word_1_719' title='bbox 383 4658 454 4722; x_wconf 77' lang='grc' dir='ltr'>τᾶ</span> <span class='ocrx_word' id='word_1_720' title='bbox 477 4663 521 4722; x_wconf 85' lang='grc' dir='ltr'><strong>δ’</strong></span> <span class='ocrx_word' id='word_1_721' title='bbox 547 4660 738 4731; x_wconf 78' lang='grc' dir='ltr'><strong>ἐλπίζω</strong></span> <span class='ocrx_word' id='word_1_722' title='bbox 760 4658 1086 4739; x_wconf 66' lang='grc' dir='ltr'><strong>γενήσεσθαι.</strong></span> 
     </span>
    </p>
   </div>
   <div class='ocr_carea' id='block_1_21' title="bbox 755 4798 1226 5027">
    <p class='ocr_par' dir='ltr' id='par_1_29' title="bbox 755 4798 1226 5027">
     <span class='ocr_line' id='line_1_80' title="bbox 937 4798 1009 4859; baseline 0.028 -2"><span class='ocrx_word' id='word_1_723' title='bbox 937 4798 1009 4859; x_wconf 80' lang='grc' dir='ltr'><strong>Δ.</strong></span> 
     </span>
     <span class='ocr_line' id='line_1_81' title="bbox 755 4944 1226 5027; baseline -0.011 -23"><span class='ocrx_word' id='word_1_724' title='bbox 755 4944 1226 5027; x_wconf 72' lang='grc' dir='ltr'><strong>ΑΝΤιΠΑΤΡᾳ.</strong></span> 
     </span>
    </p>
   </div>
   <div class='ocr_carea' id='block_1_22' title="bbox 199 5086 1768 5260">
    <p class='ocr_par' dir='ltr' id='par_1_30' title="bbox 199 5086 1768 5260">
     <span class='ocr_line' id='line_1_82' title="bbox 201 5086 1768 5173; baseline -0.01 -14"><span class='ocrx_word' id='word_1_725' title='bbox 201 5116 210 5132; x_wconf 94' lang='grc'><em>·</em></span> <span class='ocrx_word' id='word_1_726' title='bbox 287 5090 462 5173; x_wconf 74' lang='grc' dir='ltr'><strong>Ἐγώ,</strong></span> <span class='ocrx_word' id='word_1_727' title='bbox 489 5090 682 5173; x_wconf 87' lang='grc' dir='ltr'><strong>καίπερ</strong></span> <span class='ocrx_word' id='word_1_728' title='bbox 704 5086 940 5150; x_wconf 73' lang='grc' dir='ltr'><strong>κινδύνου</strong></span> <span class='ocrx_word' id='word_1_729' title='bbox 962 5092 1090 5172; x_wconf 88' lang='grc' dir='ltr'><strong>παρ’</strong></span> <span class='ocrx_word' id='word_1_730' title='bbox 1113 5088 1240 5167; x_wconf 81' lang='grc' dir='ltr'><strong>ἡμῖν</strong></span> <span class='ocrx_word' id='word_1_731' title='bbox 1262 5087 1405 5155; x_wconf 84' lang='grc' dir='ltr'><strong>ὄντος</strong></span> <span class='ocrx_word' id='word_1_732' title='bbox 1431 5086 1502 5153; x_wconf 74' lang='grc' dir='ltr'><strong>εἰς</strong></span> <span class='ocrx_word' id='word_1_733' title='bbox 1524 5088 1768 5147; x_wconf 81' lang='grc' dir='ltr'><strong>Μακεδο-</strong></span> 
     </span>
     <span class='ocr_line' id='line_1_83' title="bbox 199 5172 1766 5260; baseline -0.01 -14"><span class='ocrx_word' id='word_1_734' title='bbox 199 5180 319 5247; x_wconf 81' lang='grc' dir='ltr'><strong>νίαν</strong></span> <span class='ocrx_word' id='word_1_735' title='bbox 362 5180 590 5260; x_wconf 80' lang='grc' dir='ltr'><strong>πέμπειν</strong></span> <span class='ocrx_word' id='word_1_736' title='bbox 614 5174 913 5251; x_wconf 74' lang='grc' dir='ltr'><strong>ἐπιστολήν,</strong></span> <span class='ocrx_word' id='word_1_737' title='bbox 939 5178 999 5237; x_wconf 81' lang='grc' dir='ltr'><strong>οὗ</strong></span> <span class='ocrx_word' id='word_1_738' title='bbox 1029 5175 1183 5255; x_wconf 81' lang='grc' dir='ltr'><strong>μόνον</strong></span> <span class='ocrx_word' id='word_1_739' title='bbox 1211 5180 1300 5235; x_wconf 77' lang='grc' dir='ltr'><strong>νῦν</strong></span> <span class='ocrx_word' id='word_1_740' title='bbox 1325 5172 1410 5233; x_wconf 76' lang='grc' dir='ltr'><strong>ὅτε</strong></span> <span class='ocrx_word' id='word_1_741' title='bbox 1437 5174 1766 5251; x_wconf 74' lang='grc' dir='ltr'><strong>πολεμοῦμεν</strong></span> 
     </span>
    </p>
   </div>
   <div class='ocr_carea' id='block_1_23' title="bbox 126 5258 1770 5357">
    <p class='ocr_par' dir='ltr' id='par_1_31' title="bbox 126 5258 1770 5357">
     <span class='ocr_line' id='line_1_84' title="bbox 126 5258 1770 5357; baseline -0.006 -27"><span class='ocrx_word' id='word_1_742' title='bbox 126 5270 333 5357; x_wconf 72' lang='grc' dir='ltr'><strong>Ξοπρδς</strong></span> <span class='ocrx_word' id='word_1_743' title='bbox 362 5273 528 5351; x_wconf 64' lang='grc' dir='ltr'><strong>ὑμᾶς,</strong></span> <span class='ocrx_word' id='word_1_744' title='bbox 553 5264 688 5328; x_wconf 70' lang='grc' dir='ltr'><strong>ἀλλὰ</strong></span> <span class='ocrx_word' id='word_1_745' title='bbox 714 5264 805 5325; x_wconf 74' lang='grc' dir='ltr'><strong>καὶ</strong></span> <span class='ocrx_word' id='word_1_746' title='bbox 829 5266 923 5339; x_wconf 72' lang='grc' dir='ltr'><strong>τῆς</strong></span> <span class='ocrx_word' id='word_1_747' title='bbox 951 5264 1156 5346; x_wconf 79' lang='grc' dir='ltr'><strong>εἰρήνης</strong></span> <span class='ocrx_word' id='word_1_748' title='bbox 1185 5261 1372 5341; x_wconf 74' lang='grc' dir='ltr'><strong>οὔσης,</strong></span> <span class='ocrx_word' id='word_1_749' title='bbox 1399 5261 1542 5343; x_wconf 76' lang='grc' dir='ltr'><strong>ὅμως</strong></span> <span class='ocrx_word' id='word_1_750' title='bbox 1566 5258 1770 5343; x_wconf 82' lang='grc' dir='ltr'><strong>γράψαι</strong></span> 
     </span>
    </p>
   </div>
   <div class='ocr_carea' id='block_1_24' title="bbox 1854 3960 3422 4645">
    <p class='ocr_par' dir='ltr' id='par_1_32' title="bbox 1854 3960 3422 4645">
     <span class='ocr_line' id='line_1_85' title="bbox 1855 3960 3421 4026; baseline -0.003 -11"><span class='ocrx_word' id='word_1_751' title='bbox 1855 3960 1973 4015; x_wconf 74' lang='lat' dir='ltr'><strong>tiam</strong></span> <span class='ocrx_word' id='word_1_752' title='bbox 1990 3963 2041 4012; x_wconf 88' lang='lat' dir='ltr'><strong>et</strong></span> <span class='ocrx_word' id='word_1_753' title='bbox 2060 3961 2287 4024; x_wconf 82' lang='lat' dir='ltr'><strong>gloriam,</strong></span> <span class='ocrx_word' id='word_1_754' title='bbox 2317 3975 2465 4026; x_wconf 92' lang='lat' dir='ltr'><strong>quam</strong></span> <span class='ocrx_word' id='word_1_755' title='bbox 2504 3962 2593 4013; x_wconf 85' lang='lat' dir='ltr'><strong>tibi</strong></span> <span class='ocrx_word' id='word_1_756' title='bbox 2618 3961 2795 4012; x_wconf 79' lang='lat' dir='ltr'><strong>vetusti</strong></span> <span class='ocrx_word' id='word_1_757' title='bbox 2828 3962 2957 4024; x_wconf 79' lang='lat' dir='ltr'><strong>regni</strong></span> <span class='ocrx_word' id='word_1_758' title='bbox 2982 3961 3199 4012; x_wconf 80' lang='lat' dir='ltr'><strong>subsidio</strong></span> <span class='ocrx_word' id='word_1_759' title='bbox 3229 3972 3421 4025; x_wconf 87' lang='lat' dir='ltr'><strong>compa·</strong></span> 
     </span>
     <span class='ocr_line' id='line_1_86' title="bbox 1855 4050 3420 4115; baseline 0.001 -14"><span class='ocrx_word' id='word_1_760' title='bbox 1855 4050 1971 4101; x_wconf 79' lang='lat' dir='ltr'><strong>rasti</strong></span> <span class='ocrx_word' id='word_1_761' title='bbox 2007 4066 2021 4100; x_wconf 76' lang='grc' dir='ltr'><strong>ι</strong></span> <span class='ocrx_word' id='word_1_762' title='bbox 2062 4064 2219 4114; x_wconf 89' lang='lat' dir='ltr'><strong>neque</strong></span> <span class='ocrx_word' id='word_1_763' title='bbox 2253 4050 2379 4101; x_wconf 87' lang='lat' dir='ltr'><strong>enim</strong></span> <span class='ocrx_word' id='word_1_764' title='bbox 2416 4051 2672 4115; x_wconf 88' lang='lat' dir='ltr'><strong>quicquam</strong></span> <span class='ocrx_word' id='word_1_765' title='bbox 2714 4050 2799 4101; x_wconf 88' lang='lat' dir='ltr'><strong>tibi</strong></span> <span class='ocrx_word' id='word_1_766' title='bbox 2834 4052 2929 4101; x_wconf 89' lang='lat' dir='ltr'><strong>erit</strong></span> <span class='ocrx_word' id='word_1_767' title='bbox 2960 4050 3118 4101; x_wconf 77' lang='lat' dir='ltr'><strong>adhuc</strong></span> <span class='ocrx_word' id='word_1_768' title='bbox 3156 4051 3420 4114; x_wconf 82' lang='lat' dir='ltr'><strong>reliquum,</strong></span> 
     </span>
     <span class='ocr_line' id='line_1_87' title="bbox 1854 4138 3422 4203; baseline 0 -14"><span class='ocrx_word' id='word_1_769' title='bbox 1854 4138 1950 4189; x_wconf 84' lang='lat' dir='ltr'><strong>nisi</strong></span> <span class='ocrx_word' id='word_1_770' title='bbox 1969 4140 2024 4191; x_wconf 87' lang='lat' dir='ltr'><strong>ut</strong></span> <span class='ocrx_word' id='word_1_771' title='bbox 2046 4138 2166 4190; x_wconf 89' lang='lat' dir='ltr'><strong>deus</strong></span> <span class='ocrx_word' id='word_1_772' title='bbox 2206 4139 2312 4189; x_wconf 79' lang='lat' dir='ltr'><strong>tiss.</strong></span> <span class='ocrx_word' id='word_1_773' title='bbox 2377 4138 2447 4203; x_wconf 82' lang='lat' dir='ltr'><strong>(ti)</strong></span> <span class='ocrx_word' id='word_1_774' title='bbox 2490 4144 2590 4202; x_wconf 76' lang='lat' dir='ltr'><strong>Ego</strong></span> <span class='ocrx_word' id='word_1_775' title='bbox 2614 4153 2726 4189; x_wconf 80' lang='lat' dir='ltr'><strong>vero</strong></span> <span class='ocrx_word' id='word_1_776' title='bbox 2766 4139 3001 4191; x_wconf 86' lang='lat' dir='ltr'><strong>senectuti</strong></span> <span class='ocrx_word' id='word_1_777' title='bbox 3040 4140 3107 4190; x_wconf 85' lang='lat' dir='ltr'><strong>ob</strong></span> <span class='ocrx_word' id='word_1_778' title='bbox 3146 4138 3237 4189; x_wconf 84' lang='lat' dir='ltr'><strong>hoc</strong></span> <span class='ocrx_word' id='word_1_779' title='bbox 3269 4151 3422 4190; x_wconf 89' lang='lat' dir='ltr'><strong>uuum</strong></span> 
     </span>
     <span class='ocr_line' id='line_1_88' title="bbox 1856 4226 3419 4291; baseline 0.001 -14"><span class='ocrx_word' id='word_1_780' title='bbox 1856 4226 2011 4277; x_wconf 86' lang='lat' dir='ltr'><strong>habeo</strong></span> <span class='ocrx_word' id='word_1_781' title='bbox 2027 4227 2253 4290; x_wconf 74' lang='lat' dir='ltr'><strong>gratiam,</strong></span> <span class='ocrx_word' id='word_1_782' title='bbox 2277 4226 2407 4291; x_wconf 88' lang='lat' dir='ltr'><strong>quod</strong></span> <span class='ocrx_word' id='word_1_783' title='bbox 2436 4240 2494 4278; x_wconf 90' lang='lat' dir='ltr'><strong>eo</strong></span> <span class='ocrx_word' id='word_1_784' title='bbox 2519 4240 2673 4291; x_wconf 84' lang='lat' dir='ltr'><strong>usque</strong></span> <span class='ocrx_word' id='word_1_785' title='bbox 2695 4227 2899 4291; x_wconf 84' lang='lat' dir='ltr'><strong>produxi</strong></span> <span class='ocrx_word' id='word_1_786' title='bbox 2920 4227 3036 4277; x_wconf 78' lang='lat' dir='ltr'><strong>vitae</strong></span> <span class='ocrx_word' id='word_1_787' title='bbox 3056 4240 3179 4279; x_wconf 78' lang='lat' dir='ltr'><strong>meoe</strong></span> <span class='ocrx_word' id='word_1_788' title='bbox 3201 4232 3419 4291; x_wconf 85' lang='lat' dir='ltr'><strong>tempus,</strong></span> 
     </span>
     <span class='ocr_line' id='line_1_89' title="bbox 1856 4314 3419 4378; baseline 0 -13"><span class='ocrx_word' id='word_1_789' title='bbox 1856 4315 1989 4365; x_wconf 83' lang='lat' dir='ltr'><strong>ntea</strong></span> <span class='ocrx_word' id='word_1_790' title='bbox 2014 4327 2123 4378; x_wconf 76' lang='lat' dir='ltr'><strong>quae</strong></span> <span class='ocrx_word' id='word_1_791' title='bbox 2143 4314 2417 4367; x_wconf 71' lang='lat' dir='ltr'><strong>adolescens</strong></span> <span class='ocrx_word' id='word_1_792' title='bbox 2442 4314 2603 4365; x_wconf 84' lang='lat' dir='ltr'><strong>animo</strong></span> <span class='ocrx_word' id='word_1_793' title='bbox 2624 4315 2804 4377; x_wconf 81' lang='lat' dir='ltr'><strong>agitavi</strong></span> <span class='ocrx_word' id='word_1_794' title='bbox 2824 4319 2873 4366; x_wconf 90' lang='lat' dir='ltr'><strong>et</strong></span> <span class='ocrx_word' id='word_1_795' title='bbox 2891 4317 2999 4366; x_wconf 85' lang='lat' dir='ltr'><strong>tum</strong></span> <span class='ocrx_word' id='word_1_796' title='bbox 3020 4314 3073 4365; x_wconf 83' lang='lat' dir='ltr'><strong>in</strong></span> <span class='ocrx_word' id='word_1_797' title='bbox 3106 4315 3388 4377; x_wconf 70' lang='lat' dir='ltr'><strong>panegyrica</strong></span> <span class='ocrx_word' id='word_1_798' title='bbox 3404 4350 3419 4375; x_wconf 91' lang='lat'><strong>,</strong></span> 
     </span>
     <span class='ocr_line' id='line_1_90' title="bbox 1857 4402 3419 4467; baseline 0 -14"><span class='ocrx_word' id='word_1_799' title='bbox 1857 4405 1961 4453; x_wconf 87' lang='lat' dir='ltr'><strong>tum</strong></span> <span class='ocrx_word' id='word_1_800' title='bbox 1985 4402 2047 4453; x_wconf 85' lang='lat' dir='ltr'><strong>ad</strong></span> <span class='ocrx_word' id='word_1_801' title='bbox 2068 4406 2117 4454; x_wconf 87' lang='lat' dir='ltr'><strong>te</strong></span> <span class='ocrx_word' id='word_1_802' title='bbox 2158 4404 2303 4455; x_wconf 76' lang='lat' dir='ltr'><strong>missa</strong></span> <span class='ocrx_word' id='word_1_803' title='bbox 2328 4403 2543 4454; x_wconf 71' lang='lat' dir='ltr'><strong>oratione</strong></span> <span class='ocrx_word' id='word_1_804' title='bbox 2568 4404 2817 4455; x_wconf 86' lang='lat' dir='ltr'><strong>scribenda</strong></span> <span class='ocrx_word' id='word_1_805' title='bbox 2842 4404 3058 4467; x_wconf 82' lang='lat' dir='ltr'><strong>suscepi,</strong></span> <span class='ocrx_word' id='word_1_806' title='bbox 3083 4403 3258 4467; x_wconf 84' lang='lat' dir='ltr'><strong>partim</strong></span> <span class='ocrx_word' id='word_1_807' title='bbox 3292 4416 3419 4453; x_wconf 82' lang='lat' dir='ltr'><strong>nunc</strong></span> 
     </span>
     <span class='ocr_line' id='line_1_91' title="bbox 1855 4490 3418 4558; baseline 0.001 -16"><span class='ocrx_word' id='word_1_808' title='bbox 1855 4503 1944 4555; x_wconf 88' lang='lat' dir='ltr'><strong>per</strong></span> <span class='ocrx_word' id='word_1_809' title='bbox 1983 4494 2033 4542; x_wconf 89' lang='lat' dir='ltr'><strong>te</strong></span> <span class='ocrx_word' id='word_1_810' title='bbox 2058 4492 2159 4555; x_wconf 79' lang='lat' dir='ltr'><strong>geri</strong></span> <span class='ocrx_word' id='word_1_811' title='bbox 2182 4493 2231 4543; x_wconf 87' lang='lat' dir='ltr'><strong>et</strong></span> <span class='ocrx_word' id='word_1_812' title='bbox 2256 4490 2581 4544; x_wconf 66' lang='lat' dir='ltr'><strong>administrari</strong></span> <span class='ocrx_word' id='word_1_813' title='bbox 2618 4492 2839 4557; x_wconf 77' lang='lat' dir='ltr'><strong>videam,</strong></span> <span class='ocrx_word' id='word_1_814' title='bbox 2874 4493 3049 4558; x_wconf 83' lang='lat' dir='ltr'><strong>partim</strong></span> <span class='ocrx_word' id='word_1_815' title='bbox 3070 4493 3295 4558; x_wconf 83' lang='lat' dir='ltr'><strong>deinceps</strong></span> <span class='ocrx_word' id='word_1_816' title='bbox 3315 4505 3418 4557; x_wconf 85' lang='lat' dir='ltr'><strong>per·</strong></span> 
     </span>
     <span class='ocr_line' id='line_1_92' title="bbox 1856 4580 2361 4645; baseline -0.006 -14"><span class='ocrx_word' id='word_1_817' title='bbox 1856 4580 2041 4631; x_wconf 75' lang='lat' dir='ltr'><strong>fectum</strong></span> <span class='ocrx_word' id='word_1_818' title='bbox 2068 4580 2128 4631; x_wconf 89' lang='lat' dir='ltr'><strong>iri</strong></span> <span class='ocrx_word' id='word_1_819' title='bbox 2154 4594 2361 4645; x_wconf 89' lang='lat' dir='ltr'><strong>sperem.</strong></span> 
     </span>
    </p>
   </div>
   <div class='ocr_carea' id='block_1_25' title="bbox 2409 4794 2874 4991">
    <p class='ocr_par' dir='ltr' id='par_1_33' title="bbox 2409 4794 2874 4991">
     <span class='ocr_line' id='line_1_93' title="bbox 2603 4794 2656 4847; baseline 0.038 -2"><span class='ocrx_word' id='word_1_820' title='bbox 2603 4794 2656 4847; x_wconf 80' lang='grc'><strong>4.</strong></span> 
     </span>
     <span class='ocr_line' id='line_1_94' title="bbox 2409 4928 2874 4991; baseline -0.004 0"><span class='ocrx_word' id='word_1_821' title='bbox 2409 4928 2874 4991; x_wconf 79' lang='lat' dir='ltr'><strong>ANTIPATno.</strong></span> 
     </span>
    </p>
   </div>
   <div class='ocr_carea' id='block_1_26' title="bbox 1858 5079 3419 5337">
    <p class='ocr_par' dir='ltr' id='par_1_34' title="bbox 1858 5079 3419 5337">
     <span class='ocr_line' id='line_1_95' title="bbox 1871 5079 3417 5147; baseline -0.002 -12"><span class='ocrx_word' id='word_1_822' title='bbox 1871 5098 1881 5111; x_wconf 75' lang='grc'>’</span> <span class='ocrx_word' id='word_1_823' title='bbox 1920 5086 2205 5147; x_wconf 84' lang='lat' dir='ltr'><strong>Quanquam</strong></span> <span class='ocrx_word' id='word_1_824' title='bbox 2230 5079 2361 5146; x_wconf 85' lang='lat' dir='ltr'><strong>apud</strong></span> <span class='ocrx_word' id='word_1_825' title='bbox 2390 5094 2481 5133; x_wconf 85' lang='lat' dir='ltr'><strong>nos</strong></span> <span class='ocrx_word' id='word_1_826' title='bbox 2502 5080 2823 5146; x_wconf 76' lang='lat' dir='ltr'><strong>perictdosum</strong></span> <span class='ocrx_word' id='word_1_827' title='bbox 2852 5084 2927 5132; x_wconf 82' lang='lat' dir='ltr'><strong>est</strong></span> <span class='ocrx_word' id='word_1_828' title='bbox 2954 5080 3119 5132; x_wconf 81' lang='lat' dir='ltr'><strong>literas</strong></span> <span class='ocrx_word' id='word_1_829' title='bbox 3148 5080 3339 5133; x_wconf 85' lang='lat' dir='ltr'><strong>mittere</strong></span> <span class='ocrx_word' id='word_1_830' title='bbox 3368 5081 3417 5132; x_wconf 86' lang='lat' dir='ltr'><strong>in</strong></span> 
     </span>
     <span class='ocr_line' id='line_1_96' title="bbox 1858 5170 3419 5241; baseline -0.003 -10"><span class='ocrx_word' id='word_1_831' title='bbox 1858 5178 2191 5231; x_wconf 74' lang='lat' dir='ltr'><strong>Macedoniam</strong></span> <span class='ocrx_word' id='word_1_832' title='bbox 2204 5213 2220 5240; x_wconf 89' lang='lat'><strong>,</strong></span> <span class='ocrx_word' id='word_1_833' title='bbox 2250 5190 2349 5228; x_wconf 88' lang='lat' dir='ltr'><strong>non</strong></span> <span class='ocrx_word' id='word_1_834' title='bbox 2369 5175 2516 5227; x_wconf 89' lang='lat' dir='ltr'><strong>modo</strong></span> <span class='ocrx_word' id='word_1_835' title='bbox 2536 5188 2665 5231; x_wconf 83' lang='lat' dir='ltr'><strong>nunc</strong></span> <span class='ocrx_word' id='word_1_836' title='bbox 2685 5188 2838 5241; x_wconf 90' lang='lat' dir='ltr'><strong>quum</strong></span> <span class='ocrx_word' id='word_1_837' title='bbox 2858 5170 3041 5227; x_wconf 79' lang='lat' dir='ltr'><strong>bellum</strong></span> <span class='ocrx_word' id='word_1_838' title='bbox 3064 5172 3315 5225; x_wconf 74' lang='lat' dir='ltr'><strong>vobiscum</strong></span> <span class='ocrx_word' id='word_1_839' title='bbox 3338 5188 3419 5239; x_wconf 73' lang='lat' dir='ltr'><strong>ge·</strong></span> 
     </span>
     <span class='ocr_line' id='line_1_97' title="bbox 1858 5262 3413 5337; baseline -0.005 -13"><span class='ocrx_word' id='word_1_840' title='bbox 1858 5268 2037 5336; x_wconf 79' lang='lat' dir='ltr'><strong>rimus,</strong></span> <span class='ocrx_word' id='word_1_841' title='bbox 2068 5268 2155 5324; x_wconf 82' lang='lat' dir='ltr'><strong>sed</strong></span> <span class='ocrx_word' id='word_1_842' title='bbox 2184 5270 2315 5337; x_wconf 76' lang='lat' dir='ltr'><strong>pacis</strong></span> <span class='ocrx_word' id='word_1_843' title='bbox 2337 5268 2481 5321; x_wconf 75' lang='lat' dir='ltr'><strong>etiam</strong></span> <span class='ocrx_word' id='word_1_844' title='bbox 2503 5271 2746 5332; x_wconf 83' lang='lat' dir='ltr'><strong>tempore,</strong></span> <span class='ocrx_word' id='word_1_845' title='bbox 2767 5280 2854 5331; x_wconf 75' lang='lat' dir='ltr'><strong>ego</strong></span> <span class='ocrx_word' id='word_1_846' title='bbox 2875 5268 3032 5319; x_wconf 86' lang='lat' dir='ltr'><strong>tamen</strong></span> <span class='ocrx_word' id='word_1_847' title='bbox 3050 5262 3111 5315; x_wconf 84' lang='lat' dir='ltr'><strong>ad</strong></span> <span class='ocrx_word' id='word_1_848' title='bbox 3138 5266 3183 5315; x_wconf 85' lang='lat' dir='ltr'><strong>te</strong></span> <span class='ocrx_word' id='word_1_849' title='bbox 3204 5264 3413 5317; x_wconf 81' lang='lat' dir='ltr'><strong>scribere</strong></span> 
     </span>
    </p>
   </div>
  </div>
 </body>
</html>
