3825 5842
991 481 1390 546 IsocRA'rts
1431 482 1720 547 ORATIO
1759 484 1863 546 DE
1903 482 2531 546 PERMUTATIONE.

123 610 404 690 γήσασθαι
425 608 550 692 περὶ
576 580 797 671 ἑκάστου
813 653 832 684 ,
859 605 952 670 καὶ
967 615 1184 684 ποιῆσαι
1213 613 1412 689 μᾶλλον
1437 611 1514 672 ἔτι
1542 635 1700 672 κατα·
1739 611 1750 617 ”

119 700 290 782 φανὲς
309 703 382 768 ὡς
411 701 586 773 ἀληθῆ
626 698 718 768 καὶ
760 697 880 759 τότε
907 705 1156 782 προεῖπον
1180 700 1271 761 καὶ
1303 705 1394 760 νῦν
1415 700 1556 781 λέγω
1580 702 1702 783 περὶ

119 791 328 852 αὐτῶν.
413 788 526 852 Καὶ
547 792 754 871 πρῶτον
784 787 879 868 μὲν
907 789 1056 858 ποῖος
1070 789 1262 870 γένοιτ’
1292 788 1356 850 ἂν
1374 790 1524 872 λόγος
1546 789 1701 852 ὁσιώ-

117 903 278 962 τερος
301 879 342 952 ἢ
371 877 688 963 δικαιότερος
705 885 800 940 τοῦ
825 877 946 948 τοὺς
978 879 1262 963 προγόνους
1289 881 1702 961 ἐγκωμιάζοντος

46 983 70 1022 6
121 968 294 1038 ἀξίως
318 974 416 1044 τῆς
441 971 630 1052 ἀρετῆς
653 973 749 1042 τῆς
781 968 990 1029 ἰκείνων
1012 971 1103 1030 καὶ
1141 973 1245 1030 τῶν
1275 969 1441 1052 ἔργων
1467 974 1571 1032 τῶν
1605 993 1698 1030 πε-

121 1057 454 1142 πραγμένων
474 1059 678 1138 αὐτοῖς,
705 1055 796 1142 (77)
815 1056 996 1118 ἔπειτα
1017 1057 1096 1128 τίς
1117 1057 1179 1118 ἂν
1193 1056 1589 1141 πολιτικώτερος
1609 1058 1702 1120 καὶ

122 1149 341 1228 μᾶλλον
367 1146 585 1231 πρέπων
619 1151 686 1228 τῇ
728 1145 880 1206 πόλει
910 1153 998 1206 τοῦ
1040 1143 1136 1220 τὴν
1163 1147 1444 1228 ἡγεμονίαν
1469 1147 1702 1231 ἀποφαί-

120 1259 308 1306 νοντος
338 1235 400 1297 ἔκ
418 1260 479 1296 τε
503 1240 607 1296 τῶν
642 1235 817 1296 ἄλλων
849 1237 1153 1319 εὐεργεσιῶν
1197 1234 1289 1297 καὶ
1314 1241 1421 1297 τῶν
1453 1235 1700 1297 κινδύνων

119 1325 401 1409 ἡμετέραν
426 1316 586 1386 οὖσαν
615 1322 863 1404 μᾶλλονῆ
889 1322 1346 1404 Λακεδαιμονίων;
1366 1323 1445 1383 ἔτι
1464 1321 1520 1384 δὲ
1544 1323 1619 1391 τίς
1638 1322 1701 1384 ἂν

51 1436 96 1475 ιο
121 1415 256 1496 περὶ
277 1413 572 1474 καλλιόνων
589 1413 680 1474 καὶ
705 1413 953 1492 μειζόνων
977 1412 1306 1494 πραγμάτοιν
1323 1416 1414 1472 τοῦ
1431 1409 1550 1479 τοὺς
1565 1410 1701 1472 Ἓλ-

119 1505 297 1576 ληνας
341 1501 432 1562 ἐπί
447 1526 536 1563 *ca
571 1501 670 1575 τὴν
693 1506 796 1565 τῶν
829 1501 1111 1585 βαρὸάρων
1147 1499 1424 1583 στρατείαν
1451 1523 1702 1583 παρακα-

121 1593 349 1659 λοῦντος
373 1590 465 1651 καὶ
490 1590 613 1672 περὶ
639 1595 732 1664 τῆς
753 1590 883 1672 πρὸς
911 1590 1168 1664 ἀλλήλους
1202 1588 1442 1668 ὁμονοίας
1469 1589 1701 1668 συμὸου-

123 1678 374 1746 λεύοντος
382 1703 400 1754 ;
417 1679 506 1758 (78)
521 1677 619 1740 Ἐν
633 1677 728 1758 μὲν
743 1677 912 1740 τοίνυν
931 1681 1011 1762 τῷ
1021 1677 1214 1762 πρώτῳ
1225 1677 1366 1760 λόγῳ
1377 1675 1702 1759 περὶτούτων

124 1769 388 1850 τυγχάνω
407 1767 776 1849 διειλεγμένος,
802 1771 855 1829 ἐν
890 1767 948 1831 δὲ
969 1769 1074 1836 τοῖς
1095 1767 1328 1852 ὑστέροις
1349 1765 1471 1849 περὶ
1489 1765 1704 1828 ἐλαττό-

53 1878 98 1917 15
123 1882 238 1918 νων
263 1858 362 1937 μὲν
380 1856 417 1932 ἢ
437 1857 777 1932 τηλικούτων,
805 1859 862 1918 οὗ
884 1857 988 1937 μὴν
1019 1857 1140 1941 περὶ
1166 1855 1567 1939 ἀχρηστοτέρων
1595 1857 1702 1916 οὐδ’

125 1939 296 2020 ἧττον
318 1951 388 2026 τῇ
415 1947 566 2007 πόλει
593 1945 980 2030 συμφερόντων.
1065 1943 1338 2008 Merces
1365 1944 1421 2005 δὲ
1433 1945 1530 2018 τὴν
1557 1942 1703 2004 δύνα-

127 2059 226 2114 μιν
255 2036 456 2111 αὐτῶν,
489 2031 556 2108 ἣν
587 2035 970 2118 παραὸάλλητε
1001 2034 1133 2118 πρὸς
1177 2033 1332 2117 ἕτερα
1366 2037 1470 2094 τῶν
1504 2035 1704 2094 εὐδοκι-

129 2123 380 2205 μούντων
407 2123 622 2184 καὶτῶν
656 2123 935 2208 ὠφελίμων
957 2115 1090 2188 εἶναι
1113 2123 1422 2186 δοκούντων.

214 2235 294 2276 7⁹.
341 2203 513 2293 Οἶμαι
561 2213 626 2286 δὴ
664 2213 866 2284 πάντας
908 2212 973 2274 ἂν
1000 2216 1324 2294 ὁμολογῆσαι
1370 2211 1488 2282 τοὺς
1513 2210 1702 2294 νόμους

55 2321 106 2360 20
128 2302 402 2364 πλείστων
428 2302 520 2363 καὶ
548 2301 806 2382 μεγίστων
854 2305 1063 2385 ἀγαθῶν
1105 2302 1299 2372 αἰτίους
1336 2293 1467 2363 εἶναι
1502 2305 1579 2386 τῷ
1605 2301 1704 2386 βίῳ

131 2397 242 2454 τῶν
273 2390 580 2475 ἀνθρώπων·
611 2393 731 2453 ἀλλ’
750 2397 786 2466 ἡ
814 2391 908 2473 μὲν
939 2392 1135 2453 τούτων
1175 2396 1364 2476 χρῆσις
1396 2391 1536 2452 τοῦτ’
1567 2394 1704 2474 ὠφε-

133 2487 248 2544 λεῖν
277 2481 436 2561 μόνον
468 2481 694 2565 πέφυκε,
722 2481 791 2542 τὰ
817 2481 956 2544 κατὰ
983 2481 1080 2557 τὴν
1106 2481 1260 2542 πόλιν
1286 2481 1377 2543 καὶ
1403 2480 1472 2542 τὰ
1501 2481 1702 2559 συμὸό-

131 2575 268 2633 λαια
291 2571 362 2632 τὰ
387 2573 669 2652 γιγνόμενα
691 2571 822 2655 πρὸς
847 2576 990 2652 ἡμᾶς
1019 2573 1220 2640 αὖτούς·
1248 2573 1293 2631 εἰ
1322 2570 1377 2631 δὲ
1405 2574 1512 2640 τοῖς
1536 2568 1705 2650 λόγοις

138 2661 406 2722 πείθοισθε
430 2665 538 2730 τοῖς
559 2663 733 2740 ἐμοῖς,
753 2660 880 2734 ὅλην
906 2660 1002 2734 τὴν
1032 2658 1269 2722 Ἑλλάδα
1297 2662 1470 2728 καλῶς
1493 2658 1558 2720 ἂν
1580 2661 1704 2720 διοι-

61 2763 114 2804 25
133 2758 282 2811 κοῖτε
308 2749 402 2810 καὶ
437 2749 649 2820 δικαίως
669 2749 760 2811 καὶ
783 2755 850 2832 τῇ
882 2750 1034 2812 πόλει
1057 2748 1441 2834 συμφερόντως·
1473 2750 1567 2829 (ευ)
1599 2748 1704 2833 χρὴ

139 2838 196 2899 δὲ
217 2836 342 2907 τοὺς
365 2843 484 2898 νοῦν
521 2839 736 2922 ἔχοντας
777 2839 900 2924 περὶ
928 2837 1196 2925 ἀμφότεροι
1225 2838 1320 2919 μὲν
1348 2843 1516 2900 ταῦτα
1540 2861 1706 2900 σπου-

139 2928 335 3003 δάζειν,
360 2928 536 2988 αὐτοῖν
562 2927 616 2988 δὲ
639 2928 838 2990 τούτοιν
861 2929 922 2990 τὸ
945 2931 1120 3009 μεῖζον
1146 2927 1311 2989 καὶτὸ
1332 2927 1544 2998 πλέονος
1567 2928 1704 2998 ἄξιον

139 3025 432 3100 προτιμᾶν,
470 3015 651 3077 ἔπειτα
692 3021 902 3078 κάκεῖνο
942 3017 1265 3097 γιγνώσκειν,
1291 3017 1372 3078 ὅτι
1401 3016 1706 3098 νόμους’μὲν

139 3108 306 3166 θεῖναι
334 3105 509 3187 μυρίοι
533 3106 626 3166 καὶ
669 3111 772 3167 τῶν
807 3107 980 3167 ἄλλων
1019 3105 1295 3178 Ἑλλήνων
1333 3105 1424 3167 καὶ
1451 3111 1556 3168 τῶν
1581 3111 1708 3189 βαρ-

59 3211 116 3251 30
143 3195 324 3278 ὅάρων
351 3195 524 3256 ἱκανοὶ
543 3194 839 3276 γεγόνασιν,
866 3197 1032 3256 εἰπεῖν
1055 3195 1110 3255 δὲ
1137 3196 1261 3277 περὶ
1281 3199 1386 3256 τῶν
1414 3194 1705 3278 συμφερόν-

141 3307 250 3346 των
275 3283 432 3354 ἀξίως
457 3289 552 3358 τῆς
569 3284 772 3354 πόλεως
791 3285 884 3346 καὶ
907 3290 1004 3359 τῆς
1030 3283 1286 3353 Ἑλλάδος
1315 3287 1412 3345 οὐκ
1439 3285 1501 3346 ἂν
1524 3286 1707 3346 πολλοὶ

147 3375 430 3446 δυνηθεῖεν*
477 3373 569 3452 (ει)
597 3363 672 3433 ὧν
688 3371 860 3453 ιἕνεκα
891 3371 1010 3442 τοὺς
1049 3371 1198 3456 Ῐργον
1232 3373 1567 3452 ποιουμένους
1591 3372 1710 3444 τοὺς

145 3460 408 3529 τοιούτους
429 3461 611 3542 λόγους
639 3461 892 3545 εὑρίσκειν
918 3460 1147 3545 τοσούτῳ
1173 3461 1278 3546 χρὴ
1316 3461 1439 3545 περὶ
1478 3462 1710 3532 πλείονος

145 3555 412 3611 ποιεῖσθαι
437 3553 540 3609 τῶν
553 3548 670 3619 τοὺς
685 3549 872 3630 νόμους
887 3549 1128 3612 τιθέντων
1148 3552 1240 3612 καὶ
1263 3551 1583 3635 γραφόντων,
1601 3551 1710 3637 ὅσῳ

60 3657 116 3719 ³³?
145 3639 248 3721 πέρ
271 3641 378 3698 εἰσι
400 3637 742 3718 σπανιώτεροι
761 3638 852 3699 καὶ
876 3639 1237 3723 χαλεπώτεροι
1258 3641 1348 3703 καὶ
1370 3643 1542 3723 ψυχῆς
1568 3665 1709 3725 φρο-

148 3726 446 3808 νιμωτέρας
465 3727 696 3806 δεόμενοι
723 3729 1087 3810 τυγχάνουσιν,
1123 3730 1294 3800 ἄλλως
1317 3753 1374 3789 τε
1390 3729 1453 3804 δὴ
1483 3731 1572 3791 καὶ
1602 3737 1708 3794 νῦν.

149 3819 240 3896 (⁸2)
267 3815 408 3878 Ὅτε
434 3815 529 3895 μὲν
559 3816 660 3897 γὰρ
684 3816 880 3899 ἤρχετο
917 3818 977 3878 τὸ
1013 3817 1158 3901 γένος
1193 3819 1254 3879 τὸ
1287 3823 1390 3879 τῶν
1424 3821 1516 3879 ἀνθ
1551 3819 1709 3880 ώπων

143 3905 417 3985 γίγνεσθαι
440 3903 532 3964 καὶ
557 3905 932 3975 συνοικίζεσθαι
958 3906 1097 3966 κατὰ
1117 3906 1322 3982 πόλεις,
1351 3907 1485 3976 εἰκὸς
1512 3843 1577 3981 ἓν
1603 3933 1711 3968 πα·

148 3991 457 4074 ραπλησίαν
482 3980 614 4051 εἶναι
638 3991 734 4066 τὴν
755 3993 968 4068 ζήτησιν
991 3996 1180 4054 αὐτῶν·
1205 3994 1386 4068 ἐπειδὴ
1426 3995 1469 4054 δ’
1489 3998 1712 4056 ἐνταῦθα

63 4095 118 4136 40
145 4081 585 4162 προεληλύθαμεν
615 4079 752 4140 ὥστε
792 4081 882 4141 καὶ
917 4081 1036 4150 τοὺς
1063 4082 1246 4163 λόγους
1275 4083 1391 4154 τοὺς
1417 4085 1462 4143 εἰ
1495 4084 1714 4164 ημένους

145 4170 240 4230 καὶ
265 4168 386 4237 τοὺς
401 4167 590 4246 νόμους
611 4167 726 4238 τοὺς
740 4169 1006 4250 κειμένους
1030 4173 1408 4255 ἀναριθμήτους
1433 4198 1457 4233 ε
1480 4197 1595 4248 ναι,
1624 4175 1714 4234 καὶ

146 4261 253 4317 τῶν
277 4257 378 4334 μὲν
405 4257 578 4335 νόμων
601 4259 924 4318 ἐπαινεῖσθαι
947 4257 1067 4326 τοὺς
1094 4259 1495 4340 ἀρχαιοτάτους,
1519 4265 1622 4321 τῶν
1660 4262 1715 4322 δὲ

147 4346 320 4424 λόγων
361 4343 482 4414 τοὺς
525 4347 888 4422 καινοτάτους,
933 4347 1106 4407 οὐκέτι
1142 4353 1237 4422 τῆς
1283 4351 1442 4422 αὐτῆς
1489 4351 1716 4422 διανοίας

151 4433 304 4516 ἔργον
333 4432 498 4506 ἐστίν,
528 4435 628 4514 (aa)
671 4433 808 4494 ἀλλὰ
851 4437 958 4504 τοῖς-
999 4434 1094 4514 μὲν
1136 4433 1258 4504 ,τοὺς
1293 4435 1478 4515 νόμους
1523 4439 1718 4499 τιθέναι

71 4533 120 4573 ⁴³
150 4523 583 4604 προαιρουμένοις
605 4521 864 4606 προύργου
898 4522 1076 4603 γέγονε
1101 4524 1163 4585 τὸ
1187 4529 1384 4599 πλῆθος
1408 4529 1510 4586 τῶν
1539 4527 1718 4607 κειμέ-

153 4635 252 4670 νων
291 4609 472 4690 (οὗδὲν
506 4609 608 4693 γὰρ
642 4612 826 4681 αὐτοὺς
862 4613 938 4672 δεῖ
981 4615 1151 4688 ζητεῖν
1178 4613 1408 4697 ἐτέρους,
1432 4614 1569 4676 ἀλλὰ
1601 4616 1719 4688 τοὺς

153 4698 297 4782 παρὰ
327 4700 435 4767 τοῖς
479 4699 656 4768 ἄλλοις
696 4701 1094 4778 εὐδοκιμοῦντας
1136 4708 1448 4785 πειραθῆναι
1486 4727 1718 4784 συναγα-

153 4794 278 4868 γεῖν,
312 4788 360 4868 8,
391 4787 582 4870 ῥαδίως
605 4789 744 4858 ὅστις
772 4789 835 4849 ἂν
861 4780 949 4850 οῧν
991 4791 1258 4871 βουληθεὶς
1288 4792 1586 4874 ποιήσειε),
1614 4795 1720 4865 τοῖς

155 4876 206 4936 δὲ
225 4875 350 4958 περὶ
381 4876 504 4944 τοὺς
541 4877 726 4956 λόγους
768 4877 1282 4960 πραγματευομένοις
1322 4879 1408 4940 διὰ
1435 4883 1493 4943 τὸ
1520 4901 1718 4964 προκα-

85 4975 134 5014 ⁸⁰
155 4969 430 5048 τειλῆφθαι
456 4964 526 5024 τὰ
561 4967 786 5026 πλεῖστα
811 4968 1108 5028 τούναντίον
1129 4969 1454 5048 συμὸέὸηκε·
1488 4973 1722 5050 λίγοντες

158 5055 250 5133 μὲν
277 5053 386 5138 γὰρ
413 5053 586 5115 ταῦτὰ
621 5056 728 5124 τοῖς
761 5055 1011 5138 πρότερον
1041 5057 1328 5140 εἰρημένοις
1359 5061 1720 5142 ἀναισχυντεῖν

153 5143 242 5204 καὶ
265 5147 450 5227 ληρεῖν
481 5141 715 5222 δόξουσι,
740 5143 894 5205 καινὰ
919 5143 972 5203 δὲ
1003 5149 1267 5218 ζητοῦντες
1288 5147 1542 5218 ἐπιπόνως
1569 5149 1722 5231 εὑρή-

155 5253 324 5296 σουσι.
411 5231 610 5316 Διόπερ
640 5229 866 5315 ἔφασκον
892 5235 1217 5316 ,ἀμφοτέροις
1261 5233 1357 5314 μὲν
1401 5238 1724 5298 ἐπαινεῖσθαι

3238 499 3344 550 211

1792 621 2065 674 defensione
2080 621 2293 673 adbibita
2306 621 2459 686 magis
2477 620 2622 672 etiam
2645 623 2843 686 planum
2866 622 3019 674 facere
3036 621 3195 687 vobis»,
3216 637 3293 674 me
3310 627 3359 675 et

1791 724 1906 775 olim
1933 723 1995 775 de
2016 724 2077 775 iis
2098 736 2213 774 vere
2234 721 2412 774 dixisse
2440 724 2490 775 et
2512 737 2640 774 nunc
2665 724 2990 789 pronunciare.
3057 728 3127 776 Ac
3144 724 3355 789 primum

1792 836 1905 887 quae
1940 823 2190 876 oratio·est
2217 837 2247 876 a
2276 823 2453 888 pietate
2471 823 2751 875 laudabilior
2778 826 2863 876 aut
2884 823 3059 887 iustior
3082 839 3227 888 quam
3252 838 3361 888 quoe

1795 920 2003 984 minores
2037 919 2265 984 predicet
2286 925 2341 972 ut
2360 921 2559 984 dignum
2585 925 2661 972 est
2680 920 2873 972 illorum
2905 921 3083 972 virtute
3122 923 3363 986 rebusque

1793 1021 1971 1083 gestis?
1994 1019 2093 1082 (77)
2118 1018 2291 1070 deinde
2320 1033 2435 1085 quoe
2464 1021 2739 1086 popularior
2768 1020 2973 1084 urbique
3008 1021 3363 1075 convenientior

1791 1120 1874 1172 illa
1897 1135 1993 1186 qua
2010 1121 2331 1187 principatum
2348 1135 2500 1186 quum
2528 1125 2800 1176 ceterorum
2822 1123 3160 1176 beneficiorum
3190 1139 3360 1189 causa,

1792 1224 1898 1270 tum
1918 1221 2111 1286 propter
2124 1219 2399 1272 discrimina
2412 1236 2523 1288 qum
2541 1223 2853 1285 adiverimus,
2870 1224 3009 1276 nobis
3031 1225 3195 1288 potius
3216 1241 3361 1291 quam

1793 1319 2169 1372 Lacedaemoniis
2190 1321 2354 1373 deberi
2366 1321 2564 1374 doceat?
2577 1322 2785 1389 denique
2803 1337 2912 1390 quae
2934 1323 2995 1376 de
3008 1323 3361 1378 honestioribus

1795 1415 2153 1484 majoribusque
2177 1420 2323 1473 rebus
2351 1421 2541 1474 dicotur
2566 1437 2709 1488 quam
2733 1437 2843 1488 quae
2861 1427 3061 1478 Groecos
3094 1427 3155 1478 ad
3182 1426 3364 1478 bellum

1793 1515 2009 1566 barbaris
2026 1517 2325 1572 inferendum
2347 1521 2585 1587 hortetur,
2595 1523 2659 1574 ad
2676 1524 3073 1590 concordiamque
3090 1525 3213 1578 inter
3230 1526 3363 1589 ipsos

1794 1616 2140 1670 restituendam
2156 1623 2331 1672 vocet?
2370 1621 2471 1686 (78)
2490 1626 2562 1674 Ac
2577 1623 2733 1687 prima
2749 1624 2943 1688 quidem
2962 1626 3173 1677 oratione
3190 1625 3251 1676 de
3272 1625 3365 1675 hoc

1795 1719 2077 1780 argumento
2112 1718 2343 1785 dissemi3
2364 1720 2415 1770 in
2450 1721 2796 1786 posterioribus
2826 1724 3039 1777 minores
3066 1725 3263 1788 quidem
3287 1739 3364 1776 res

1793 1826 1938 1878 quam
1975 1815 2094 1866 tales
2130 1817 2358 1880 tractavi,
2394 1820 2445 1868 at
2463 1831 2577 1882 qum
2595 1833 2691 1871 non
2716 1820 2951 1872 minorem
2987 1835 3131 1872 usum
3158 1821 3366 1873 babeant

1794 1914 2021 1966 minusve
2046 1916 2323 1982 reipublicae
2346 1919 2545 1983 prosint.
2610 1923 2828 1979 Quarum
2846 1921 2945 1971 vim
2966 1920 3237 1985 percipietis
3261 1919 3365 1971 aliis

1792 2021 2105 2086 comparatis,
2142 2037 2255 2087 quae
2291 2037 2444 2088 quum
2494 2039 2667 2088 magna
2687 2025 2830 2079 laude
2854 2028 3081 2092 serantur,
3104 2027 3209 2080 tum
3238 2025 3365 2080 utili-

1799 2127 1945 2177 tatem
1969 2140 2190 2191 magnam
2218 2129 2394 2182 babere
2420 2129 2694 2184 videantur.

1861 2235 1941 2282 79.
1973 2235 2157 2286 Omnes
2186 2235 2329 2298 igitur
2350 2236 2399 2286 in
2420 2250 2479 2289 eo
2496 2237 2767 2289 consentire
2788 2249 2981 2299 censeo,
3000 2237 3129 2302 leges
3159 2238 3364 2303 plurima

1794 2341 1844 2392 et
1859 2341 2070 2393 maxima
2096 2342 2325 2394 beneficia
2340 2343 2389 2394 in
2413 2344 2561 2395 vitam
2584 2345 2842 2396 humanam
2864 2346 3106 2411 conferre3
3132 2349 3181 2400 st
3198 2362 3364 2400 earum

1795 2466 1918 2504 usus
1950 2453 2000 2503 in
2028 2453 2088 2504 iis
2118 2457 2303 2506 tantum
2326 2455 2557 2520 prodesse
2579 2455 2727 2518 solet,
2750 2469 2861 2520 quae
2886 2457 2945 2508 ad
2970 2458 3135 2509 urbem
3155 2459 3356 2510 admini-

1798 2559 2044 2611 strandam
2072 2564 2123 2614 et
2144 2563 2335 2626 negotia
2364 2563 2489 2614 inter
2514 2566 2857 2629 nosmetipsos
2888 2567 3187 2630 transigenda
3214 2568 3362 2632 perti·

1802 2675 1949 2733 nent;
1968 2672 2011 2722 si
2032 2685 2145 2724 vero
2167 2673 2288 2724 meis
2306 2673 2603 2726 orationibus
2622 2675 3041 2741 obtemperaretis,
3055 2681 3206 2730 totam
3230 2683 3365 2733 Groe·

1796 2779 1919 2832 ciam
1942 2783 2063 2833 utet
2080 2781 2267 2844 iustum
2282 2787 2361 2835 est
2376 2786 2429 2836 et
2448 2785 2555 2836 urbi
2574 2786 2804 2838 conducit
2821 2787 3234 2841 administraretis.
3262 2791 3363 2854 (80)

1798 2892 2066 2958 Utrumque
2106 2907 2223 2946 vero
2266 2895 2524 2958 prudentes
2557 2897 2776 2949 homines
2815 2899 2865 2949 in
2898 2900 3111 2950 animum
3139 2901 3364 2952 inducere

1801 3006 2012 3070 oportet,
2030 3005 2295 3070 horumque
2308 3006 2439 3069 quod
2457 3006 2612 3071 majus
2630 3007 3029 3081 praestantiusque
3042 3012 3105 3062 sit
3124 3011 3363 3075 proeferre,

1801 3114 1949 3176 atque
1970 3113 2089 3164 illud
2098 3114 2496 3180 animadvertere,
2506 3117 2876 3168 innumerabiles
2890 3119 3009 3170 alios
3024 3123 3075 3171 et
3092 3123 3365 3172 ceterorum
3430 3090 3438 3098 “

1802 3223 2078 3276 Graecorum
2094 3231 2143 3276 et
2158 3225 2469 3279 barbarorum
2482 3228 2544 3279 ad
2557 3228 2687 3293 leges
2704 3228 2923 3280 serendas
2936 3229 3131 3282 idoneos
3144 3243 3249 3283 esse
3260 3270 3277 3297 ,
3298 3231 3365 3283 di·

1801 3345 1910 3384 cere
1926 3338 2087 3386 autern
2107 3336 2169 3388 de
2186 3303 2347 3401 rebus,
2362 3351 2423 3388 ex
2440 3336 2616 3402 quibus
2639 3338 2824 3390 fructus
2840 3339 3179 3405 percipiantur,
3196 3353 3283 3404 pro
3297 3340 3363 3392 dl-

1805 3442 1984 3504 gnitate
2004 3444 2136 3496 urbis
2158 3445 2449 3511 Groeciaeque
2468 3461 2563 3499 non
2581 3448 2759 3500 multos
2782 3447 2958 3500 valere.
2995 3449 3095 3514 (81)
3130 3449 3367 3508 Quocirca

1801 3551 1887 3616 qui
1915 3552 1964 3602 in
1984 3553 2259 3617 huiusmodi
2276 3557 2571 3610 orationibus
2591 3557 2913 3622 excogitandis
2936 3573 3129 3624 operam
3148 3561 3361 3624 ponunt,

1799 3662 1933 3712 tanto
1953 3663 2103 3728 pluris
2121 3677 2265 3730 quam
2278 3666 2364 3731 qui
2386 3666 2513 3731 leges
2532 3667 2692 3718 rerunt
2711 3672 2762 3719 et
2778 3667 2995 3721 scribunt
3008 3669 3208 3720 faciendi
3229 3670 3362 3733 sunt,

1801 3775 1981 3836 quanto
1999 3777 2199 3828 rariores
2217 3780 2397 3829 suntet
2428 3779 2603 3842 oegrius
2634 3779 2757 3829 liunt
2790 3781 2841 3830 et
2861 3747 3170 3843 prudentiore
3202 3779 3365 3832 animo

1801 3884 2035 3948 indigent,
2062 3890 2327 3951 praesertim
2346 3889 2421 3940 liis
2440 3891 2751 3954 temporibus.
2777 3891 2875 3956 (82)
2896 3896 3059 3951 Quum
3074 3892 3199 3942 enim
3216 3905 3369 3956 genus

1803 3988 2069 4042 humanum
2088 3993 2297 4056 primum
2315 3995 2566 4046 exsisteret
2584 3997 2633 4048 et
2654 3997 2701 4046 in
2726 3997 2930 4048 urbibus
2954 4000 3229 4063 congregari
3246 4001 3363 4051 inci·

1805 4100 1957 4159 peret,
1982 4111 2178 4161 aequum
2200 4103 2303 4152 erat
2326 4100 2531 4152 similem
2563 4116 2671 4154 esse
2690 4107 3001 4170 utrorumque
3015 4106 3337 4158 inventionem
3350 4125 3367 4172 ;

1805 4205 2061 4266 postquam
2070 4218 2185 4256 vero
2194 4219 2251 4256 eo
2259 4207 2585 4270 pervenimus,
2595 4213 2651 4259 ut
2658 4211 2894 4261 orationes
2904 4203 3013 4276 quae
3025 4213 3200 4264 habitos
3214 4215 3309 4264 sint
3317 4218 3370 4265 et

1806 4305 1933 4368 leges
1953 4307 2065 4358 latae
2092 4321 2293 4360 numero
2315 4309 2513 4363 influitoe
2534 4317 2755 4378 exstent,
2776 4321 2823 4366 et
2843 4317 3000 4378 legum
3024 4317 3371 4382 antiquissimae

1806 4423 2023 4474 qumque,
2055 4413 2323 4465 orationum
2362 4421 2523 4467 autem
2564 4420 2905 4471 recentissimae
2956 4422 3233 4488 laudentur,
3272 4440 3369 4478 non

1807 4493 2013 4578 amplius
2050 4517 2265 4580 eiusdem
2296 4521 2469 4572 mentis
2494 4535 2642 4586 opera
2672 4525 2773 4590 est,
2812 4525 2911 4590 (83)
2939 4527 3025 4578 sed
3056 4527 3385 4592 legumlatori·'

1809 4619 1900 4672 bus
1915 4620 2171 4674 multitudo
2190 4624 2350 4688 legum
2362 4626 2567 4678 latarum
2580 4629 2857 4693 adiumento
2870 4633 2973 4696 est,
2988 4634 3100 4698 quia
3118 4649 3213 4686 non
3232 4650 3372 4690 novae

1809 4729 2080 4791 quaerendae
2096 4735 2238 4794 sunt,
2258 4732 2343 4784 sed
2365 4733 2459 4784 iuae
2493 4735 2706 4800 tantum,
2729 4751 2839 4801 quae
2870 4739 3000 4804 opud
3017 4741 3135 4792 alios
3152 4741 3372 4794 laudibus

1809 4832 2046 4898 feruntur,
2064 4835 2339 4900 colligendae
2349 4837 2417 4903 (id
2428 4839 2556 4903 quod
2566 4840 2767 4905 quilibet
2784 4843 2965 4908 iaciat);
2981 4846 3248 4897 oratoribus
3257 4859 3371 4898 vero

1808 4954 1904 4992 non
1914 4942 2082 4994 eadem
2096 4945 2233 5010 copia
2242 4946 2333 5009 eat,
2346 4945 2562 5010 plurimis
2578 4949 2869 5011 argumentis
2876 4950 2939 5000 ab
2947 4951 3051 5004 aliis
3064 4951 3164 5014 iam
3174 4966 3374 5017 occupa·

1811 5045 1889 5095 tis.
1914 5047 2008 5105 Qui
2030 5048 2071 5098 si
2089 5048 2255 5099 eadem
2271 5063 2380 5114 quae
2400 5051 2481 5102 alii
2498 5057 2639 5104 antea
2653 5052 2885 5116 dixerint,
2900 5055 3073 5106 iterum
3086 5054 3248 5106 dicant
3260 5093 3276 5118 ,
3297 5070 3374 5121 pa·

1812 5165 1920 5202 rum
1936 5155 2203 5207 verecunde
2214 5169 2353 5220 agere
2362 5159 2505 5222 atque
2518 5157 2719 5212 delirare
2731 5159 3021 5212 videbuntur
3035 5197 3051 5222 ,
3066 5175 3193 5212 nova
3208 5165 3371 5214 autem

1811 5256 1854 5308 si
1870 5261 2117 5324 quoerant,
2140 5275 2267 5324 oegre
2288 5263 2549 5315 invenient.
2615 5267 2781 5330 ltaque
2797 5271 3025 5331 utrosque
3043 5267 3186 5321 laude
3199 5265 3378 5332 dignos

3094 5445 3161 5488 u.
