3825 5842
1250 489 1637 554 isoan'ns
1678 477 2130 555 Pffluppusj
3211 507 3282 560 ει

99 638 229 702 λησιν
254 627 426 687 ἅπασι
468 625 753 701 συνοίσειν,
804 628 1106 699 ἀποστῆσαι
1142 625 1237 705 μὲν
1268 626 1366 699 τὴν
1411 628 1640 705 ἐμαυτοῦ

96 719 301 780 διάνοιαν
340 720 449 776 τῶν
478 716 739 796 ἐχομένων
770 721 870 796 οὐχ
912 706 1063 784 οἶόςτ’
1084 707 1148 789 ἦν
1161 762 1178 791 ,
1213 718 1329 775 ἀλλ’
1373 713 1509 774 οὕτω
1534 716 1639 775 διε-

94 810 256 886 κείμην
281 804 411 866 ὥστ’
440 804 587 873 εὐθὺς
614 810 925 866 σκοπεῖσθαι
963 809 1075 872 πῶς
1098 803 1162 864 ἂν
1192 803 1257 864 τὰ
1282 803 1633 886 πεπραγμένα

96 895 441 977 παραμείνειεν
468 897 597 972 ἡμῖν
618 893 801 974 καὶμὴ
826 892 1011 976 χρόνον
1040 892 1213 971 ὀλίγον
1238 897 1272 965 ἡ
1296 893 1448 961 πόλις
1474 897 1631 971 ἡμῶν

1728 633 1958 686 omnibus
1976 633 2273 698 profuturam
2291 633 2635 697 existimarem,
2651 615 2920 688 tacerenon
2945 635 3098 702 potui,
3109 639 3224 702 quin
3239 652 3294 690 es

1728 763 1837 814 quse
1858 749 2106 800 restabant
2117 751 2436 813 per-texerem,
2452 750 2712 814 statimque
2722 752 3026 814 cogitandum
3041 767 3148 804 esse
3159 753 3296 818 duxi,

1722 879 1817 928 qua
1840 865 2024 916 ratione
2045 879 2104 916 ea
2131 878 2244 929 quae
2276 867 2518 918 transacta
2537 872 2727 931 essent,
2751 871 2855 919 rata
2883 868 3192 934 haberentur,
3217 885 3296 920 ne·

67 1029 69 1040 s
95 987 385 1044 διαλιποῦσα
444 983 607 1042 πάλιν
654 983 845 1065 ἑτέρων
880 981 1129 1060 πολέμων
1176 981 1533 1062 ἐπιθυμήσειε·
1566 985 1631 1061 (ο)
1658 982 1703 1045 b
1726 993 1821 1044 ‘1¹¹0
1856 985 2018 1030 mm
2051 981 2222 1032 “5⁹5¹OE
2261 984 2376 1046 90⁸2
2405 984 2637 1046 ῑθῐῐψθῐίῦ
2678 983 2906 1048 ‘mgnum
2947 984 3157 1048 “imnum
3205 987 3296 1037 ⁸¹¹⁸

92 1072 267 1142 διεξιὼν
292 1071 351 1132 δὲ
376 1071 501 1153 περὶ
519 1071 718 1132 τούτων
750 1071 881 1153 πρὸς
926 1068 1154 1149 ἐμαυτὸν
1192 1069 1429 1153 εὕρισκον
1480 1072 1635 1130 οὖδα-

92 1165 187 1238 μῶς
206 1161 265 1220 ἂν
291 1161 469 1228 ἄλλως
492 1158 653 1232 αὐτὴν
676 1159 901 1240 ἡσυχίαν
927 1158 1182 1239 ἄγουσαν,
1212 1158 1352 1231 πλὴν
1389 1162 1437 1220 εἰ
1475 1157 1635 1228 δόξειε

92 1252 187 1318 ταῖς
198 1251 381 1309 πόλεσι
400 1257 517 1315 ταῖς
532 1249 803 1328 μεγίσταις
826 1245 1237 1326 διαλυσαμέναις
1258 1246 1326 1306 τὰ
1348 1247 1477 1330 πρὸς
1502 1259 1637 1332 σφᾶς

92 1337 229 1403 αὐτὰς
269 1342 344 1406 εἷς
381 1337 481 1410 τὴν
502 1336 680 1398 Ἀσίαν
706 1337 795 1396 τὸν
823 1336 1055 1414 πόλεμον
1083 1334 1385 1414 ἐξενεγκεῖν,
1422 1336 1513 1396 καὶ
1540 1336 1636 1406 τὰς

62 1447 73 1484 ι
93 1426 385 1499 πλεονεξίας,
407 1425 469 1493 ἃς
492 1431 583 1484 νῦν
610 1424 759 1508 παρὰ
784 1429 888 1484 τῶν
907 1423 1180 1496 Ἑλλήνων
1206 1422 1432 1492 ἀξιοῦσιν
1458 1427 1639 1494 αὑταῖς

93 1517 359 1594 γίγνεσθαι,
388 1512 586 1582 ταύτας
612 1515 658 1572 εἰ
684 1513 834 1594 παρὰ
855 1517 960 1573 τῶν
986 1511 1269 1594 βαρὸάρων
1316 1511 1639 1586 ποιήσασθαι

96 1601 371 1684 βουληθεῖεν
384 1623 399 1640 ·
441 1601 579 1685 ἅπερ
610 1605 665 1663 ἐν
706 1605 785 1684 τῷ
827 1604 1169 1684 πανηγυρικῷ
1214 1600 1357 1684 λόγῳ
1393 1600 1641 1682 τυγχάνω

94 1691 554 1771 συμὸεὸουλευκώς.

1729 1095 1853 1145 bella
1874 1095 2187 1146 desideraret.
2255 1096 2322 1161 (9)
2344 1101 2464 1157 Quoe
2487 1112 2637 1163 quum
2657 1111 2848 1150 mecum
2875 1100 2981 1164 ipse
3003 1105 3294 1165 reputarem,

1724 1211 1857 1262 nullo
1878 1211 1972 1261 alio
1997 1211 2143 1262 modo
2166 1212 2436 1276 quieturam
2455 1226 2562 1266 esse
2583 1215 2878 1278 reperiebam
2894 1252 2911 1277 ,
2931 1215 3026 1266 nisi
3065 1217 3295 1267 maximoe

1730 1327 1949 1378 civitates
1961 1340 2080 1392 pace
2097 1328 2221 1378 inter
2232 1341 2286 1378 se
2303 1329 2426 1380 sacta
2440 1329 2620 1380 benum
2635 1331 2686 1380 ln
2694 1330 2860 1382 Asiam
2881 1331 3262 1383 transferendum
3277 1368 3294 1394 ,

1728 1444 1778 1493 et
1801 1443 2124 1492 emolumenta
2149 1455 2259 1506 quae
2277 1456 2406 1493 nunc
2425 1456 2455 1493 s
2476 1445 2656 1494 Groecis
2681 1447 3050 1508 extorquerent,
3075 1460 3104 1498 e
3125 1459 3292 1497 menu-

1728 1557 1823 1608 biis
1855 1557 2170 1609 barbarorum
2211 1559 2416 1621 petenda
2438 1572 2548 1610 esse
2583 1564 2858 1624 censerent;
2879 1559 2930 1610 id
2952 1560 3084 1624 quod
3111 1562 3221 1624 jam
3245 1563 3296 1612 in

1728 1673 2026 1736 Panegyrica
2045 1673 2259 1724 oratione
2281 1674 2520 1724 consului.

162 1803 224 1843 ιο.
249 1785 437 1842 Ταῦτα
465 1781 521 1840 δὲ
556 1779 842 1853 διανοηθείς
866 1826 883 1858 ,
916 1779 1008 1839 καὶ
1045 1778 1266 1858 νομίσας
1294 1777 1534 1840 οὔδέποτ’
1572 1779 1637 1840 ἂν
1666 1803 1706 1845 ο
1792 1792 1869 1838 to.
1890 1794 2014 1849 Qum
2034 1788 2356 1852 quumanimo
2369 1788 2598 1850 agitarem
2617 1803 2708 1841 nec
2719 1793 3054 1852 argumentum
3068 1792 3299 1841 velhoue-

60 1891 67 1926 ··
92 1875 337 1951 εὑρεθῆναι
366 1869 570 1930 καλλίω
594 1869 790 1942 ταύτης
807 1867 1048 1950 ὑπόθεσιν
1076 1868 1193 1929 οὐδὲ
1212 1868 1509 1950 κοινοτέραν
1525 1868 1640 1929 οὐδὲ

95 1961 271 2036 μᾶλλον
324 1957 525 2018 ἅπασιν
584 1958 713 2038 ἡμῖν
760 1955 1145 2038 συμφέρουσαν,
1197 1957 1431 2041 ἐπήρθην
1478 1957 1639 2017 πάλιν

91 2047 267 2127 γράψαι
293 2045 419 2126 περὶ
450 2047 640 2120 αὐτῆς,
674 2047 771 2104 οὐκ
797 2047 999 2123 ἀγνοῶν
1026 2043 1173 2105 οὐδὲν
1199 2048 1305 2105 τῶν
1327 2043 1447 2126 περὶ
1468 2047 1640 2122 ἐμαυ-

92 2135 187 2212 τόν,
222 2135 337 2194 ἀλλ’
378 2133 525 2202 εἰδὼς
556 2131 651 2212 μὲν
682 2134 773 2192 τὸν
812 2132 965 2211 λόγον
1005 2141 1187 2194 τοῦτον
1214 2136 1273 2193 οὗ
1310 2137 1404 2206 τῆς
1429 2134 1639 2205 ἡλικίας

91 2227 171 2294 τῆς
198 2225 327 2300 ἐμῆς
356 2221 619 2300 δεόμενον,
661 2224 779 2282 ἀλλ’
820 2221 1005 2304 ἀνδρὸς
1030 2223 1288 2283 ἀνθοῦσαν
1322 2221 1419 2293 τὴν
1461 2219 1638 2301 ἀκμὴν

56 2311 278 2390 ὶέχοντος
320 2311 415 2371 καὶ
446 2309 545 2382 τὴν
574 2309 727 2392 φύσιν
764 2307 898 2369 πολὺ
934 2314 1038 2369 τῶν
1075 2311 1249 2370 ἄλλων
1288 2309 1641 2392 διαφέροντος,

1729 1889 1855 1940 stius
1872 1889 1954 1940 vel
1975 1891 2358 1953 magnificentius
2378 1891 2458 1942 vel
2475 1890 2616 1942 nobis
2633 1891 2862 1942 omnibus
2888 1892 3056 1942 utilius
3081 1906 3294 1956 uuquam

1730 1999 1790 2036 ne
1816 1987 2076 2049 excogitari
2097 1985 2291 2050 quidem
2322 1999 2466 2050 posse
2489 1999 2772 2050 persuasum
2799 1986 3026 2037 haberem
3040 2024 3057 2051 ,
3079 1987 3138 2037 ad
3165 1988 3216 2038 id
3241 1989 3300 2038 de

1728 2086 1911 2148 integro
1929 2085 2232 2136 tractandum
2255 2099 2364 2136 sum
2385 2087 2611 2137 incitatus
2627 2123 2643 2150 ,
2668 2087 2760 2136 etsi
2789 2101 2948 2137 rerum
2969 2100 3186 2137 mearum
3222 2089 3298 2138 ni·

1728 2184 1795 2234 hil
1812 2184 1980 2248 ignoro
1992 2189 2040 2234 et
2053 2185 2171 2235 satis
2185 2184 2396 2248 intelligo
2417 2186 2660 2248 negotium
2676 2185 2770 2235 hoc
2795 2199 2893 2235 non
2914 2197 3035 2235 mete
3058 2186 3300 2236 senectuti

1728 2297 1835 2335 esse
1855 2288 2021 2347 aptum
2035 2319 2050 2345 ,
2072 2283 2158 2334 sed
2173 2285 2328 2334 virum
2349 2285 2588 2346 postulare
2613 2284 2828 2335 florentis
2850 2284 3007 2335 oetatis
3024 2289 3074 2335 et
3095 2286 3201 2335 aliis
3225 2287 3298 2334 in-

96 2403 171 2476 (n)
199 2403 325 2480 ὁρῶν
353 2401 401 2458 δ’
427 2398 511 2458 ὅτι
530 2399 766 2479 χαλεπόν
790 2401 901 2457 ἐστι
926 2398 1049 2479 περὶ
1081 2398 1179 2471 τὴν
1208 2396 1371 2470 αὐτὴν
1400 2397 1639 2457 ὑπόθεσω
1658 2401 1705 2466 d
1730 2381 1867 2444 genio
1892 2381 2101 2431 multum
2120 2381 2453 2431 excellentem.
2535 2381 2635 2446 (tt)
2671 2385 2828 2446 Atque
2847 2381 2966 2431 illud
2989 2382 3136 2432 etiam
3161 2382 3301 2432 video

95 2487 171 2546 δύο
200 2488 383 2565 λόγους
420 2490 648 2554 ἀνεκτῶς
694 2489 876 2559 εἰπεῖν,
913 2485 1086 2554 ἄλλως
1120 2511 1179 2546 τε
1206 2485 1305 2544 κᾶν
1332 2491 1361 2544 ὃ
1392 2484 1641 2567 πρότερον

94 2576 294 2643 ἐκδοθεὶς
315 2575 483 2644 οὕτως
507 2567 545 2657 ᾖ
568 2573 932 2656 γεγραμμένος
948 2621 965 2650 ,
989 2574 1125 2634 ὥστε
1153 2573 1386 2641 καὶτοὺς
1412 2573 1643 2654 βασκαί-

94 2688 251 2732 νοντας
283 2671 432 2742 ἡμᾶς
474 2667 748 2743 μιμεῖσθαι
788 2662 879 2723 καὶ
916 2661 1201 2740 θαυμάζειν
1241 2662 1397 2721 αὐτὸν
1443 2665 1643 2741 μᾶλλον

53 2769 72 2806 ⁵
93 2755 183 2810 τῶν
222 2753 336 2812 καθ’
379 2751 673 2832 ὓπερὸολὴν
722 2747 1097 2811 ἐπαινούντων.
1184 2751 1273 2828 (12)
1317 2749 1457 2810 Ἀλλ’
1502 2749 1645 2827 ὅμως

96 2837 187 2916 ἐγὼ
212 2838 407 2906 ταύτας
426 2838 521 2907 τὰς
548 2837 850 2920 δυσχερείας
877 2836 1133 2918 ὑπεριδὼν
1170 2837 1332 2905 οὕτως
1358 2838 1445 2898 ἐπὶ
1471 2837 1645 2919 γήρως

96 2924 261 3005 γέγονα
305 2927 605 3010 φιλότιμος,
641 2924 771 2985 ὥστ’
806 2925 1109 2998 ἠὸουλήθην
1135 2924 1249 3003 ἅμα
1284 2928 1391 2993 τοῖς
1417 2924 1547 3008 πρὸς
1584 2923 1643 2986 σὲ

94 3015 370 3093 λεγομένοις
410 3014 503 3075 καὶ
540 3019 647 3083 τοῖς
680 3013 793 3092 μετ’
836 3016 965 3091 ἐμοῦ
1009 3013 1343 3094 διατρίψασιν
1384 3012 1649 3082 ὑποδεῖξαι
1672 3033 1711 3074 e

94 3104 169 3160 καὶ
189 3109 409 3176 ποιῆσαι
442 3103 682 3185 φανερόν,
706 3101 787 3162 ὅτι
811 3100 872 3161 τὸ
897 3100 991 3180 μὲν
1017 3109 1133 3168 ταῖς
1154 3099 1507 3181 πανηγύρεσιν
1534 3101 1646 3160 ἐνο-

51 3207 74 3246 n
94 3191 221 3269 χλεῖν
253 3194 345 3252 καὶ
386 3192 519 3267 πρὸς
555 3191 793 3258 ἅπαντας
822 3189 991 3270 λέγειν
1026 3190 1145 3258 τοὺς
1182 3188 1557 3270 συντρέχοντας
1592 3191 1645 3247 ἐν

98 3281 255 3347 αὗταῗς
276 3281 411 3361 πρὸς
432 3278 617 3339 οὐδένα
643 3277 813 3356 λέγειν
840 3277 999 3348 ἐστίν,
1018 3277 1135 3336 ἀλλ’
1153 3276 1343 3356 ὁμοίως
1360 3281 1407 3336 οἱ
1424 3282 1646 3336 τοιοῦτοι

98 3369 183 3425 τῶν
216 3368 387 3446 λόγων
426 3367 613 3447 ἄκυροι
649 3365 993 3446 τυγχάνωσιν
1029 3365 1171 3434 ὄντες
1208 3373 1317 3432 τοῖς
1351 3365 1527 3442 νόμοις
1553 3364 1647 3424 καὶ

96 3464 191 3522 ταῖς
214 3455 503 3523 πολιτείαις
523 3463 639 3522 ταῖς
662 3453 767 3514 ὕπὸ
793 3457 898 3513 τῶν
945 3457 1202 3536 σοφιστῶν
1228 3452 1644 3534 γεγραμμέναις,

1730 2495 1877 2545 quam
1904 2479 2098 2530 difficile
2116 2481 2179 2530 sit
2197 2479 2334 2530 binas
2355 2479 2416 2530 de
2435 2479 2602 2530 eadem
2621 2494 2673 2530 re
2695 2480 2968 2530 tolerabiles
2985 2479 3160 2530 babere
3183 2495 3293 2531 ora-

1731 2577 1889 2628 tiones
1903 2611 1923 2638 ,
1939 2577 2204 2640 praesertim
2229 2577 2270 2626 si
2293 2589 2350 2626 ea
2375 2589 2486 2640 qum
2503 2577 2635 2640 prius
2655 2577 2783 2628 edita
2802 2578 2904 2638 est,
2927 2577 3000 2626 sic
3013 2577 3188 2640 scripta
3209 2578 3298 2636 sit,

1733 2675 1790 2724 ut
1818 2686 1928 2723 eam
1957 2673 2036 2723 vel
2069 2673 2221 2723 invidi
2252 2673 2405 2723 nostri
2428 2673 2677 2723 imitentur
2708 2674 2759 2723 et
2789 2673 2942 2736 magis
2976 2673 3300 2734 admirentur,

1733 2786 1879 2836 quam
1909 2773 1946 2823 ii
1973 2771 2058 2837 qui
2077 2772 2281 2822 summis
2309 2772 2535 2823 laudibus
2556 2773 2814 2823 extollunt.
2882 2772 2984 2837 (12)
3007 2777 3190 2825 Verum
3213 2789 3300 2836 ego

1733 2870 1809 2922 liis
1838 2869 2202 2920 difficultatibus
2234 2871 2465 2933 neglectis
2497 2871 2546 2919 in
2573 2875 2818 2921 senectute
2853 2873 2974 2922 adeo
3001 2887 3111 2922 sum
3143 2875 3298 2923 sactus

1731 2983 1855 3030 acer,
1884 2973 1940 3018 ut
1961 2982 2046 3032 per
2064 2981 2121 3020 ea
2142 2981 2254 3032 quae
2271 2967 2360 3018 tibi
2386 2968 2495 3018 dico
2513 2970 2633 3018 meis
2651 2970 2794 3019 etiam
2817 2971 3068 3034 discipulis
3091 2972 3297 3022 demon-

1736 3068 1889 3115 strare
1922 3065 2216 3129 planumque
2249 3066 2406 3117 facere
2438 3065 2734 3130 studuerim,
2756 3069 3073 3118 conventibus
3097 3070 3299 3132 publicis

1734 3166 1948 3228 ingerere
1976 3179 2081 3216 sese
2106 3170 2155 3216 et
2173 3164 2236 3214 ad
2263 3179 2432 3217 omnes
2455 3179 2539 3216 eos
2557 3169 2642 3230 qui
2669 3166 2734 3216 ibi
2753 3171 3046 3218 concurrunt
3065 3168 3210 3218 verba
3229 3169 3298 3218 sa-

1735 3275 1841 3314 cere
1858 3262 2056 3326 perinde
2075 3276 2180 3313 esse
2194 3298 2212 3325 ,
2229 3275 2290 3313 sc
2305 3262 2347 3312 si
2361 3263 2544 3313 nemini
2563 3264 2896 3326 loquerentur,
2912 3263 2997 3314 sed
3019 3265 3296 3327 hujusmodi

1733 3361 1972 3413 orationes
1990 3375 2084 3411 non
2106 3361 2264 3411 miuus
2280 3373 2386 3412 esse
2409 3360 2570 3411 irritas
2591 3375 2736 3425 quam
2769 3362 2900 3424 leges
2921 3365 2972 3413 et
3003 3364 3298 3428 respublicas

1733 3472 1764 3509 ιι
1784 3459 2014 3523 sophistis
2039 3459 2263 3522 scriptas,
2299 3459 2396 3522 (13)
2417 3463 2640 3521 oportere
2671 3464 2834 3510 autem
2867 3473 2952 3510 eos
2973 3461 3174 3524 quinon
3207 3461 3301 3510 t'ru·

51 3547 86 3594 ¹5
102 3543 183 3621 [13]
212 3546 287 3603 δεῖ
312 3542 373 3604 δὲ
412 3543 533 3611 τοὺς
562 3541 903 3620 βουλομέναις
925 3541 999 3620 μὴ
1025 3541 1198 3619 μάτην
1218 3543 1485 3622 φλυαρεῖν,
1511 3539 1649 3599 ἀλλὰ
1671 3563 1709 3603 a
1734 3563 1836 3609 stra
1852 3558 2036 3621 nugari,
2050 3556 2338 3621 sedaliquod
2353 3571 2512 3621 operm
2525 3557 2732 3622 pretium
2747 3558 2902 3609 facere
2915 3561 3108 3622 vellent,
3121 3562 3301 3626 quique

52 3651 74 3686 s
94 3632 333 3712 προῦργου
354 3656 413 3690 τι
436 3640 621 3705 ποιεῖν,
641 3631 732 3690 καὶ
754 3629 871 3697 τοὺς
899 3629 1163 3708 οἰομένους
1190 3630 1383 3707 ἀγαθόν
1406 3651 1458 3687 τι
1479 3627 1647 3687 κοινὸν

96 3719 349 3798 εὑρηκέναι
371 3719 496 3788 τοὺς
517 3718 613 3797 μὲν
640 3719 831 3785 ἄλλους
860 3720 950 3776 ἐᾶν
976 3717 1366 3798 πανηγυρίζειν,
1386 3715 1574 3780 αὐτοὺς
1602 3716 1647 3775 δ’

94 3796 157 3863 ὧν
190 3811 523 3887 εἰσηγοῦνται
558 3805 882 3880 ποιήσασθαί
926 3829 1044 3864 τινα
1078 3805 1379 3887 προστάτην
1422 3809 1527 3863 τῶν
1558 3807 1649 3864 καὶ

94 3894 245 3972 λέγειν
282 3897 379 3957 καὶ
426 3895 675 3977 πράττειν
722 3893 1022 3972 δυναμένων
1067 3893 1160 3952 καὶ
1209 3893 1361 3962 δόξαν
1413 3893 1648 3972 μεγάλην

99 3983 322 4062 ἐχόντων,
366 3983 519 4062 εἴπερ
566 3981 819 4062 μέλλουσί
858 4005 992 4050 τινες
1031 3979 1297 4061 προσέξειν
1342 3982 1517 4048 αὐτοῖς
1559 3981 1648 4039 τὸν

54 4083 77 4120 ⁰
96 4077 212 4132 νοῦν.
318 4075 419 4151 (ιι)
444 4071 613 4152 Ἅπερ
638 4074 743 4149 ἐγὼ
770 4067 919 4148 γνοὺς
941 4070 1279 4149 διαλεχθῆναι
1300 4069 1382 4127 σοὶ
1410 4067 1646 4149 προειλό-

98 4181 207 4238 μην,
224 4163 281 4219 οὗ
310 4161 447 4241 πρὸς
471 4159 631 4240 χάριν
654 4157 1017 4235 ἐκλεξάμενος,
1039 4191 1121 4202 -
1141 4155 1311 4216 καίτοι
1330 4155 1434 4236 πρὸ
1450 4158 1647 4216 πολλοῦ

1736 3655 1829 3705 sibi
1864 3654 2046 3718 aliquid
2081 3655 2200 3706 utile
2222 3655 2498 3718 reipublicae
2521 3654 2754 3718 reperisse
2781 3655 3088 3719 viderentur,
3107 3657 3302 3707 omissis

1735 3752 2018 3803 concionum
2044 3752 2428 3815 celebritatibus,
2461 3765 2628 3802 eorum
2658 3765 2770 3816 quoe
2805 3753 3021 3803 facienda
3052 3758 3302 3805 censerent

1736 3848 1909 3900 ducem
1925 3853 2070 3912 atque
2086 3853 2330 3899 auctorem
2340 3849 2548 3911 aliquem
2567 3863 2626 3899 ex
2647 3849 2706 3898 iis
2725 3847 2913 3910 eligere,
2934 3849 3017 3912 qui
3035 3852 3084 3899 et
3097 3851 3300 3900 dicendo

1737 3949 1786 3994 et
1804 3943 1946 3995 rebus
1962 3945 2182 4008 gerendis
2197 3945 2422 4005 valerent,
2437 3957 2704 4008 magnaque
2716 3945 2841 3996 fama
2855 3948 3034 4008 essent,
3046 3949 3088 3996 si
3102 3949 3299 4011 quidem

1738 4040 1944 4090 habituri
1967 4044 2081 4090 sunt
2097 4041 2180 4104 qui
2199 4055 2282 4091 eos
2299 4043 2480 4092 attente
2496 4040 2711 4091 audiant.
2767 4040 2867 4104 (¹4)
2890 4043 3076 4100 Quibus
3093 4057 3182 4106 ego
3199 4058 3300 4108 per·

1735 4137 1909 4200 spectis
1927 4143 2085 4188 tecum
2108 4138 2343 4188 disserere
2355 4111 2608 4199 coustitui;
2633 4150 2723 4187 nec
2741 4151 2799 4188 ea
2811 4138 3107 4202 delegi,quoe
3130 4141 3298 4191 auditu

96 4249 407 4326 ποιησαίμην
448 4249 517 4306 ἄν
544 4271 627 4306 σοι
648 4245 1043 4327 καχερισμένως
1071 4247 1261 4322 εἰπεῖν,
1287 4245 1405 4302 ἀλλ’
1443 4247 1535 4303 οὐκ
1558 4244 1645 4303 ἐπὶ
1668 4242 1713 4305 b
1733 4234 1945 4298 iucunda
1962 4240 2124 4285 essent
2143 4255 2158 4286 ι
2176 4235 2268 4286 etsi
2288 4248 2366 4286 me
2389 4233 2602 4296 jucunda
2627 4235 2714 4285 tibi
2733 4249 2876 4299 posse
2893 4235 3051 4288 dicere
3085 4238 3302 4301 inprimis

99 4333 245 4416 τούτῳ
282 4337 383 4407 τὴν
422 4334 655 4394 διάνοιαν
688 4334 862 4414 ἔσχον.

98 4421 251 4502 ἑώρων
275 4423 399 4490 τοὺς
420 4421 652 4489 ἐνδόξους
676 4427 779 4480 τῶν
808 4423 1005 4501 ἀνδρῶν
1026 4421 1128 4480 ὑπὸ
1153 4423 1339 4480 πόλεσι
1358 4418 1449 4478 καὶ
1475 4420 1651 4498 νόμοις

51 4525 81 4562 ⁸⁵
94 4511 483 4588 οἷκῶντας,κα“ι
500 4510 647 4571 οὐδὲν
676 4508 785 4578 ἐξὸν
806 4512 979 4576 αὐτοῖς
994 4509 1125 4568 ἄλλο
1142 4509 1393 4586 πράττειν
1422 4507 1559 4580 πλὴν
1588 4508 1649 4567 τὸ

98 4599 554 4677 προσταττόμενον,
608 4597 687 4658 ἔτι
726 4597 783 4656 δὲ
832 4597 967 4657 πολὺ
1021 4597 1456 4678 καταδεεστέρους
1497 4596 1649 4664 ὄντας

100 4689 183 4742 τῶν
212 4687 549 4766 πραγμάτιον
575 4690 681 4745 τῶν
717 4684 1114 4766 ῥηθησομένων,
1155 4683 1242 4765 (ιιι)
1288 4684 1370 4743 σοὶ
1407 4684 1461 4742 δὲ
1504 4683 1647 4765 μόνῳ

102 4774 279 4848 πολλὴν
309 4774 552 4844 ἐξουσίαν
574 4772 675 4833 ὑπὸ
690 4779 783 4846 τῆς
806 4771 969 4854 τύχης
997 4772 1277 4849 δεδομένην
1294 4771 1385 4831 καὶ
1404 4770 1650 4852 πρέσὸεις

102 4861 307 4939 πέμπειν
362 4863 495 4943 πρὸς
542 4859 781 4929 οὕστινας
825 4859 887 4920 ἂν
935 4862 1221 4941 βουληθῇς,
1266 4859 1358 4919 καὶ
1404 4859 1649 4938 δέχεσθαι

51 4973 84 5012 ιο
106 4956 213 5030 παρ’
240 4943 314 5010 ὧν
360 4951 427 5009 ἄν
463 4973 547 5010 σοι
572 4952 732 5032 δοκῇ,
758 4949 850 5009 καὶ
882 4949 1052 5028 λέγειν
1088 4948 1122 5007 8
1144 4973 1195 5007 τι
1227 4947 1291 5008 ἂν
1312 4951 1417 5027 ἡγῇ
1446 4945 1647 5029 συμφέ-

108 5060 216 5114 ρειν,
243 5039 373 5120 πρὸς
400 5039 455 5097 δὲ
485 5037 685 5104 τούτοις
711 5037 802 5097 καὶ
829 5039 1053 5096 πλοῦτον
1081 5035 1174 5096 καὶ
1210 5035 1430 5113 δύναμιν
1461 5058 1653 5106 κεκτη-

110 5125 239 5200 μένον
270 5127 403 5200 ὅσην
436 5127 601 5194 οὐδεὶς
638 5130 743 5186 τῶν
770 5125 1069 5200 Ἑλλήνων,
1100 5123 1133 5182 ἃ
1176 5124 1311 5202 μόνα
1340 5128 1443 5183 τῶν
1491 5123 1650 5182 ὄντων

958 4331 1126 4394 Ἀλλὰ
1169 4332 1289 4399 τοὺς
1328 4331 1424 4409 μὲν
1465 4331 1652 4400 ἄλλους
1739 4333 1937 4392 vellem,
1957 4335 2117 4382 tamen
2149 4331 2198 4383 id
2233 4332 2354 4382 milii
2388 4331 2685 4396 propositum
2721 4345 2820 4382 non
2851 4331 2958 4383 suit.
3033 4337 3156 4386 Nam
3182 4335 3302 4387 alios

1738 4431 1932 4495 quidem
1954 4431 2234 4494 praestantes
2257 4429 2388 4480 viros
2405 4429 2758 4493 rebuspublicis
2775 4430 2828 4480 et
2844 4429 3032 4493 legibus
3052 4431 3302 4494 subjectos

1737 4541 1845 4580 esse
1865 4528 2088 4579 videbam
2107 4541 2196 4579 nec
2215 4526 2356 4576 licere
2371 4527 2432 4576 ils
2448 4526 2606 4578 facere
2627 4528 2913 4593 quicquam,
2941 4529 3036 4579 nisi
3066 4530 3196 4592 quod
3221 4529 3300 4592 jn-

1736 4627 1980 4688 berentur,
1999 4639 2154 4689 neque
2169 4625 2266 4674 ulla
2279 4638 2338 4674 ex
2355 4627 2491 4688 parte
2509 4638 2646 4688 pares
2662 4639 2768 4676 esse
2783 4627 3101 4688 magnitudini
3121 4641 3302 4689 rerum,

1735 4723 1797 4773 de
1818 4724 1998 4786 quibus
2025 4722 2284 4773 dicendum
2307 4726 2410 4786 est3
2435 4721 2536 4786 (15)
2560 4723 2651 4773 tibi
2671 4725 2832 4775 autem
2857 4724 2945 4774 soli
2961 4737 3182 4788 magnam
3213 4739 3302 4788 po-

1734 4822 1958 4873 testatem
1967 4834 1994 4869 a
2007 4819 2191 4870 fortuna
2201 4819 2360 4870 datam
2376 4822 2540 4870 esseet
2557 4819 2740 4883 legatos
2751 4820 2968 4871 mittendi
2989 4835 3300 4884 quocumque

1735 4917 1904 4979 velles,
1915 4922 1964 4967 et
1977 4916 2241 4982 excipiendi
2251 4917 2465 4980 aquibus
2479 4916 2740 4978 videretur,
2759 4919 2810 4968 et
2821 4917 3010 4968 dicendi
3030 4919 3162 4980 quod
3184 4919 3302 4967 utile

1676 5056 1713 5099 c
1732 5013 1974 5076 judicares
2006 5035 2022 5066 ι
2055 5019 2286 5078 praeterea
2316 5017 2475 5065 tantas
2519 5014 2714 5064 divitias
2743 5019 2794 5063 et
2821 5014 2982 5077 copias
3013 5019 3298 5078 suppetere,

1738 5119 1942 5183 quantas
1973 5116 2026 5166 iu
2054 5117 2239 5166 Graecia
2261 5115 2438 5166 nemini
2475 5128 2491 5164 τ
2524 5126 2636 5176 quai
2665 5126 2742 5163 res
2765 5113 2882 5162 soloe
2901 5111 3220 5176 persuadendi
3252 5117 3303 5164 et

109 5215 185 5272 καὶ
212 5215 411 5275 πείθειν
446 5214 539 5275 καὶ
590 5214 859 5296 βιάζεσθαι
891 5214 1148 5296 πέφυκεν·
1192 5205 1265 5273 ὧν
1291 5203 1439 5290 οἶμαι
1466 5207 1651 5272 καῖ’τὰ
1737 5215 1938 5280 cogendi
1959 5215 2010 5266 vi
2039 5220 2153 5266 sunt
2169 5214 2400 5277 praeditae,
2426 5212 2596 5274 hisque
2616 5209 2681 5260 sd
2712 5223 2771 5260 ea
2796 5221 2906 5272 qum
2937 5207 3141 5259 dicenda
3178 5213 3296 5262 sunt

114 5303 427 5384 ῥηθησόμενα
446 5302 877 5384 προσδτήπσθαι·
958 5303 1049 5384 (¹⁶)
1076 5301 1275 5363 Μίλλω
1297 5299 1401 5382 γάρ
1420 5323 1503 5360 ⁶0⁸
1521 5323 1651 5378 συμ·

1736 5327 1863 5380 opns
1885 5314 1990 5364 fore
2019 5317 2156 5376 puto.
2230 5311 2332 5375 (to)
2355 5314 2598 5362 suasurus
2615 5307 2746 5358 enim
2767 5306 2855 5357 tibi
2879 5317 2987 5356 sum
2999 5341 3016 5370 ,
3039 5308 3165 5359 utet
3185 5320 3290 5360 con·
