3825 5842
503 594 582 659 ἔτι
606 593 700 656 καὶ
731 598 822 655 νῦν
864 595 1168 676 ἀγαπᾶσθαι
1203 592 1302 666 τὴν
1329 592 1583 669 διοίκησιν
1617 592 1714 666 τὴν
1745 594 1833 652 ὑπ’
1865 590 2062 652 ἐκείνω

503 685 880 766 συνταχθεῖσαν
893 706 907 722 ·
937 684 1072 764 μετὰ
1102 682 1158 744 δὲ
1184 688 1353 745 ταῦτα
1390 682 1706 755 Κλεισθένης
1733 680 1969 743 ἐκπεσὼν
2007 684 2067 740 ἐκ

500 778 598 849 τῆς
619 774 821 843 πόλεως
846 772 950 833 ὑπὸ
981 776 1091 835 τῶν
1115 772 1402 855 τυράννων,
1421 772 1564 856 λόγῳ
1585 771 1772 840 πείσας
1791 770 1910 839 τοὺς
1938 770 2068 849 Ἀμ-

501 862 781 946 φικτυόνας
803 863 1038 923 δανεῖσαι
1073 866 1176 921 τῶν
1195 867 1287 922 τοῦ
1311 866 1428 921 θεοῦ
1461 861 1754 944 χρημάτων
1785 863 1927 941 αὑτῷ
1941 906 1961 939 ,
1982 859 2071 918 τόν

393 956 423 1039 ζ’
449 980 480 1021 ι
501 974 562 1013 τε
588 951 754 1029 δῆμον
775 949 1045 1031 κατήγαγε
1071 949 1164 1011 καὶ
1191 948 1309 1017 τοὺς
1327 948 1606 1031 τυράννους
1625 948 1838 1018 ἐξέὸαλε
1863 949 1955 1006 καὶ
1976 944 2072 1018 τὴν

503 1039 861 1121 δημοκρατίαν
891 1040 1094 1113 ἐκείνην
1121 1037 1416 1111 κατέστησε
1432 1083 1450 1116 ,
1478 1035 1574 1111 τὴν
1604 1036 1776 1097 αἰτίαν
1803 1040 1910 1105 τοῖς
1931 1033 2073 1097 Ἕλ-

499 1129 629 1201 λησι
655 1132 757 1189 τῶν
787 1128 1048 1209 μεγίστων
1069 1130 1282 1209 ἀγαθῶν
1309 1126 1592 1208 γενομένην
1609 1150 1624 1165 ·
1749 1125 1870 1208 (233)
1901 1123 1991 1183 ἐπὶ
2017 1122 2073 1184 δὲ

500 1216 673 1301 τούτῳ
702 1220 1074 1297 Θεμιστοκλῆς
1096 1215 1310 1298 ἡγεμὼν
1338 1219 1391 1276 ἐν
1413 1219 1490 1299 τῷ
1514 1213 1735 1298 πολέμῳ
1759 1218 1838 1297 τῷ
1866 1217 2073 1297 Περσι-

499 1311 581 1390 κῷ
601 1305 904 1387 γενόμενος,
945 1305 1338 1384 συμὸουλεύσας
1359 1314 1470 1374 τοῖς
1500 1304 1774 1387 προγόνοις
1803 1305 1957 1382 ἡμῶν
1986 1305 2075 1361 ἐκ-

421 1422 475 1464 ιο
499 1398 674 1457 λιπεῖν
718 1394 816 1471 τὴν
849 1395 1003 1457 πόλιν
1032 1394 1096 1474 (ὃ
1125 1395 1204 1465 τίς
1253 1394 1318 1455 ἂν
1347 1384 1508 1456 οἷόστ’
1557 1392 1761 1475 ἐγένετο
1786 1395 1971 1452 πεῖσαι
1998 1388 2073 1470 μὴ

499 1483 635 1545 πολὺ
655 1482 882 1567 τῷλόγῳ
903 1482 1178 1564 διενεγκών
1193 1486 1242 1566 3)
1261 1486 1336 1553 εἰς
1351 1481 1490 1544 τοῦτ’
1507 1484 1678 1543 αὐτῶν
1697 1479 1767 1541 τὰ
1783 1480 2075 1562 πράγματα

501 1572 827 1655 προήγαγεν,
873 1570 999 1633 ὥστ’
1039 1572 1218 1654 ὀλίγας
1261 1570 1463 1655 ἡμέρας
1521 1570 1804 1632 ἀνάστατοι
1853 1568 2077 1649 γενόμε-

498 1686 582 1723 νοι
603 1662 768 1723 πολὺν
790 1661 977 1746 χρόνον
1001 1662 1252 1723 δεσπόται
1273 1664 1378 1721 τῶν
1405 1659 1679 1733 Ἑλλήνων
1705 1656 2037 1730 κατέστησαν
2057 1679 2074 1696 ·

502 1754 620 1833 (234)
646 1752 708 1813 τὸ
762 1751 819 1813 δὲ
865 1753 1160 1813 τελευταῖον
1202 1753 1468 1833 Περικλῆς
1502 1749 1594 1810 καὶ
1641 1748 1957 1829 δημαγωγὸς
2002 1743 2075 1805 ὢν

421 1868 472 1911 15
503 1840 696 1922 ἀγαθὸς
722 1840 815 1901 καὶ
845 1841 1020 1923 ῥήτωρ
1043 1840 1252 1922 ἄριστος
1280 1839 1443 1907 οὕτως
1477 1837 1740 1917 ἐκόσμησε
1785 1836 1882 1910 τὴν
1922 1834 2075 1895 πόλιν

500 1929 594 1991 καὶ
637 1930 743 1997 τοῖς
781 1932 937 2013 ἱεροῖς
979 1928 1072 1989 καὶ
1113 1934 1219 1998 τοῖς
1262 1926 1565 2006 ἀναθήμασι
1619 1925 1712 1987 καὶ
1748 1934 1856 1994 τοῖς
1899 1925 2078 1992 ἄλλοις

504 2018 722 2091 ἅπασιν,
751 2015 877 2077 ὥστ’
899 2016 976 2077 ἔτι
997 2015 1090 2077 καὶ
1113 2023 1204 2077 νῦν
1231 2015 1349 2085 τοὺς
1375 2014 1864 2098 εἶσαφικνουμένους
1886 2015 1958 2081 εἷς
1980 2014 2074 2073 αὐ-

503 2106 600 2179 τὴν
629 2105 854 2185 νομίζειν
885 2103 960 2183 μὴ
1004 2104 1158 2183 μόνον
1189 2106 1370 2187 ἄρχειν
1399 2103 1548 2174 ἀξίαν
1572 2096 1705 2164 εἶναι
1736 2106 1841 2163 τῶν
1871 2100 2075 2173 Ἑλλή-

502 2217 603 2252 νων
617 2237 637 2273 ,
661 2192 797 2253 ἀλλὰ
820 2193 912 2253 καὶ
945 2197 1051 2253 τῶν
1079 2193 1256 2254 ἄλλων
1281 2191 1548 2267 ἁπάντων,
1583 2190 1676 2252 καὶ
1711 2189 1842 2271 πρὸς
1875 2188 2077 2258 τούτοις

425 2310 480 2349 20
504 2284 575 2351 εἰς
606 2281 702 2355 τὴν
732 2281 1016 2365 ἀκρόπολιν
1052 2284 1149 2343 οὐκ
1177 2281 1379 2343 ἐλάττω
1421 2280 1618 2363 μυρίων
1646 2278 1919 2339 ταλάντων
1948 2276 2075 2351 ἁνή-

499 2393 670 2451 νεγκε.
755 2370 874 2451 (uas)
904 2368 1018 2431 Καὶ
1045 2370 1242 2431 τούτων
1277 2374 1382 2429 τῶν
1421 2369 1620 2451 ἀνδρῶν
1651 2370 1756 2428 τῶν
1781 2369 2077 2442 τηλικαῦτα

501 2456 941 2541 διαπραξαμένων
966 2458 1132 2527 οὐδεὶς
1161 2457 1332 2539 λόγων
1360 2456 1650 2537 ἠμέλησεν,
1678 2454 1818 2517 ἀλλὰ
1843 2454 2075 2539 τοσούτῳ

505 2549 708 2624 μᾶλλον
743 2551 846 2607 τῶν
891 2546 1066 2608 ἄλλων
1105 2545 1400 2630 προσέσχον
1443 2548 1619 2613 αὐτοῖς
1642 2544 1730 2605 τὸν
1772 2550 1910 2618 νοῦν,
1941 2542 2076 2604 ὥστε

502 2636 686 2696 Σόλων
711 2636 805 2715 μὲν
823 2638 928 2695 τῶν
958 2634 1094 2697 ἑπτὰ
1115 2635 1375 2719 σοφιστῶν
1395 2634 1590 2708 ἐκλήθη
1619 2634 1710 2694 καὶ
1729 2632 1927 2707 ταύτην
1949 2632 2075 2713 ἐσχε

426 2746 480 2785 25
502 2721 600 2795 τὴν
629 2723 951 2804 ἐπωνυμίαν,
976 2723 1075 2797 τὴν
1099 2728 1190 2782 νῦν
1219 2720 1607 2802 ἀτιμαζομένην
1635 2721 1726 2781 καὶ
1763 2719 2073 2803 κρινομένην

503 2809 629 2893 παρ’
663 2814 808 2892 ὑμῖν,
839 2813 1108 2893 Περικλῆς
1135 2812 1190 2871 δὲ
1219 2814 1357 2872 δυοῖν
1381 2811 1584 2890 ἐγένετο
1611 2809 1878 2890 μαθητής,
1909 2809 2076 2871 Ἀνα-

507 2898 726 2982 ξαγόρου
771 2925 830 2962 τε
854 2907 945 2962 τοῦ
977 2901 1337 2981 Κλαζομενίου
1382 2900 1475 2960 καὶ
1515 2899 1798 2981 Δάμωνος,
1839 2904 1933 2959 τοῦ
1959 2896 2076 2958 κατ’

507 2991 701 3048 ἐκεῖνον
744 2990 832 3049 τὸν
872 2989 1061 3070 χρόνον
1108 2988 1502 3073 φρονιμωτάτου
1532 2986 1770 3058 δόξαντος
1797 2976 1931 3046 εἶναι
1972 2989 2075 3044 τῶν

503 3079 750 3141 πολιτῶν.
837 3080 952 3157 (2³⁶)
977 3077 1143 3139 Ὧστ’
1171 3081 1230 3138 ἐκ
1251 3076 1405 3137 τίνων
1427 3076 1490 3137 ἄν
1511 3100 1587 3145 τις
1608 3081 1730 3154 ὑμῖν
1754 3073 2075 3156 σαφέστερον

429 3184 484 3225 ³0
503 3164 801 3235 ἐπιδείξειεν
843 3171 914 3234 ὡς
945 3170 1045 3247 οὐχ
1073 3170 1130 3225 αἱ
1177 3166 1420 3246 δυνάμεις
1452 3170 1508 3225 αἱ
1545 3169 1650 3225 τῶν
1693 3164 1862 3246 λόγων
1906 3186 2075 3223 κακο-

501 3252 810 3335 πράγμονας
835 3254 953 3323 τοὺς
982 3252 1280 3337 ἀνθρώπους
1307 3258 1572 3330 ποιοῦσιν;
1604 3255 1722 3314 ἀλλ’
1750 3256 1799 3313 οἱ
1824 3252 2075 3325 τοιαύτην

503 3341 658 3424 φύσιν
694 3342 924 3423 ἔχοντες,
965 3342 1078 3403 οἵαν
1112 3366 1212 3424 περ
1240 3348 1268 3403 ὁ
1303 3342 1622 3426 κατήγορος,
1651 3343 1896 3424 πονηροῖς
1925 3332 2076 3421 οἶμαι

503 3429 722 3497 καὶτοῖς
753 3428 929 3507 λόγοις
961 3429 1052 3489 καὶ
1077 3438 1181 3497 τοῖς
1208 3430 1486 3512 πράγμασι
1512 3428 1778 3515 χρώμενοι
1806 3430 2073 3491 διατελοῦ-

505 3537 609 3576 σιν.

424 3626 477 3665 us
583 3623 685 3667 287.
728 3601 886 3686 Ἔχω
923 3606 978 3666 δὲ
1013 3606 1177 3677 δεῖξαι
1203 3608 1297 3668 καὶ
1327 3607 1518 3674 τόπους
1539 3608 1593 3666 ἐν
1621 3597 1696 3675 οἷς
1722 3606 1919 3677 ἔξεστιν
1948 3606 2074 3664 ἰδεῖν

504 3696 610 3761 τοῖς
635 3693 968 3775 βουλομένοις
991 3694 1109 3765 τοὺς
1135 3697 1579 3779 πολυπράγμονας
1600 3694 1692 3756 καὶ
1717 3694 1835 3763 τοὺς
1859 3702 1977 3762 ταῖς
1997 3696 2076 3753 αῖ-

507 3774 642 3849 τίαις
670 3780 878 3863 ἐνόχους
895 3782 1046 3851 ὄντας
1066 3784 1127 3852 ἃς
1148 3776 1292 3845 οὗτοι
1307 3786 1414 3853 τοῖς
1431 3787 1702 3866 σοφισταῖς
1725 3782 2073 3867 ἐπιφέρουσιν.

509 3868 605 3931 Ἐν
633 3870 736 3953 γὰρ
775 3880 890 3939 ταῖς
924 3872 1099 3933 σανίσι
1140 3874 1254 3941 ταῖς
1291 3874 1393 3933 ὑπὸ
1433 3876 1536 3932 τῶν
1569 3872 1836 3955 ἀρχόντων
1872 3874 2074 3932 ἐκτιθε-

508 3957 686 4034 μέναις
718 3960 1003 4039 ἀναγκαῖόν
1031 3962 1191 4036 ἐστιν,
1218 3964 1271 4021 ἐν
1302 3961 1398 4041 μὲν
1432 3962 1547 4029 ταῖς
1575 3962 1674 4020 ὑπὸ
1697 3963 1800 4020 τῶν
1825 3964 2075 4037 θεσμοθε-

428 4069 484 4109 4ο
505 4050 608 4105 τῶν
642 4047 963 4131 ἀμφοτέρους
986 4050 1208 4123 ἐνεῖναι,
1231 4048 1351 4117 τούς
1387 4073 1443 4108 τε
1467 4050 1561 4123 τὴν
1589 4048 1742 4108 πόλιν
1772 4051 2076 4115 ἀδικοῦντας

505 4135 733 4203 καὶτοὺς
758 4145 1232 4219 συκοφαντοῦντας,
1258 4142 1310 4199 ἐν
1333 4137 1390 4197 δὲ
1413 4139 1527 4206 ταῖς
1545 4142 1649 4197 τῶν
1671 4138 1853 4197 ἕνδεκα
1878 4136 1999 4204 τούς
2018 4158 2075 4194 τε

506 4230 922 4305 κακουργοῦντας
952 4226 1044 4285 καὶ
1073 4226 1192 4295 τοὺς
1219 4226 1417 4294 τούτοις
1445 4230 1766 4307 ἐφεστῶτας,
1795 4229 1849 4285 ἐν
1877 4224 1934 4285 δὲ
1959 4232 2075 4291 ταῖς

505 4312 611 4369 τῶν
633 4314 1018 4390 τετταράκοντα
1041 4315 1160 4383 τούς
1184 4316 1230 4374 τ’
1250 4318 1304 4375 ἐν
1326 4323 1434 4383 τοῖς
1459 4314 1603 4382 ἰδίοις
1629 4314 1935 4396 πράγμασιν
1960 4314 2071 4372 ἀδι-

506 4402 724 4465 κοῦντας
751 4398 843 4458 καὶ
865 4399 982 4467 τοὺς
1011 4400 1085 4478 μὴ
1117 4402 1329 4471 δικαίως
1352 4404 1726 4481 ἐγκαλοῦντας·
1771 4402 1886 4483 (ess)
1921 4404 1971 4461 ἐν
1994 4390 2075 4467 αἶς

425 4512 480 4552 45
505 4492 685 4545 τοῦτον
716 4486 810 4564 μὲν
841 4488 933 4546 καὶ
966 4492 1084 4557 τοὺς
1115 4490 1300 4551 τούτου
1329 4490 1504 4573 φίλους
1530 4489 1717 4571 εὕροιτ’
1751 4490 1812 4550 ἂν
1842 4492 1896 4550 ἐν
1937 4490 2075 4547 πολ-

505 4576 622 4642 λαῖς
656 4576 1133 4655 ἐγγεγραμμένους,
1164 4577 1258 4654 ἐμὲ
1292 4578 1347 4637 δὲ
1375 4578 1467 4638 καὶ
1495 4577 1611 4646 τοὺς
1638 4577 1758 4660 περὶ
1786 4577 1881 4651 τὴν
1910 4575 2074 4647 αὐτὴν

507 4663 624 4743 ἐμοὶ
651 4660 924 4745 διατριὸὴν
948 4664 1101 4732 ὄντας
1127 4667 1234 4725 οὐδ’
1259 4670 1314 4725 ἐν
1341 4676 1439 4748 μιᾷ
1464 4668 1660 4726 τούτων
1691 4666 1925 4741 ἐνόντας,
1950 4663 2069 4726 ἀλλ’

506 4749 643 4812 οὕτω
685 4750 754 4812 τὰ
794 4752 917 4833 περὶ
954 4756 1099 4830 ἡμᾶς
1139 4753 1328 4823 αὐτοὺς
1371 4757 1692 4823 διοικοῦντας
1731 4754 1882 4839 ὥστεΟ
1909 4758 2073 4835 μηδὲν

508 4840 705 4901 δεῖσθαι
732 4844 836 4901 τῶν
859 4840 1074 4921 ἀγώνων
1095 4845 1199 4901 τῶν
1225 4846 1352 4925 παρ’
1387 4846 1528 4921 ὑμῖν.
1583 4844 1698 4922 (239)
1727 4843 1915 4904 Καίτοι
1958 4848 2077 4917 τοὺς

425 4956 482 4997 ω
507 4928 632 5007 μήτ’
662 4933 715 4989 ἐν
744 4930 860 4997 ταῖς
889 4930 1272 5011 πραγματείαις
1309 4930 1526 4997 ταύταις
1551 4930 1702 4999 ὄντας
1729 4931 1853 5008 μήτ’
1877 4936 2075 4996 ἀκολά-

508 5040 642 5087 στως
655 5022 850 5089 ζῶντας
873 5018 1005 5096 μήτε
1031 5020 1152 5102 περὶ
1171 5018 1338 5093 ἄλλην
1359 5018 1548 5102 πρᾶξιν
1567 5018 1828 5097 μηδεμίαν
1847 5022 2074 5103 αἰσχρὰν

506 5104 880 5186 γεγενημένους
904 5110 1018 5173 πῶς
1040 5109 1137 5166 οὐκ
1161 5108 1485 5167 ἐπαινεῖσθαι
1517 5106 1772 5189 προσήκει
1798 5110 2001 5186 μᾶλλον
2037 5109 2072 5184 ἢ

507 5194 772 5275 κρίνεσθαι
781 5219 798 5269 ;
828 5196 985 5268 δῆλον
1013 5192 1115 5275 γὰρ
1159 5194 1242 5255 ὅτι
1265 5200 1482 5256 τοιαῦτα
1509 5194 1630 5263 τοὺς
1667 5194 1913 5265 συνόντας
1944 5222 2070 5258 παι-

513 5282 748 5361 δεύομεν,
771 5274 858 5367 οἶά
882 5304 983 5365 περ
1007 5281 1156 5342 αὐτοὶ
1182 5284 1511 5365 τυγχάνομεν
1537 5284 1940 5360 ἐπιτηδεύοντες.

1413 462 1912 528 ῙΣΟΚΡΑΤΟΥΣ
1954 463 2005 522 Ο
2054 460 2231 522 ΠΕΡΙ
2271 458 2780 521 ΑΝΊἸΔΟΣΕΩΣ.

2156 598 2537 667 εείιιιιὶοιιιεςιιο
2560 598 2609 649 in
2628 598 2781 663 pretio
2800 597 3058 661 habeatur-3
3096 601 3259 662 postea
3294 596 3537 649 Clisthenes
3564 598 3656 650 urbe

2156 710 2327 772 pulsus
2343 720 2374 757 a
2389 705 2625 771 tyrannis,
2646 706 2733 757 ubi
2752 708 3184 772 Amphictyonihus
3200 708 3454 773 eloquentia
3470 711 3657 772 pers-rasit

2158 818 2215 869 ut
2234 831 2297 869 ex
2319 815 2399 868 dei
2421 815 2659 867 thesauris
2676 816 2924 880 pecuniam
2940 816 3037 869 sibi
3062 821 3237 869 mutuo
3262 816 3449 883 darent,
3472 824 3515 869 et
3528 820 3657 881 reipu-

2160 928 2303 979 blicae
2319 926 2778 978 administrationem
2789 926 3063 990 popularem
3086 928 3319 993 restituit,
3335 930 3588 991 ettyrannos
3600 942 3661 979 ex·

2163 1038 2307 1104 pulit,
2330 1043 2381 1090 et
2400 1038 2671 1089 libertatem
2693 1036 2869 1101 populo
2890 1036 3117 1101 reddidit,
3134 1050 3235 1101 qua
3252 1038 3487 1101 impetrata
3501 1040 3665 1089 maxima

2161 1148 2416 1200 commoda
2429 1147 2481 1198 in
2502 1150 2699 1200 Graacos
2716 1128 3081 1211 redundarunst
3171 1146 3303 1212 (233)
3322 1151 3426 1211 post
3444 1148 3557 1198 hunc
3570 1148 3665 1199 ’Πιε-

2162 1258 2405 1310 mistoeles
2450 1256 2553 1309 dux
2596 1256 2725 1308 hello
2766 1256 2958 1309 Persico
3000 1260 3193 1307 creatus
3242 1257 3489 1321 majoribus
3528 1258 3664 1307 nostris
3762 1224 3764 1231 Ι

2162 1368 2299 1421 urbis
2316 1367 2641 1432 relinquendae
2664 1370 2829 1419 auctor
2846 1366 3007 1432 (quod
3029 1367 3146 1431 quis
3168 1368 3495 1431 persuasisset,
3514 1368 3591 1417 nisi
3604 1369 3667 1431 qui

2162 1474 2437 1539 eloquentia
2461 1472 2671 1524 multum
2696 1472 2935 1538 valer-eti)
2954 1486 3015 1523 eo
3044 1486 3205 1538 usque
3236 1474 3422 1525 illorum
3453 1475 3667 1539 potentiam
3764 1494 3766 1501 ·

2165 1584 2335 1645 auxit,
2359 1586 2437 1645 ut,
2475 1594 2627 1646 quum
2650 1582 2816 1647 paucis
2846 1582 3017 1633 diebus
3042 1584 3165 1635 urbe
3192 1596 3282 1634 sua
3308 1584 3469 1647 privati
3490 1584 3667 1643 fuissent,

2164 1694 2396 1745 diuturno
2412 1696 2629 1758 tempore
2646 1696 2923 1746 Graecorum
2942 1692 3128 1745 domini
3144 1694 3339 1757 tieren13
3402 1694 3518 1757 (2³4)
3530 1698 3670 1758 postre-

2164 1816 2249 1854 mo
2275 1815 2397 1854 vero
2422 1800 2630 1854 Pericles
2650 1804 2704 1853 et
2724 1804 2881 1854 rector
2902 1804 3067 1869 populi
3091 1803 3251 1855 bonus
3272 1809 3322 1855 et
3344 1804 3531 1869 optimus
3544 1806 3669 1853 orator

2164 1913 2334 1963 urbem
2354 1910 2567 1962 delubris
2584 1915 2635 1962 et
2654 1910 2866 1962 donariis
2900 1915 2951 1963 et
2972 1912 3151 1963 ceteris
3170 1911 3499 1963 omnibusadeo
3516 1925 3668 1963 exorna·

2166 2018 2256 2083 vit,
2270 2022 2326 2070 ut
2346 2019 2406 2070 ad
2413 2032 2546 2071 venae
2566 2020 2709 2071 etiam
2724 2033 2852 2071 nuuc
2864 2033 2989 2081 eam,
3009 2033 3127 2083 qum
3140 2035 3239 2071 non
3258 2022 3397 2071 modo
3412 2022 3587 2081 Graecis,
3606 2019 3667 2069 sed

2166 2130 2339 2181 ceteris
2360 2128 2587 2181 omnibus
2608 2130 2835 2195 imperet,
2853 2131 3045 2194 dignam
3078 2132 3315 2197 ltabeant3
3348 2134 3396 2184 et
3421 2136 3613 2198 preterea
3634 2134 3670 2181 in

2166 2251 2277 2291 arce
2298 2252 2395 2289 non
2417 2240 2581 2291 minus
2601 2238 2766 2291 decem
2788 2238 2938 2290 millia
2958 2240 3257 2292 talentorum
3280 2243 3493 2305 reposuit.
3574 2240 3670 2301 (235)
3768 2234 3770 2239 ’

2164 2357 2325 2420 Atque
2344 2356 2519 2407 horum
2540 2355 2752 2407 virorum
2765 2393 2782 2420 ,
2808 2356 2893 2421 qui
2916 2360 3075 2408 tantu
3094 2370 3177 2408 res
3196 2362 3459 2422 gesserunt,
3480 2370 3599 2407 nemo
3614 2355 3669 2405 di·

2166 2470 2307 2523 cendi
2324 2472 2605 2523 facultatem
2624 2471 2857 2535 neglexit,
2876 2472 2940 2523 ad
2956 2486 3109 2537 quam
3128 2476 3265 2525 tanto
3280 2474 3432 2539 potius
3446 2472 3587 2524 ceteris
3600 2470 3671 2521 ani·

2166 2599 2301 2639 mum
2325 2586 2683 2653 applicuerunt,
2702 2591 2758 2637 ut
2774 2588 2915 2639 Solon
2940 2602 3067 2639 unus
3084 2602 3116 2641 e
3140 2594 3323 2655 septem
3348 2589 3549 2654 sophistis
3562 2600 3667 2637 roes·

2164 2705 2317 2763 retur,
2342 2700 2488 2765 idque
2509 2714 2685 2751 nomen
2704 2700 3065 2767 adipisceretur,
3081 2705 3219 2769 quod
3241 2718 3369 2756 nunc
3383 2703 3551 2770 quidem
3564 2700 3671 2751 daie·

2168 2815 2270 2867 cori
2296 2813 2500 2865 habetur
2524 2819 2575 2865 et
2600 2815 2727 2866 inter
2752 2828 2843 2867 vos
2864 2816 3171 2881 reprobatur,
3194 2818 3391 2869 Pericles
3409 2822 3549 2868 autun
3562 2814 3673 2864 disei-

2167 2931 2311 2996 pulus
2324 2930 2531 2984 duorum
2554 2932 2698 2985 suerit
2710 2932 3061 2998 sophistarum,
3082 2938 3374 2997 Anaxagora
3386 2930 3626 2985 clazomenii
3636 2935 3673 2978 et

2166 3044 2399 3095 Damonis
2409 3081 2425 3109 ,
2444 3045 2529 3110 qni
2550 3044 2635 3096 illo
2655 3049 2870 3110 tempore
2886 3044 3065 3096 civium
3083 3046 3459 3111 sapientissimus
3470 3056 3559 3095 esse
3572 3040 3671 3090 vide·

2166 3157 2325 3210 batur.
2392 3160 2523 3223 (236)
2546 3162 2713 3225 ltaque
2734 3159 2975 3224 quomodo
2997 3160 3112 3225 quis
3134 3160 3279 3212 vobis.
3296 3158 3541 3211 evidentius
3554 3160 3673 3207 osteri-

2166 3272 2293 3325 derit
2310 3273 2599 3339 eloquentia
2622 3274 2849 3326 facultate
2874 3275 3097 3327 homines
3120 3290 3221 3327 non
3252 3274 3351 3327 tieri
3372 3273 3609 3326 maleficos?
3628 3278 3673 3321 At

2167 3403 2282 3441 vero
2304 3390 2386 3455 qui
2408 3390 2598 3453 ingenio
2612 3394 2727 3442 sunt
2744 3390 2925 3442 similes
2940 3394 3213 3445 accusatori
3236 3406 3366 3459 meo,
3388 3391 3531 3456 pravis
3544 3388 3675 3452 opinor

2165 3511 2216 3559 et
2228 3506 2524 3558 orationibus
2544 3509 2597 3559 et
2615 3506 2885 3559 actionibus
2902 3508 3037 3559 nullo
3054 3521 3153 3560 non
3170 3513 3381 3575 tempore
3401 3509 3589 3559 uniatur.

2228 3619 2341 3667 237.
2373 3617 2583 3668 Possum
2617 3627 2734 3667 vero
2764 3615 2911 3665 etism
2946 3615 3163 3668 indicare
3198 3616 3328 3679 loca,
3362 3614 3523 3679 quibus
3544 3608 3673 3660 videre

2164 3714 2275 3764 licet
2301 3713 2572 3764 volentibus
2593 3726 2679 3764 eos
2722 3714 2808 3777 qui
2838 3726 2867 3764 a
2912 3726 2964 3764 se
2999 3713 3118 3764 nihil
3142 3728 3241 3766 non
3268 3716 3525 3765 aversentur
3556 3712 3675 3771 iisqne

2162 3813 2447 3865 criminibus
2465 3816 2736 3876 teneantur,
2760 3826 2873 3877 qum
2895 3814 2944 3864 bi
2968 3814 3017 3864 in
3039 3815 3283 3879 sophistas
3302 3814 3547 3866 conferunt.
3600 3809 3675 3859 illis

2152 3912 2292 3962 enim
2315 3910 2495 3960 tabulis
2508 3946 2523 3971 ,
2540 3922 2652 3975 quse
2674 3923 2703 3959 a
2726 3910 3083 3975 magistratibus
3098 3918 3418 3975 exponuntur,
3440 3921 3604 3960 necesse
3618 3910 3675 3955 est

2162 4006 2224 4056 iis
2240 4020 2351 4068 quac
2370 4020 2399 4056 a
2417 4006 2751 4061 thesmotheiis
2774 4016 3103 4075 proponuntur
3127 4017 3357 4075 utrosque
3378 4006 3587 4061 contineri
3602 4042 3615 4067 ,
3636 4007 3672 4052 et

2166 4105 2468 4157 insidiatores
2484 4106 2758 4170 reipublicae
2771 4114 2820 4158 et
2830 4109 3177 4174 sycophantas3
3197 4114 3297 4160 tum
3308 4108 3473 4160 tabulis
3482 4103 3675 4156 undecim·

2167 4203 2381 4253 virorum
2406 4201 2704 4254 facinorosos
2725 4203 2995 4269 horumque
3017 4205 3195 4269 duces3
3227 4204 3395 4257 deinde
3414 4202 3564 4255 tabulis
3584 4210 3673 4262 qua·

2162 4301 2589 4365 dragintavirorum
2609 4315 2693 4353 eos
2721 4304 2803 4366 qui
2828 4304 2877 4352 in
2896 4304 3096 4367 privatis
3120 4306 3321 4367 negotiis
3345 4303 3602 4367 deliquerint
3624 4298 3673 4346 in-

2158 4402 2350 4467 justeve
2379 4404 2708 4455 accusaverint
2752 4420 2767 4454 ε
2837 4407 2967 4469 (238)
3004 4407 3181 4471 quibus
3214 4409 3444 4473 plerisque
3471 4420 3547 4457 vos
3574 4405 3673 4454 hunc

2161 4500 2323 4564 ipsum
2349 4504 2398 4551 et
2430 4501 2573 4563 hujus
2610 4502 2904 4553 necessarios
2926 4503 3183 4569 inscriptos
3216 4506 3477 4571 reperiatis,
3501 4516 3568 4553 me
3586 4513 3674 4549 vem

2162 4616 2343 4667 eosque
2366 4604 2450 4668 qui
2474 4604 2521 4653 in
2545 4604 2715 4655 iisdem
2737 4606 2912 4657 studiis
2935 4612 3214 4673 versentur,
3242 4622 3303 4659 ne
3319 4609 3367 4659 in
3402 4622 3489 4659 una
3516 4602 3671 4669 quidem

2163 4706 2352 4755 notatos
2362 4739 2378 4765 ,
2392 4704 2479 4754 sed
2498 4704 2563 4754 ita
2577 4708 2740 4755 nostru
2760 4708 2950 4769 negotia
2968 4714 3192 4759 curantes
3202 4744 3217 4771 ,
3232 4714 3288 4759 ut
3304 4709 3415 4759 nihil
3434 4707 3561 4757 nobis
3575 4714 3674 4767 opus

2164 4802 2229 4852 sit
2252 4800 2642 4852 contentionibus
2672 4816 2783 4867 qum
2812 4804 2941 4868 apud
2977 4819 3064 4857 vos
3100 4808 3434 4872 disceptantur.
3492 4804 3605 4867 (239)
3626 4804 3675 4850 At

2163 4916 2277 4953 vero
2299 4902 2381 4967 qui
2412 4916 2566 4967 neque
2590 4904 2665 4955 liis
2698 4906 2969 4958 actionibus
2996 4916 3285 4973 occupentur
3314 4921 3461 4971 neque
3479 4904 3673 4955 dissolute

2164 4998 2330 5050 vivant
2366 5013 2523 5065 neque
2558 5002 2705 5053 ullam
2741 5004 2884 5055 aliam
2914 5006 3256 5070 turpitudinem
3284 5004 3545 5068 suscipiant,
3578 5014 3671 5063 qno·

2164 5101 2313 5151 modo
2336 5100 2425 5152 hos
2444 5116 2541 5152 non
2560 5103 2723 5167 potius
2742 5104 2925 5157 laudari
2943 5109 3166 5158 convenit
3184 5120 3324 5170 quarn
3342 5104 3563 5157 accusari?
3583 5104 3672 5153 Per·

2164 5197 2383 5261 spicuum
2412 5200 2486 5249 est
2504 5199 2631 5249 enim
2657 5200 2914 5253 familiares
2932 5204 3121 5253 nostrus
3138 5216 3222 5253 nos
3238 5200 3397 5253 eadem
3412 5199 3567 5250 docere
3580 5208 3669 5259 qum

2164 5295 2259 5358 ipsi
2285 5310 2609 5347 exerceamus.
