3825 5842
91 458 163 523 [ιω
170 447 319 520 -τῡῖἔῖὶ

738 596 893 657 XVI.

624 754 718 803 su
748 748 1002 815 noran

112 909 472 994 ΜΑΝΤΙΘΕῼ
507 904 1123 989 ΔΟΚΙΜΑΖΟΜΕΝῼ
1150 902 1560 964 ΑΠΟΛΟΓΙΑ.

56 1096 76 1129 ι,
150 1062 205 1123 Εἰ
221 1058 286 1137 μὴ
303 1049 559 1135 συνῄδειν,
584 1044 629 1114 ὦ
656 1052 850 1134 βουλή,
885 1060 993 1121 τοῖς
1011 1048 1321 1130 κατηγόροις
1350 1046 1602 1129 βουλομέ·

93 1176 171 1219 νοις
198 1152 251 1209 ἐκ
280 1145 468 1212 παντὸς
500 1144 696 1227 τρόπου
726 1146 902 1210 κακῶς
943 1142 1033 1221 ἐμὲ
1066 1141 1253 1212 ποιεῖν,
1293 1138 1494 1209 πολλὴν
1537 1137 1601 1196 ἂν

97 1244 229 1305 αὐτοῖς
258 1236 401 1316 χάριν
446 1224 589 1313 εἶχον
626 1230 820 1303 ταύτης
855 1234 948 1301 τῆς
983 1228 1329 1309 κατηγορίας·
1373 1230 1603 1308 ἡγοῦμαι

94 1328 171 1409 γὰρ
188 1333 279 1391 τοῖς
297 1322 485 1389 ἀδίκως
505 1318 936 1396 διαὸεὸλημένοις
962 1319 1171 1385 τούτους
1190 1309 1322 1376 εἶναι
1341 1314 1598 1395 μεγίστων

97 1419 263 1493 ἀγαθῶν
305 1409 525 1487 αἰτίους,
564 1408 747 1475 οἵτινες
788 1405 853 1466 ἂν
893 1404 1077 1473 αὖτοὺς
1125 1404 1486 1484 ἀναγκάζωσιν
1533 1406 1604 1469 εἰς

96 1505 266 1581 ὒιεγχον
290 1503 385 1557 τῶν
414 1500 593 1563 αὐτοῖς
623 1494 953 1577 βεὸιωμένων
984 1497 1325 1565 καταστῆναι.
1369 1492 1432 1571 (2)
1459 1490 1605 1569 Ἐγὼ

56 1618 79 1653 τε
96 1593 173 1671 γὰρ
200 1588 319 1649 οὕτω
351 1586 549 1669 σφόδρα
592 1587 803 1667 ἐμαυτῷ
838 1582 1097 1656 πιστεύω,
1134 1581 1259 1647 ὥστ’
1287 1580 1479 1649 ἐλπίζω
1514 1579 1607 1639 καὶ

97 1681 213 1745 εἴτις
248 1676 365 1757 πρός
402 1698 467 1753 με
502 1674 757 1755 τυγχάνει
794 1674 965 1745 ἀηδῶς
992 1672 1027 1744 ἢ
1055 1674 1228 1739 κακῶς
1256 1669 1604 1749 διακείμενος,

98 1766 264 1827 ἐπειδὰν
288 1767 407 1841 ἐμοῦ
432 1762 676 1840 λέγοντος
702 1760 899 1841 ἀκούσῃ
923 1761 1044 1841 περὶ
1069 1763 1172 1819 τῶν
1206 1757 1607 1841 πεπραγμένων,

100 1852 427 1932 μεταμελήσειν
445 1852 595 1931 αὐτῷ
624 1850 713 1908 καὶ
739 1848 871 1909 πολὺ
906 1849 1097 1929 βελτίω
1130 1870 1197 1924 με
1220 1848 1291 1914 εἰς
1317 1845 1405 1905 τὸν
1428 1844 1607 1905 λοιπὸν

100 1942 245 2023 χρόνον
264 1937 565 2017 ἡγήσεσθαι.
588 1938 653 2016 (a)
673 1935 819 2005 Ἀξιῶ
846 1934 936 2013 δέ,
953 1925 998 1995 ὦ
1021 1933 1215 2016 βουλή,
1234 1934 1322 1993 ἐὰν
1344 1931 1437 2010 μὲν
1457 1937 1609 1992 τοῦτο

104 2030 224 2110 μόνον
246 2033 354 2103 ὑμῖν
380 2024 658 2098 ἐπιδείξω,
690 2028 759 2093 ὡς
792 2023 962 2092 εὔνους
994 2023 1104 2102 εἰμὶ
1130 2032 1238 2091 τοῖς
1266 2021 1610 2094 καθεστηκόσι

56 2142 83 2181 ιο
102 2120 329 2199 πράγμασι
350 2120 439 2173 καὶ
460 2118 531 2182 ὣς
546 2114 895 2193 ἠνάγκασμαι
916 2116 1019 2172 τῶν
1043 2113 1213 2171 αὐτῶν
1236 2109 1485 2170 κινδύνων
1508 2134 1607 2189 με-

103 2210 235 2287 τέχειν
256 2208 380 2281 ὑμῖν,
404 2202 565 2281 μηδέν
592 2200 682 2262 πώ
704 2224 791 2277 μοι
814 2201 971 2261 πλέον
992 2190 1140 2260 εἶναι·
1166 2198 1255 2259 ἐὰν
1272 2198 1327 2259 δὲ
1344 2198 1609 2281 φαίνωμαι

102 2291 261 2375 περὶτὰ
274 2292 399 2351 ἄλλα
416 2290 647 2372 μετρίως
658 2289 923 2372 βεὸιωκὼς
938 2288 1029 2349 καὶ
1045 2288 1177 2350 πολὺ
1192 2311 1267 2347 πα
1275 2286 1337 2370 ρὰ
1348 2286 1439 2361 τὴν
1459 2288 1609 2358 δόξαν

105 2384 175 2443 καὶ
196 2382 320 2462 παρὰ
351 2379 463 2449 τοὺς
495 2379 687 2460 λόγους
717 2378 837 2447 τοὺς
871 2382 975 2438 τῶν
999 2380 1215 2459 ἐχθρῶν,
1244 2376 1429 2455 δέομαι
1464 2381 1492 2437 ὖ
1538 2381 1609 2437 ῶν

105 2471 174 2549 ἐμὲ
202 2468 281 2548 μὲν
302 2469 616 2547 δοκιμάζειν,
650 2466 858 2535 τούτους
888 2466 941 2527 δὲ
969 2471 1207 2547 ἡγεῖσθαι
1229 2467 1435 2547 χείρους
1463 2490 1487 2525 ε
1510 2489 1610 2527 ναι.

106 2564 282 2639 Πρῶτον
321 2556 370 2616 δὲ
395 2556 658 2626 ἀποδείξω
693 2560 761 2623 ὣς
788 2558 887 2635 οὐχ
922 2553 1141 2614 ἵππευον
1170 2556 1275 2615 οὐδ’
1321 2553 1611 2631 ἐπεδήμουν

106 2648 171 2704 ἐπὶ
193 2652 277 2704 τῶν
300 2644 569 2725 τριάκοντα
586 2691 605 2723 ,
638 2641 755 2703 οὐδὲ
782 2640 1034 2723 μετέσχον
1061 2647 1153 2715 τῆς
1182 2643 1299 2702 τότε
1326 2640 1607 2708 πολιτείας.

164 2757 204 2797 ι.
239 2732 397 2813 Ἢμᾶς
435 2732 538 2815 γὰρ
577 2738 609 2793 δ
650 2731 825 2813 πατὴρ
861 2730 963 2813 πρὸ
1002 2736 1094 2803 τῆς
1135 2734 1188 2791 ἐν
1234 2729 1612 2811 Ἑλλησπόντῳ

106 2833 322 2904 συμφορᾶς
340 2825 405 2889 ὣς
427 2820 673 2901 Σάτυρον
697 2820 785 2879 τὸν
811 2822 865 2879 ἐν
886 2824 961 2901 τῷ
985 2818 1173 2901 Πόντῳ
1194 2817 1613 2895 διαιτησομένους

60 2912 311 2993 Λθέξέπεμψτ
326 2960 342 2985 ,
379 2910 467 2970 καὶ
512 2908 643 2969 οὔτε
685 2912 789 2969 τῶν
818 2909 1003 2989 τειχῶν
1042 2906 1459 2990 καθαιρουμένων
1496 2905 1614 2966 οὔτε

110 2999 429 3076 μεθισταμένης
466 3002 563 3070 τῆς
592 2995 859 3065 πολιτείας
876 3040 895 3073 ,
938 2995 1052 3055 ἀλλ’
1080 2995 1306 3073 ἤλθομεν
1339 2994 1461 3076 πρὶν
1498 2993 1615 3062 τοὺς

109 3088 187 3147 ἀπὸ
212 3090 375 3159 Φυλῆς
408 3089 475 3154 εἰς
502 3087 597 3146 τὸν
630 3089 858 3166 Πειραιᾶ
884 3085 1149 3143 κατελθεῖν
1180 3082 1430 3169 πρότερον
1470 3082 1612 3142 πένθ’

108 3175 297 3254 ἡμέραις.
374 3177 437 3253 (ο)
479 3175 679 3237 Καίτοι
703 3172 819 3233 οὔτε
845 3178 984 3251 ἡμᾶς
1021 3172 1152 3239 εἰκὸς
1182 3164 1246 3243 ἦν
1284 3174 1355 3239 εἷς
1386 3176 1612 3231 τοιοῦτον

107 3264 245 3345 καιρὸν
273 3263 575 3347 ἀφιγμένους
617 3266 886 3338 ἐπιθυμεῖν
923 3260 1157 3341 μετέχειν
1195 3264 1298 3320 τῶν
1332 3259 1614 3341 ἀλλοτρίων

108 3353 323 3425 κινδύνων,
344 3352 433 3411 οὔτ
471 3354 664 3411 ἐκεῖνοι
683 3350 948 3432 φαίνονται
970 3347 1213 3422 τοιαύτην
1236 3347 1451 3428 γνώμην
1476 3347 1615 3429 ἔχον-

64 3456 82 3491 5
109 3461 169 3506 τες
190 3436 305 3499 ὥστε
324 3438 412 3498 καὶ
436 3440 543 3507 τοῖς
572 3440 909 3517 ἀποδημοῦσι
932 3436 1022 3496 καὶ
1050 3440 1157 3504 τοῖς
1189 3435 1351 3514 μηδὲν
1381 3434 1614 3517 ἐξαμαρ-

109 3526 276 3587 τάνουσι
298 3526 629 3605 μεταδιδόναι
655 3531 747 3598 τῆς
774 3524 1067 3597 πολιτείας,
1110 3522 1249 3582 ἀλλὰ
1278 3524 1473 3601 μᾶλλον
1503 3522 1613 3595 ἠτί-

114 3616 239 3689 μαζον
278 3612 362 3672 καὶ
405 3612 519 3681 τοὺς
574 3610 1076 3691 συγκαταλύσαντας
1125 3608 1212 3669 τὸν
1262 3610 1445 3688 δῆμον.
1555 3606 1614 3689 (s)

110 3698 291 3761 Ἔπειτα
315 3700 365 3761 δὲ
394 3703 454 3760 ἐκ
482 3700 581 3779 μὲν
610 3705 705 3759 τοῦ
732 3698 963 3759 σανιδίου
987 3696 1103 3767 τοὺς
1120 3696 1476 3765 ἱππεύσαντας
1504 3720 1617 3757 σκο·

111 3790 197 3847 πεῖν
219 3790 378 3861 εὔηθές
405 3794 562 3850 ἐστιν·
598 3791 653 3848 ἐν
682 3788 849 3869 τούτῳ
883 3788 986 3868 γὰρ
1013 3786 1198 3846 πολλοὶ
1226 3785 1321 3865 μὲν
1358 3791 1459 3846 τῶν
1488 3792 1615 3864 ὁμο·

110 3876 347 3955 λογούντων
376 3876 617 3936 ἱππεύειν
654 3878 749 3935 οὐκ
781 3875 984 3947 ἔνεισιν,
1024 3874 1147 3933 ἔνιοι
1185 3872 1240 3932 δὲ
1277 3876 1379 3933 τῶν
1415 3876 1619 3946 ἀποδη-

110 3964 300 4041 μούντων
313 3964 751 4045 ἐπιγεγραμμένοι
766 3962 913 4026 εἰσίν.
932 3963 1167 4030 Ἐκεῖνος
1183 3964 1227 4021 δ’
1248 3958 1387 4022 ἔστὶν
1407 3962 1619 4044 ἔλεγχος

110 4050 316 4131 μέγιστος·
338 4052 513 4125 ἐπειδὴ
536 4050 643 4134 γὰρ
670 4052 987 4129 κατήλθετε,
1031 4050 1352 4134 ἐψηφίσασθε
1374 4050 1489 4118 τοὺς
1515 4074 1617 4133 φυ-

62 4156 91 4191 ¹1³
108 4139 290 4217 λάρχους
328 4142 629 4219 ἀπενεγκεῖν
661 4138 777 4207 τοὺς
799 4137 1187 4217 ἱππεύσαντας,
1214 4136 1301 4198 ἵνα
1335 4136 1430 4206 τὰς
1455 4162 1617 4198 κατα-

110 4226 275 4295 στάσεις
312 4228 677 4311 ἅναπράττητε
721 4231 848 4311 παρ’
898 4228 1091 4289 αὖτῶν.
1196 4228 1256 4305 (7)
1288 4224 1423 4305 Ἐμὲ
1450 4225 1617 4285 τοίνυν

110 4315 237 4383 οὐδεὶς
256 4314 313 4375 ἂν
336 4316 650 4386 ἀποδείξειεν
676 4314 785 4376 οὔτ’
806 4314 1154 4396 ἀπενεχθέντα
1179 4314 1279 4373 ὑπὸ
1302 4318 1405 4373 τῶν
1432 4314 1620 4395 φυλάρ-

111 4424 193 4481 χων
215 4403 319 4465 ούτε
351 4404 716 4487 παραδοθέντα
744 4405 849 4471 τοῖς
876 4402 1129 4471 συνδίκοις
1154 4400 1272 4462 οὔτε
1298 4402 1619 4461 κατάστασιν

114 4492 457 4570 aspamam.
524 4492 715 4554 Καίτοι
736 4501 867 4551 πᾶσι
886 4493 1060 4573 ῥᾴδιον
1080 4495 1233 4551 τοῦτο
1254 4493 1467 4569 γνῶναι,
1493 4488 1620 4549 διότι

116 4580 347 4655 ἀναγκαῖον
371 4572 435 4654 ἦν
462 4582 572 4649 τοῖς
598 4580 911 4662 φυλάρχοις,
951 4582 996 4639 εἶ
1038 4579 1113 4656 μὴ
1146 4576 1467 4647 ἀποδείξαιεν
1504 4576 1622 4645 τοὺς

122 4664 286 4744 ἔχοντας
314 4670 400 4737 τὰς
425 4668 805 4741 καταστάσεις,
832 4672 1007 4737 αὐτοῖς
1032 4672 1363 4747 ζημιοῦσθαι.
1413 4676 1417 4680 ’
1442 4664 1621 4726 ‘'sse-re

122 4754 219 4813 πολὺ
243 4756 298 4815 ἂν
320 4759 633 4839 δικαιότερον
666 4758 874 4827 ἐκείνοις
900 4766 1005 4823 τοῖς
1030 4757 1176 4839 γράμ
1220 4780 1337 4816 ασιν
1365 4755 1401 4827 ἢ
1427 4754 1623 4824 τούτοις

78 4862 108 4898 is
126 4842 375 4905 πιστεύοιτε·
400 4850 457 4906 ἐκ
480 4844 577 4926 μὲν
605 4844 707 4928 γὰρ
738 4844 930 4905 τούτων
960 4845 1132 4927 ῥᾴδιον
1202 4869 1230 4904 ν
1266 4842 1623 4926 ἐξαλειφθῆναι

128 4932 181 5008 τῷ
200 4934 481 5015 βουλομένῳ,
519 4937 573 4993 ἐν
596 4934 806 5001 ἐκείνοις
842 4933 895 4993 δὲ
929 4932 1048 5001 τοὺς
1082 4930 1436 4999 ἱππεύσαντας
1462 4932 1622 5009 ἅναγ·

131 5021 239 5076 καῖον
262 5012 314 5093 ἦν
344 5022 445 5081 ὑπὸ
476 5024 581 5082 τῶν
624 5021 907 5105 φυλάρχων
937 5024 1307 5102 ἀπενεχθῆναι.
1398 5020 1463 5099 (s)
1497 5015 1623 5081 Ἔτι

134 5095 248 5175 δὲιῖ)
282 5110 461 5188 βουλή,
498 5108 645 5193 εἴπερ
688 5109 947 5185 ἵππευσα,
986 5113 1079 5169 οὐκ
1116 5111 1180 5169 ἂν
1210 5102 1277 5183 ἦν
1314 5109 1521 5190 ἔξαρνος
1556 5110 1625 5177 ὡς

138 5190 253 5255 δεινόν
272 5222 315 5255 τι
345 5196 657 5273 πεποιηκώς,
695 5200 815 5258 ἀλλ’
848 5198 1041 5271 ἠξίουν,
1067 5196 1340 5267 ἀποδείξας
1366 5202 1435 5264 ὥς
1463 5195 1625 5263 οὐδεὶς

138 5282 199 5337 ‘³¹¹²’
219 5286 321 5361 ἰμοῧ
344 5288 440 5349 τῶν
476 5289 699 5349 πολιτῶν
732 5290 903 5355 κακῶς
941 5286 1163 5347 πέπονθε
1184 5330 1201 5365 ,
1233 5284 1619 5364 δοκιμάζεσθαι.

1099 436 1347 497 LYSIAE
1387 434 1509 499 ΟΒ.
1557 436 1709 501 PRO
1749 438 2220 501 ΜΑΝΤΙΤΗΕΟ.

3135 451 3233 507 171

2379 588 2539 651 XVI.

2209 753 2422 803 comm
2453 755 2694 805 SENATU

1728 910 1875 971 PRO
1914 907 2366 973 ΜΑΝΤΙΤΗΕΟ
2411 908 2736 975 ΕΧΑΜΕΝ
2779 914 3200 979 SUBEUNTE.

1750 1068 1852 1121 Nisi
1904 1083 2124 1133 nmm,
2179 1072 2448 1133 senatores,
2485 1072 2789 1123 accusatores
2837 1086 2972 1127 meos
3017 1076 3069 1126 id
3117 1078 3250 1127 omni

1688 1163 1875 1215 ratione
1892 1165 2052 1215 moliri
2069 1166 2127 1216 ut
2141 1164 2262 1215 mihi
2275 1165 2514 1229 noceant,
2534 1166 2744 1217 multum
2767 1168 2936 1232 utique
2951 1166 3065 1233 ipsis
3085 1172 3250 1233 gratiae

1688 1258 1914 1309 haberem
1937 1260 2069 1323 quod
2086 1273 2166 1311 me
2187 1262 2430 1311 accusent.
2493 1260 2714 1311 Arbitror
2738 1262 2868 1313 enim
2890 1262 2951 1313 de
2968 1264 3026 1314 iis
3049 1266 3134 1327 qui
3158 1266 3248 1317 ral-

1687 1352 1753 1404 sis
1767 1353 2178 1405 criminationibus
2195 1354 2495 1418 impetuntur
2511 1368 2594 1407 eos
2605 1354 2778 1408 mereri
2795 1360 3003 1412 maxime
3017 1364 3103 1424 qui
3125 1362 3252 1427 ipsos

1689 1445 1749 1495 ad
1778 1448 2014 1498 anteactae
2032 1446 2146 1497 vitae
2165 1448 2402 1498 rationem
2424 1448 2717 1501 reddendam
2739 1452 2998 1516 coegerint.
3065 1454 3133 1519 (2)
3155 1462 3250 1519 Ego

1690 1542 1817 1592 enim
1837 1542 1956 1593 mihi
1976 1542 2076 1593 tam
2097 1544 2409 1595 vehementer
2439 1543 2658 1609 conlido,
2681 1547 2737 1597 ut
2759 1558 2972 1612 sperem,
2999 1549 3040 1600 si
3062 1549 3172 1615 quis
3203 1552 3253 1601 in

1692 1649 1771 1687 me
1795 1636 1958 1689 minus
1982 1636 2218 1689 benevolo
2238 1638 2326 1688 aut
2356 1639 2610 1692 inimiciori
2629 1653 2746 1692 usus
2767 1642 2832 1693 sit
2851 1644 3012 1695 animo
3024 1682 3040 1709 ,
3059 1645 3160 1697 sore
3177 1648 3252 1709 ut,

1692 1728 1774 1779 ubi
1798 1742 1877 1779 me
1911 1728 1974 1781 de
1999 1730 2100 1780 vita
2133 1731 2378 1795 preterita
2411 1734 2718 1797 perorantem
2750 1735 3017 1800 audiverit,
3039 1738 3254 1789 anirnum

1691 1828 1851 1877 mutet
1871 1828 1922 1878 et
1945 1827 2160 1890 sequiora
2180 1827 2242 1877 de
2259 1841 2338 1878 me
2359 1828 2410 1878 in
2433 1836 2679 1891 posterum
2699 1831 2898 1883 statuat.
2967 1831 3034 1897 (3)
3056 1835 3252 1885 Postulo

1693 1926 1874 1986 autem,
1893 1925 2154 1987 senatores,
2172 1925 2212 1975 si
2225 1924 2320 1973 hoc
2338 1924 2495 1975 solum
2513 1925 2650 1975 vobis
2667 1926 3032 1990 confirmavero,
3047 1942 3126 1980 me
3138 1943 3258 1993 proe·

1694 2018 1817 2068 senti
1842 2031 2006 2067 rerum
2029 2020 2176 2069 statui
2196 2017 2320 2069 bene
2342 2018 2534 2069 studere
2551 2054 2566 2081 ,
2590 2022 2642 2070 et
2672 2022 2895 2071 coactum
2926 2022 3070 2074 fuisse
3089 2024 3258 2075 eadem

1697 2110 1973 2162 discrimina
1989 2112 2238 2163 vobiscum
2259 2113 2465 2177 experiri
2477 2150 2492 2177 ,
2509 2111 2568 2162 ut
2589 2113 2708 2164 nihil
2725 2115 2986 2179 quiequam
3002 2114 3115 2167 inde
3132 2131 3260 2168 emo·

1698 2200 1903 2251 iumenti
1927 2204 2166 2263 reportem
2200 2220 2214 2251 ε
2251 2201 2337 2252 sed
2371 2202 2411 2251 si
2432 2206 2746 2265 compar-nero
2767 2206 2818 2254 et
2839 2204 2892 2253 in
2927 2206 3098 2256 ceteris
3116 2206 3261 2257 rebus

1698 2288 1946 2341 moderate
1973 2302 2054 2341 me
2085 2290 2306 2354 gessisse,
2338 2290 2574 2354 longeque
2598 2293 2776 2355 praeter
2811 2292 3116 2344 inimicorum
3151 2294 3257 2358 opi·

1699 2376 1889 2428 nionem
1907 2380 1957 2429 et
1977 2392 2246 2442 sermones,
2264 2379 2477 2429 obtestor
2495 2380 2552 2429 ut
2578 2382 2629 2430 et
2657 2394 2738 2430 me
2774 2380 3052 2445 approbetis
3074 2383 3125 2432 et
3147 2383 3262 2435 istos

1700 2467 1884 2531 pejores
1900 2466 2256 2529 esseJ’udicetis.
2287 2468 2502 2517 Primum
2531 2469 2694 2518 autem
2722 2468 2974 2519 ostendam
2997 2482 3078 2520 me
3104 2484 3263 2535 neque

1702 2569 1825 2619 equo
1838 2555 2094 2618 meruisse,
2117 2568 2274 2619 neque
2286 2556 2483 2605 omnino
2501 2555 2632 2605 domi
2649 2556 2796 2607 iniisse
2815 2557 2908 2607 sub
2925 2558 3261 2623 trigintaviris,

1700 2657 1857 2707 neque
1884 2642 2006 2693 adeo
2022 2643 2170 2693 ullam
2201 2645 2387 2707 partem
2407 2643 2536 2693 illius
2559 2643 2984 2696 administrationis
3020 2646 3260 2698 habuisse.

1763 2737 1810 2783 4.
1843 2735 1942 2817 yos
1961 2733 2090 2783 enim
2110 2734 2244 2795 pater
2269 2734 2383 2783 ante
2399 2732 2584 2783 cladem
2602 2732 2652 2783 in
2673 2733 2982 2797 Hellesponto
3013 2736 3262 2799 acceptam

1702 2828 1763 2878 ad
1781 2830 2008 2891 Satyrum
2035 2827 2086 2877 in
2102 2830 2256 2878 Ponto
2273 2830 2658 2878 commoraturos
2675 2828 2807 2879 misit
2821 2844 2838 2891 ς
2863 2831 2912 2880 et
2930 2841 3090 2894 neque
3107 2843 3264 2894 quum

1702 2921 1829 2971 muri
1852 2920 2176 2983 diruerentur,
2209 2934 2367 2984 neque
2391 2934 2546 2985 quum
2572 2920 2850 2985 reipublicae
2879 2923 3032 2973 status
3062 2936 3265 2976 novare·

1702 3014 2065 3078 tur‚adfuimus,
2083 3014 2168 3065 sed
2185 3016 2362 3066 reversi
2391 3028 2564 3065 sumus
2587 3015 2804 3079 quinque
2821 3014 2990 3067 diebus
3007 3018 3264 3082 antequam

1704 3108 1962 3172 Phylenses
1983 3108 2034 3158 in
2057 3107 2295 3157 Pirreeum
2313 3106 2674 3159 descenderent.
2744 3108 2813 3171 (5)
2837 3110 2984 3174 Atqui
3008 3124 3165 3175 neque
3179 3126 3266 3165 ve·

1704 3202 1897 3253 risimile
1914 3204 1988 3253 est
2004 3215 2093 3253 nos
2113 3204 2164 3253 in
2185 3202 2272 3252 tali
2294 3204 2510 3265 tempore
2527 3216 2742 3254 reversos
2762 3204 2928 3255 alienis
2943 3206 3166 3269 periculis
3178 3222 3268 3259 nos

1709 3298 1974 3350 admiscere
1991 3297 2200 3348 voluisse
2211 3335 2226 3361 ‚
2245 3310 2402 3360 neque
2416 3296 2486 3348 illi
2501 3297 2640 3348 erant
2654 3297 2723 3348 ita
2739 3297 2937 3349 animati
2955 3299 3011 3350 ut
3027 3313 3138 3350 cum
3155 3314 3266 3364 per-

1707 3407 1818 3458 egre
1838 3393 2065 3457 prosectis
2085 3393 2137 3443 et
2161 3392 2294 3442 nulla
2311 3392 2501 3443 sceleris
2517 3392 2858 3444 communione
2881 3393 3123 3457 adiunctis
3139 3432 3156 3459 ,
3180 3397 3268 3448 rei·

1704 3488 1909 3553 publicae
1949 3486 2408 3538 administrationem
2441 3488 2800 3539 communicare
2837 3489 3021 3540 vellent
3061 3508 3076 3539 ι
3097 3503 3269 3541 verum

1706 3598 1817 3635 cum
1832 3582 2067 3647 eiusmodi
2083 3583 2199 3634 viris
2216 3582 2606 3635 contumeliosius
2624 3584 2827 3648 agebant
2847 3598 2994 3649 quam
3012 3586 3272 3638 honorifice

1705 3691 1819 3729 cum
1836 3678 1893 3728 iis
1914 3679 2000 3742 qui
2019 3690 2116 3728 una
2129 3677 2407 3728 evertebant
2425 3679 2606 3728 statum
2633 3679 2930 3743 popularem.
2995 3680 3064 3744 (ο)
3089 3681 3272 3733 Deinde

1710 3787 1771 3823 ex
1796 3772 1975 3823 tabulis
2006 3772 2090 3835 qui
2124 3772 2310 3836 equites
2344 3772 2522 3822 tuerint
2543 3785 2824 3836 cognoscere
2849 3774 2975 3824 velle
3007 3774 3272 3827 absurdum

1710 3867 1813 3931 est;
1836 3866 1887 3916 in
1914 3866 2092 3929 quibus
2111 3866 2255 3916 multi
2271 3878 2371 3916 non
2393 3865 2720 3916 inscribuntur
2739 3866 2826 3929 qui
2849 3867 3059 3918 fatentur
3074 3882 3127 3919 se
3143 3883 3270 3933 equo

1708 3959 1938 4011 meruisse
1951 3996 1966 4023 ,
1990 3959 2208 4009 nonnulli
2236 3959 2380 4009 etiam
2407 3956 2736 4008 inscribuntur
2765 3972 2934 4010 eorum
2953 3961 3039 4023 qui
3078 3975 3272 4027 peregre

1708 4054 1864 4105 erant.
1901 4052 2030 4103 illud
2064 4055 2228 4103 autem
2269 4053 2342 4103 est
2375 4052 2517 4115 longe
2549 4051 2868 4102 certissimum
2892 4055 3226 4116 argumentum
3255 4074 3268 4106 ι

1712 4152 1913 4202 domum
1943 4151 2074 4201 enim
2103 4149 2284 4199 reversi
2311 4148 2590 4199 decrevistis
2605 4149 2663 4199 ut
2689 4148 2936 4212 phylarcbi
2963 4150 3159 4200 nomina
3187 4164 3274 4201 eo-

1708 4258 1818 4296 rum
1836 4244 1925 4309 qui
1939 4242 2278 4309 equitaverant
2296 4240 2563 4303 deferrent,
2585 4253 2682 4305 quo
2709 4240 2910 4305 possetis
2925 4242 2988 4292 ab
3010 4242 3079 4293 eis
3098 4244 3276 4307 stipen-

1709 4340 1788 4391 dia
1804 4339 1916 4389 data
1951 4337 2156 4401 exigere.
2183 4336 2252 4401 (7)
2290 4338 2367 4386 Me
2411 4334 2564 4398 igitur
2584 4347 2728 4385 nemo
2753 4334 3158 4387 demonstraverit
3189 4340 3277 4389 aut

1713 4436 1931 4487 delatum
1947 4447 1977 4483 a
1995 4432 2268 4498 phylarchis
2280 4432 2366 4483 aut
2381 4430 2588 4495 syndicis
2604 4430 2836 4482 traditum
2849 4468 2865 4495 ,
2885 4434 2972 4482 aut
2989 4432 3274 4497 stipendium

1710 4530 1964 4593 accepisse.
1986 4527 2051 4578 At
2067 4526 2196 4579 enim
2216 4526 2309 4577 hoc
2325 4522 2550 4575 omnibus
2567 4527 2671 4576 erat
2686 4526 2735 4576 in
2751 4526 2977 4591 promptu
2996 4526 3116 4578 scire
3126 4565 3142 4590 ,
3161 4541 3275 4592 pro-

1711 4628 1874 4689 pterea
1894 4622 2027 4689 quod
2058 4636 2251 4674 necesse
2285 4623 2374 4673 fuit
2394 4618 2684 4686 phylarchos
2702 4621 2830 4685 ipsos
2860 4620 3083 4673 mulctari
3117 4624 3169 4673 ni
3194 4637 3276 4675 eos

1712 4720 1992 4771 detulissent
2004 4721 2090 4784 qui
2105 4718 2394 4782 stipendium
2421 4718 2722 4781 acceperant.
2783 4716 2916 4768 Adeo
2937 4716 3088 4768 uthis
3101 4716 3278 4769 tabulis

1716 4817 1871 4868 multo
1878 4815 2058 4879 justius
2065 4814 2186 4869 fides
2195 4813 2466 4865 adhibenda
2478 4813 2603 4864 soret
2609 4826 2759 4877 quam
2771 4813 2866 4864 illis
2882 4832 2896 4863 ι
2913 4826 2978 4863 ex
2989 4812 3084 4863 illis
3101 4812 3278 4876 quippe

1714 4915 1891 4977 cuique
1916 4914 2000 4977 qui
2026 4912 2075 4963 id
2102 4909 2334 4975 expetivit
2362 4908 2512 4959 deleri
2544 4908 2684 4959 facile
2708 4910 2837 4971 erat,
2863 4906 2983 4957 dum
3011 4908 3061 4957 in
3093 4905 3167 4956 bis
3195 4918 3276 4955 ne·

1718 5020 1849 5059 cesse
1875 5007 1966 5058 ruit
1993 5007 2180 5071 equites
2202 5020 2232 5056 a
2251 5004 2528 5070 phylarchis
2551 5002 2741 5055 deferri.
2805 5003 2876 5067 (8)
2918 5005 3046 5053 Tum
3077 5002 3274 5063 autem,

1717 5104 1960 5154 senatores
1972 5139 1989 5165 ,
2001 5100 2051 5152 ‘si
2077 5113 2224 5164 eques
2242 5100 2436 5151 inissem
2449 5137 2465 5164 ,
2484 5112 2584 5149 non
2601 5099 2722 5150 irem
2744 5098 2920 5149 infitias
2941 5097 3078 5160 quasi
3095 5096 3278 5161 aliquid

1715 5210 1861 5261 grave
1888 5196 2213 5257 admisissem;
2236 5207 2409 5245 verum
2427 5193 2718 5257 matularem
2755 5192 2814 5243 ut
2845 5190 3155 5255 approbarer,
3183 5191 3270 5242 ubi

1716 5291 2113 5342 demonstrassem
2137 5288 2378 5339 neminem
2391 5287 2572 5338 civium
2589 5298 2618 5337 a
2637 5296 2716 5339 me
2729 5284 2954 5351 iniuriam
2969 5284 3154 5337 tulisse.
3170 5287 3278 5344 Qua
