3825 5842
116 516 306 595 (s—-nl

207 652 502 731 Μέμνησθε
529 656 622 729 δέ,
651 644 698 715 ὦ
725 654 937 736 ἄνδρες,
955 654 1035 714 ὅτι
1061 656 1152 715 καὶ
1173 660 1321 717 ταῦθ’
1357 662 1480 737 ὑμῖν
1495 682 1708 739 προσω·

135 742 422 820 μολόγηται
443 742 684 805 ἅπαντα.

59 846 108 885 20
213 852 276 891 tc.
304 832 478 913 Τρίτη
527 832 751 910 μήνυσις
798 830 1020 910 ἐγένετο.
1110 831 1180 894 Ἥ
1215 833 1345 911 γυνὴ
1381 834 1710 913 Ἀλκμαιονί-

135 920 250 992 ὅου,
299 918 558 997 γενομένη
601 918 658 978 δὲ
700 918 792 977 καὶ
818 919 1106 998 Δάμωνος,
1133 953 1194 963 -·
1215 920 1492 1003 Ἀγαρίστη
1541 921 1706 1001 ὄνομα

136 1010 266 1087 αὐτῇ
288 1049 354 1063 -
380 1005 518 1080 αὕτη
546 1006 802 1085 ἐμήνυσεν
843 1009 898 1066 ἐν
932 1011 998 1088 τῇ
1035 1007 1174 1087 οἰκία
1223 1012 1287 1089 τῇ
1321 1010 1600 1089 Χαρμίδου
1642 1014 1708 1091 τῇ

133 1096 277 1177 παρὰ
312 1095 376 1155 τὸ
402 1095 696 1173 Ὀλύμπιον
743 1096 1008 1178 μυστήρια
1042 1100 1206 1157 ποιεῖν
1240 1097 1570 1171 Ἀλκιὸιάδην
1620 1097 1711 1158 καὶ

135 1184 366 1263 Ἀξίοχον
415 1184 511 1244 καὶ
548 1184 913 1262 Ἀδείμαντον·
997 1184 1090 1245 καὶ
1111 1183 1326 1266 ἔφευγον
1352 1179 1494 1247 οὗτοι
1519 1184 1710 1255 πάντες

137 1272 224 1330 ἐπὶ
243 1269 414 1351 ταύτῃ
435 1276 506 1352 τῇ
537 1270 777 1349 μηνύσει.

217 1380 283 1421 17.
314 1356 444 1421 Ἔτι
463 1359 678 1438 μήνυσις
703 1358 904 1439 ἐγένετο
932 1360 1046 1437 μία.
1130 1360 1297 1429 Λυδὸς
1331 1364 1360 1420 6
1388 1362 1712 1443 Φερεκλέους

135 1452 228 1505 τοῦ
249 1445 562 1525 Θημακέως
583 1445 810 1524 ἐμήνυσε
837 1447 1100 1527 μυστήρια
1127 1441 1358 1528 γίνεσθαι
1384 1452 1437 1509 ἐν
1467 1454 1530 1530 τῇ
1563 1448 1704 1531 οἰκία

61 1548 112 1588 2⁵
139 1534 468 1617 Φερεκλέους
517 1539 608 1594 τοῦ
631 1536 890 1596 δεσπότου
918 1542 1011 1595 τοῦ
1049 1540 1236 1596 ἑαυτοῦ
1254 1581 1272 1610 ,
1325 1540 1377 1596 ἐν
1431 1540 1702 1618 Θημακῷ·

137 1626 226 1685 καὶ
261 1623 561 1707 ἀπογράφει
605 1622 724 1692 τούς
758 1648 816 1684 τε
845 1624 1031 1693 ἄλλους
1048 1671 1064 1700 ,
1108 1626 1199 1685 καὶ
1251 1625 1347 1685 τὸν
1374 1626 1574 1707 πατέρα
1612 1624 1709 1705 ἔφη

136 1714 224 1774 τὸν
245 1713 372 1791 ἐμὸν
401 1714 649 1793 παρεῖναι
677 1713 770 1790 μέν
792 1758 810 1789 ,
840 1714 1104 1773 καθεύδειν
1145 1712 1199 1772 δὲ
1228 1712 1706 1793 ἐγκεκαλυμμένον.

137 1801 488 1869 Σπεύσιππος
510 1800 566 1860 δὲ
588 1799 852 1881 βουλεύων
875 1800 1232 1883 παραδίδωσιν
1261 1801 1446 1869 αὐτοὺς
1465 1806 1539 1882 τῷ
1563 1804 1708 1860 δικα-

135 1892 358 1973 στηρίῳ.
387 1889 632 1951 Κᾶπειτα
663 1893 692 1949 6
712 1890 890 1972 πατὴρ
916 1889 1250 1963 καταστήσας
1275 1889 1527 1971 ἐγγυητὰς
1551 1889 1709 1974 ἐγρά-

137 1983 278 2058 ψατο
319 1980 412 2038 τὸν
435 1976 794 2039 Σπεύσιππον
830 1978 1183 2061 παρανόμων,
1211 1979 1302 2039 καὶ
1336 1978 1630 2060 ἠγωνίσατο
1656 1981 1710 2039 ἐν

135 2066 513 2147 ἑξακισχιλίοις
535 2066 814 2140 Ἀθηναίων
829 2111 846 2141 ,
863 2066 954 2127 καὶ
968 2066 1226 2144 μετέλαὸε
1249 2067 1505 2127 δικαστῶν
1527 2065 1710 2127 τοσού-

59 2170 112 2209 ιιο
133 2179 242 2214 των
271 2154 394 2215 οὐδὲ
419 2155 690 2223 διακοσίας
709 2154 908 2237 ψήφους
934 2159 962 2214 6
985 2153 1345 2223 Σπεύσιππος.
1417 2154 1486 2216 ‘0
1510 2153 1564 2215 δὲ
1585 2155 1702 2215 πεί-

140 2268 237 2313 σας
255 2251 346 2304 καὶ
371 2245 612 2324 δεόμενος
633 2248 808 2321 μεῖναι
833 2242 918 2302 τὸν
947 2242 1152 2325 πατέρα
1197 2241 1302 2322 ἐγὼ
1341 2234 1406 2315 ἦν
1441 2242 1673 2321 μάλιστα
1689 2288 1704 2317 ,

137 2324 256 2393 εἶτα
285 2333 342 2392 δὲ
367 2333 460 2391 καὶ
499 2336 548 2392 οἱ
589 2331 740 2391 ἄλλοι
787 2335 1068 2413 συγγενεῖς.
1163 2332 1252 2413 (ιε)
1297 2330 1405 2393 Καί
1439 2354 1527 2409 μοι
1560 2332 1711 2391 κάλει

141 2422 389 2483 Καλλίαν
439 2422 532 2483 καὶ
577 2420 877 2503 Στέφανον,
909 2420 1061 2480 κάλει
1100 2420 1155 2479 δὲ
1181 2420 1271 2480 καὶ
1316 2419 1591 2481 Φίλιππον
1620 2420 1711 2480 καὶ

135 2510 451 2577 Ἀλέξιππον
469 2532 484 2545 ·
567 2501 706 2571 οὗτοι
729 2508 834 2590 γάρ
845 2512 972 2569 εἰσιν
996 2509 1308 2587 Ἀκουμενοῦ
1327 2507 1418 2567 καὶ
1441 2507 1710 2589 Αὐτοκρά-

131 2623 286 2679 τορος
307 2606 572 2679 συγγενεῖς
587 2642 606 2671 ,
639 2596 688 2657 ot
707 2596 918 2679 ἔφευγον
941 2597 1027 2657 ἐπὶ
1049 2600 1114 2677 τῇ
1147 2599 1318 2659 Λυδοῦ
1347 2596 1593 2673 μηνύσει·
1612 2601 1706 2655 τοῦ

135 2680 230 2757 μὲν
257 2680 569 2761 ἀδελφιδοῦς
600 2680 739 2737 ἐστιν
774 2676 1150 2758 Αὐτοκράτωρ,
1178 2682 1269 2735 τοῦ
1295 2674 1352 2735 δὲ
1381 2678 1514 2743 θεῖος
1538 2674 1710 2736 Ἄκου·

135 2763 318 2841 μενός·
403 2754 480 2829 οἷς
504 2760 759 2843 προσήκει
777 2768 947 2839 μισεῖν
966 2758 1060 2837 μὲν
1083 2759 1169 2818 τὸν
1207 2757 1526 2827 ἐξελάσαντα
1555 2757 1705 2817 ἐκεί-

62 2872 112 2911 εε
133 2875 252 2919 νους
267 2896 286 2923 ,
309 2850 505 2911 εἰδέναι
525 2846 582 2909 δὲ
612 2848 842 2929 μάλιστα
863 2847 928 2907 δι’
947 2846 1121 2907 ὅντινα
1152 2846 1389 2929 ἔφευγον.
1471 2846 1706 2908 Βλέπετε

131 2944 202 3009 εἷς
221 2940 444 3009 τούτους
459 2985 478 3019 ,
509 2937 597 2998 καὶ
647 2941 957 3019 μαρτυρεῖτε
976 2938 1021 2995 εἷ
1041 2938 1214 3009 ἀληθῆ
1239 2934 1395 3015 λέγω.

751 3086 1087 3137 ΜΑΡΤΥΡΕΣ.

211 3243 290 3283 ιο.
312 3218 406 3282 Τὰ
433 3216 532 3297 μὲν
553 3214 806 3297 γενόμενα
827 3212 1114 3290 ἠκούσατε,
1141 3202 1186 3274 ὦ
1215 3212 1394 3295 ἄνδρες
1413 3257 1432 3293 ,
1473 3213 1565 3273 καὶ
1587 3214 1710 3293 ὑμῖν

133 3315 180 3371 οἳ
207 3310 476 3391 μάρτυρες
491 3303 979 3386 μεμαρτυρήκασιν·
1065 3302 1102 3363 ἃ
1122 3302 1176 3363 δὲ
1196 3304 1244 3363 οἱ
1266 3300 1547 3384 κατήγοροι
1566 3301 1712 3363 ἐτόλ-

135 3423 318 3478 μησαν
355 3396 548 3471 εἰπεῖν,
571 3392 955 3473 ἀναμνήσθητε.
1040 3390 1198 3453 Οὕτω
1239 3389 1340 3472 γὰρ
1381 3389 1472 3450 καὶ
1515 3390 1710 3451 δίκαιον

137 3492 518 3567 ἀπολογεῖσθαι
531 3529 547 3557 ,
601 3481 1060 3561 ἀναμιμνήσκοντα
1107 3476 1229 3547 τοὺς
1263 3483 1366 3538 τῶν
1406 3478 1711 3559 κατηγόρων

135 3578 318 3657 λόγους
363 3574 674 3653 ἐξελέγχειν.
752 3568 979 3637 ''mezu-v
1017 3568 1122 3650 γὰρ
1169 3571 1238 3636 ὣς
1273 3567 1376 3647 ἐγὼ
1419 3567 1711 3645 μηνύσαιμι

135 3666 252 3750 περὶ
279 3668 394 3725 τῶν
425 3658 723 3742 μυστηρίων
747 3704 766 3737 ,
796 3655 1166 3739 ἀπογράψαιμί
1190 3678 1248 3714 τε
1267 3655 1357 3714 τὸν
1379 3654 1588 3734 πατέρα
1620 3654 1708 3713 τὸν

137 3758 370 3835 ἐμαυτοῦ
399 3749 636 3833 παρόντα
651 3793 668 3823 ,
690 3746 782 3808 καὶ
798 3746 1041 3828 γενοίμην
1055 3744 1287 3823 μηνυτὴς
1313 3742 1452 3803 κατὰ
1473 3748 1564 3802 τοῦ
1599 3766 1707 3801 πα-

65 3864 114 3902 to
137 3844 252 3925 τρὸς
277 3847 376 3903 τοῦ
427 3842 691 3917 ἐμαυτοῦ,
733 3834 886 3915 λόγον
918 3824 1070 3913 οἶμαι
1093 3832 1305 3891 πάντων
1331 3829 1624 3890 δεινότατόν
1652 3856 1709 3889 τε

139 3934 226 3994 καὶ
267 3927 630 3991 ἀνοσιώτατον
661 3925 916 4005 λέγοντες.
1009 3922 1075 3983 Ὁ
1122 3919 1218 4000 μὲν
1255 3919 1355 4001 γὰρ
1399 3919 1711 4001 ἀπογράψας

139 4022 290 4083 αὐτὸν
325 4017 505 4085 Λυδὸς
527 4006 590 4088 ἦν
614 4018 644 4073 6
691 4010 1044 4094 Φερεκλέους,
1072 4014 1100 4070 6
1129 4008 1185 4069 δὲ
1215 4008 1401 4077 πείσας
1433 4011 1710 4085 ὑπομεῖναι

137 4111 228 4171 καὶ
255 4110 334 4189 μὴ
361 4105 606 4187 οἴχεσθαι
634 4102 887 4183 φεύγοντα
912 4098 1048 4179 ἐγώ,
1089 4096 1262 4158 πολλὰ
1300 4095 1573 4165 ἱκετεύσας
1619 4097 1710 4157 καὶ

138 4196 548 4277 λαμβανόμενος
565 4196 669 4252 τῶν
703 4190 957 4269 γονάτων.
983 4190 1074 4267 (so)
1101 4182 1290 4249 Καίτοι
1311 4183 1362 4244 τί
1385 4184 1674 4262 ἐδουλόμην
1693 4229 1708 4258 ,

141 4291 184 4347 εἰ
209 4286 462 4365 ἐμήνυσα
479 4280 578 4359 μὲν
608 4278 748 4341 κατὰ
771 4285 862 4338 τοῦ
890 4276 1112 4359 πατρός,
1139 4278 1210 4343 ὡς
1229 4268 1369 4335 οὗτοί
1389 4297 1544 4355 φασιν
1560 4319 1578 4352 ,
1605 4271 1708 4333 ἱκέ-

86 4384 118 4434 4
142 4397 285 4435 τευον
309 4374 372 4433 δὲ
394 4370 486 4431 τὸν
511 4366 716 4449 πατέρα
745 4364 993 4445 μείναντά
1021 4389 1075 4424 τι
1100 4366 1284 4423 παθεῖν
1321 4362 1410 4421 ὑπ’
1432 4364 1578 4441 ἐμοῦ,
1620 4364 1708 4422 καὶ

143 4468 170 4523 6
209 4463 394 4544 πατὴρ
443 4458 657 4531 ἐπείσθη
689 4457 870 4535 ἀγῶνα
905 4459 1132 4514 τοιοῦτον
1161 4448 1542 4531 ἀγωνίσασθαι,
1578 4452 1629 4509 ἐν
1661 4440 1706 4531 ᾧ

145 4554 280 4611 δυοῖν
309 4559 430 4610 τοῖν
467 4546 733 4625 μεγίστοιν
779 4545 960 4603 κακοῖν
989 4543 1082 4601 οὔκ
1105 4531 1168 4613 ἦν
1197 4542 1336 4620 αὐτῷ
1363 4537 1646 4619 ἁμαρτεῗν;
1673 4536 1708 4609 ἢ

143 4642 244 4723 γὰρ
291 4643 428 4717 ἐμοῦ
458 4634 698 4703 δόξαντος
722 4630 790 4692 τὰ
823 4631 946 4691 ὄντα
983 4633 1213 4708 μηνῦσαι
1239 4627 1356 4688 κατ’
1381 4626 1576 4686 ἐκείνου
1619 4625 1708 4685 ὑπ’

143 4731 272 4805 ἐμοῦ
297 4720 670 4796 ἁποθανεῖν,ἣ
704 4723 846 4801 αὐτῷ
867 4718 1081 4781 σωθέντι
1103 4716 1197 4794 ἐμὲ
1235 4717 1573 4825 ἀποκτεῖναι.’
1640 4714 1708 4777 Ὁ

99 4802 788 4977 asum*
809 4896 877 4956 ι
897 4805 1068 4977 esi}
1102 4806 1572 4882 ἀ·
1601 4826 1708 4969 ‘113

149 4992 211 5064 δὴ
237 4990 395 5053 τοῦτό
418 5014 480 5071 γε
507 4989 790 5049 ἐπίστασθε
807 4984 998 5052 πάντες
1013 5029 1030 5058 ,
1045 4982 1125 5042 ὅτι
1147 4980 1348 5054 ἐσώθην
1369 4979 1460 5041 καὶ
1487 4982 1592 5059 ἐγὼ
1617 4979 1709 5039 καὶ

147 5086 175 5141 6
193 5083 318 5159 ἐμὸς
343 5078 529 5159 πατήρ
549 5098 564 5111 ·
647 5066 754 5138 οἶόν
783 5078 842 5135 τε
863 5076 908 5133 δ’
933 5076 1027 5134 οὔκ
1051 5063 1140 5144 ἦν,
1169 5070 1316 5152 εἴπερ
1349 5068 1452 5146 ἐγὼ
1479 5067 1709 5146 μηνυτὴς

149 5170 402 5247 ἐγενόμην
431 5166 552 5249 περὶ
578 5170 672 5227 τοῦ
711 5162 942 5243 πατρός,
971 5163 1090 5235 ᾄλλ’
1115 5156 1152 5230 ἢ
1184 5158 1277 5238 ἐμὲ
1308 5156 1343 5229 ἢ
1375 5159 1568 5216 ἐκεῖνον
1605 5156 1709 5215 ἔδει

147 5262 447 5317 ἀποθανεῖν.
531 5254 618 5336 (21)
648 5252 797 5333 Φέρε
823 5249 886 5323 δὴ
919 5249 1114 5323 τοίνυν,
1149 5249 1195 5307 εἷ
1223 5244 1314 5307 καὶ
1343 5244 1520 5327 πατὴρ
1555 5242 1707 5304 3606-

143 5348 262 5407 λετο
281 5344 573 5425 ὑπομένειν,
590 5342 710 5409 τοὺς
730 5339 910 5423 φίλους
929 5338 991 5398 ἂν
1010 5336 1174 5398 οἴεσθε
1191 5336 1228 5409 ἢ
1251 5334 1546 5416 ἐπιτρέπειν
1563 5334 1706 5411 αὐτῷ

1151 532 1560 595 ANooctms
1603 535 1870 630 ons-pu
1911 538 2353 602 MYSTERns.
3273 564 3338 613 ει

1805 677 1814 685 ·
1863 673 2145 725 Meministis
2179 675 2373 739 utique,
2393 676 2513 739 viri,
2544 678 2691 730 etiam
2720 680 2827 731 haec
2852 682 3013 733 otnnia
3039 694 3201 731 coram
3225 683 3359 735 vobis

1799 762 2176 814 confessionibus
2198 777 2301 815 esse
2320 766 2619 818 confirmata.

1865 856 1939 901 16.
1974 852 2137 902 Tertia
2152 854 2259 903 tum
2278 854 2403 905 facta
2420 855 2495 906 est
2516 855 2651 907 istoec
2666 858 2907 911 indicatio.
2936 860 3125 924 Mulier,
3149 862 3360 925 Agat-ista

1799 940 1993 989 nomine
2004 977 2018 1003 ‚
2039 955 2151 1005 quae
2168 956 2312 1005 penes
2328 944 2701 997 Alcmoeonidem
2724 961 2855 998 nunc
2872 950 3010 999 estin
3034 950 3361 1015 matrimonio,

1797 1028 1916 1077 olim
1959 1042 2106 1091 penes
2130 1034 2395 1082 Damonem
2430 1034 2547 1098 fuit,
2572 1035 2679 1085 boec
2703 1034 2848 1099 igitur
2866 1036 3093 1087 iudicavit
3108 1076 3125 1101 ,
3142 1040 3193 1089 tn
3216 1038 3363 1089 domo

1798 1115 2072 1167 Charmidoe
2084 1154 2099 1180 ,
2127 1131 2239 1181 quoe
2256 1132 2404 1182 prope
2436 1122 2604 1172 fanum
2638 1123 2920 1185 Olympium
2942 1128 3042 1188 est,
3070 1126 3359 1177 Alcibiadem

1800 1216 1937 1255 sacra
1958 1218 2131 1255 armna
2156 1207 2377 1257 factitare
2400 1222 2491 1259 nec
2520 1224 2618 1259 non
2648 1211 2921 1264 Axiocnum
2944 1214 2993 1263 et
3016 1211 3367 1279 Adimantum-23

1797 1291 1966 1341 abbae
1980 1292 2267 1344 indicatione
2288 1296 2435 1345 etiam
2458 1297 2507 1346 hi
2524 1299 2831 1359 aufugerunt.
3162 1314 3167 1317 ·

1865 1384 1938 1430 17.
1968 1384 2075 1430 Una
2110 1382 2271 1431 adhue
2296 1386 2511 1446 superest
2546 1384 2788 1437 indicatio.
2857 1388 3019 1450 Lydus
3054 1390 3159 1439 erat
3192 1402 3360 1440 servus

1800 1448 2037 1501 Phereclis
2062 1452 2446 1505 Tbemaciensis:
2480 1454 2558 1503 liic
2580 1455 2833 1518 indicavit,
2866 1459 2917 1508 in
2941 1457 3087 1508 domo
3123 1459 3361 1509 Phereclis

1799 1519 1900 1569 lieri
1918 1520 1994 1571 sui
2024 1522 2072 1571 iu
2090 1524 2329 1573 'rhemaco
2351 1537 2486 1575 sacra
2516 1526 2642 1575 clam
2674 1528 2902 1591 mysteria
2916 1530 2993 1591 agi
3004 1547 3019 1592 ;
3035 1530 3223 1593 aliaque
3236 1530 3361 1579 inter

1798 1592 1993 1643 nomina
2007 1594 2069 1645 ab
2086 1595 2190 1657 ipso
2207 1594 2333 1644 edita
2350 1595 2444 1645 mei
2464 1610 2659 1660 quoque
2675 1598 2824 1661 patris
2836 1612 3012 1649 nomen
3025 1600 3199 1663 edidit,
3213 1614 3359 1664 quem

1797 1666 1921 1717 dixit
1942 1668 2213 1721 interfuisse
2230 1671 2425 1735 quidem
2437 1709 2452 1735 ,
2486 1672 2571 1723 sed
2590 1674 2736 1737 pallio
2767 1676 3044 1726 involutum
3061 1676 3358 1727 dormivisse.

1797 1744 2116 1809 Speusippus,
2140 1748 2247 1796 tum
2274 1750 2482 1808 senator,
2506 1747 2591 1797 bos
2614 1760 2644 1797 ε
2660 1749 2795 1812 Lydo
2812 1750 3046 1801 indicatos
3058 1751 3243 1813 judicio
3265 1754 3360 1803 tra·

1797 1817 1957 1870 debat.
2022 1824 2204 1873 Verum
2226 1823 2380 1885 pater,
2402 1823 2527 1873 datis
2547 1823 2785 1887 vadibus,
2808 1826 3049 1877 actionem
3062 1827 3111 1877 in
3133 1830 3358 1893 Speusip·

1797 1906 1912 1955 pum
1942 1894 2219 1947 ordiebatur
2248 1910 2310 1947 ex
2331 1896 2473 1947 titulo
2488 1909 2740 1960 processus
2769 1902 2937 1949 contra
2964 1901 3221 1952 formulam
3239 1902 3361 1965 iuris

1799 1968 1998 2019 forensis
2028 1970 2195 2034 equod
2228 1974 2471 2022 certamen
2510 1972 2561 2021 in
2586 1985 2810 2023 consessu
2841 1975 3019 2025 civium
3045 1977 3198 2027 sexies
3229 1979 3361 2029 mill-e

1797 2042 2095 2094 decertatum
2114 2047 2214 2108 est;
2233 2060 2331 2109 quo
2354 2061 2383 2098 e
2394 2049 2531 2097 tanto
2548 2060 2751 2097 numero
2770 2050 3061 2113 Speusippus
3074 2065 3135 2101 ne
3151 2052 3359 2105 ducenta

1797 2117 1994 2179 quidem
2012 2120 2125 2170 tulit
2147 2121 2385 2185 suffragia.
2450 2125 2516 2172 Ut
2533 2124 2698 2172 autem
2724 2124 2859 2185 pater
2891 2124 2941 2172 in
2962 2124 3082 2173 urbe
3112 2126 3357 2188 maneret,

1797 2208 1884 2257 ego
1905 2195 2122 2259 inprimis
2138 2199 2423 2249 auctoritate
2447 2212 2553 2249 meu
2572 2198 2889 2262 precibusque
2912 2199 2975 2249 ab
3002 2213 3061 2249 eo
3080 2200 3357 2263 impetravi,

1797 2271 2135 2323 accedentibus
2164 2286 2225 2323 eo
2254 2275 2459 2324 aliorum
2486 2287 2682 2337 quoque
2716 2277 3032 2338 cognatorum
3062 2274 3356 2325 cohortatio·

1797 2345 1956 2397 nibus.
2018 2347 2119 2410 (18)
2152 2350 2258 2399 cita
2283 2351 2340 2399 tu
2374 2349 2496 2399 mibi
2517 2350 2719 2400 Calliam
2748 2350 2799 2399 et
2824 2349 3144 2411 Stephanum,
3171 2349 3221 2399 et
3244 2348 3355 2398 Phi·

1797 2418 1981 2483 lippum
2018 2424 2067 2473 et
2084 2422 2370 2487 Alexippum
2406 2426 2554 2475 :sunt
2589 2426 2717 2475 enim
2752 2424 2802 2474 hi
2832 2423 3018 2487 cognati
3050 2422 3281 2474 Acumeni
3308 2424 3359 2472 et

1797 2498 2151 2559 Autocratoris,
2177 2497 2261 2560 qui
2283 2496 2549 2547 secundum
2582 2496 2699 2560 Lydi
2719 2495 2945 2546 indicium
2963 2496 3214 2558 fugerunt3
3234 2497 3358 2545 alte·

1797 2569 1897 2619 rius
1914 2570 2043 2619 enim
2062 2570 2293 2636 [Gallice]
2312 2585 2340 2621 e
2370 2572 2516 2622 fratre
2534 2571 2629 2636 [vel
2642 2570 2823 2635 sorore]
2856 2583 3003 2633 nepos
3020 2572 3093 2620 εει
3118 2571 3355 2621 Autocra-

1796 2643 1891 2703 tor,
1912 2642 2108 2693 alterius
2119 2646 2283 2694 autem
2298 2643 2595 2709 [Stephani]
2610 2646 2881 2695 avunculus
2896 2647 2970 2695 est
2990 2644 3100 2709 [vel
3122 2646 3357 2711 patruus]

1771 2752 1778 2759 .
1798 2720 2071 2768 Acumenus
2102 2738 2113 2769 :
2138 2732 2261 2782 quos
2282 2730 2372 2782 par
2388 2720 2488 2781 est,
2508 2720 2565 2769 ut
2580 2718 2737 2769 odisse
2757 2733 2872 2770 eum
2895 2720 2981 2783 qui
2998 2722 3226 2782 cognatos
3246 2734 3357 2773 suos

1795 2789 1911 2841 hinc
1924 2792 2125 2855 expulit,
2140 2794 2207 2843 ita
2224 2795 2407 2855 optime
2424 2806 2619 2856 quoque
2638 2807 2754 2844 eum
2770 2806 2911 2845 nosse
2922 2807 3006 2857 per
3020 2808 3169 2857 quem
3184 2795 3279 2846 illis
3292 2808 3357 2847 ex

1809 2865 1931 2917 urbe
1954 2866 2231 2930 aufugiendi
2260 2867 2517 2919 necessitas
2544 2868 2737 2919 admota
2764 2869 2871 2919 fuit.
2909 2869 3169 2921 intuemini
3202 2883 3286 2920 vos
3306 2871 3357 2919 in

1799 2942 1971 2993 horum
1990 2942 2281 3008 [judicum]
2300 2945 2492 3009 vultus,
2519 2945 2569 2995 et
2594 2945 2835 2995 testamini
2848 2982 2866 3009 ,
2884 2960 3003 2996 num
3027 2960 3145 2997 vera
3170 2947 3357 3011 loquar.

2452 3086 2701 3136 TESTES.

1865 3230 1941 3277 19.
1962 3226 2109 3277 Facta
2132 3224 2335 3276 audistis
2343 3261 2361 3290 ,
2378 3224 2497 3289 viri,
2518 3238 2581 3276 ex
2596 3232 2677 3277 me
2698 3226 2748 3287 et
2765 3240 2793 3277 e
2812 3227 3010 3279 testium
3031 3227 3356 3281 confirmatio·

1797 3315 1941 3367 nibus
1972 3316 2309 3367 :accusatores
2326 3317 2490 3366 autem
2512 3329 2625 3380 quae
2645 3316 2887 3380 dixerint,
2902 3317 3233 3369 recordamini.
3284 3321 3355 3371 lta

1797 3406 1927 3456 enim
1948 3418 2035 3469 psr
2064 3408 2137 3455 est
2152 3404 2487 3457 defendentem
2504 3418 2557 3457 se
2572 3419 2733 3469 gerere
2745 3443 2761 3470 ,
2780 3408 2837 3458 ut
2856 3420 3031 3471 nempe
3045 3444 3061 3471 ,
3089 3421 3241 3473 quum
3260 3408 3379 3459 ert-r

1799 3494 2083 3545 minutiones
2112 3494 2447 3545 accusatorum
2474 3493 2719 3557 judicibus
2756 3494 2808 3544 in
2844 3496 3125 3545 memoriam
3152 3509 3356 3547 revoca-

1799 3582 1949 3646 verit,
1970 3584 2077 3633 tum
2099 3582 2297 3633 demum
2314 3596 2396 3634 cas
2412 3584 2605 3635 refutet.
2670 3582 2983 3635 Affirmarunt
3007 3584 3264 3649 nimirum,
3297 3584 3357 3635 de

1795 3671 1945 3723 sacris
1976 3673 2164 3723 arcanis
2204 3685 2285 3722 me
2314 3672 2572 3735 indicasse,
2606 3674 2657 3723 et
2680 3672 2732 3721 in
2766 3672 3042 3739 nominibus
3076 3686 3242 3723 eorum
3271 3675 3356 3737 qul

1797 3760 2149 3823 interfuissent,
2188 3761 2335 3825 patris
2366 3773 2563 3824 quoque
2588 3773 2765 3810 nomen
2804 3760 3075 3811 exhibuisse
3104 3780 3117 3811 ε
3151 3762 3221 3811 sic
3254 3764 3356 3812 fac·

1797 3851 1903 3900 tum
1928 3862 2008 3901 me
2025 3862 2127 3901 esse
2148 3849 2355 3901 iudicem
2386 3848 2535 3912 patris
2560 3868 2571 3899 ε
2596 3860 2710 3911 quse
2734 3848 2949 3910 profecto
2967 3849 3040 3896 est
3061 3846 3355 3897 atrocissime

1796 3939 2013 3989 omnium
2038 3939 2187 4000 atque
2212 3936 2546 3987 scelestissima
2565 3936 2736 3986 oratio.
2802 3936 2925 3985 Nam
2945 3934 3030 3997 qui
3054 3947 3230 3985 nomen
3252 3935 3355 3997 ejus

1795 4026 1998 4090 detulit,
2016 4027 2059 4077 is
2078 4025 2239 4087 Lydus
2254 4026 2346 4076 fuit
2368 4023 2603 4075 Pliereclis
2618 4035 2785 4073 servus
2802 4040 2814 4071 τ
2834 4022 2994 4085 fugere
3011 4024 3175 4071 autem
3190 4022 3356 4073 volen-

1797 4118 1895 4166 tem
1913 4116 2101 4179 patrem
2118 4127 2205 4177 ego
2222 4112 2396 4163 retinui
2417 4112 2583 4161 multis
2605 4110 2827 4173 precibus
2838 4144 2853 4170 ,
2872 4108 2932 4157 ad
2952 4121 3104 4171 genua
3120 4108 3223 4171 ejus
3238 4122 3353 4171 sup·

1796 4207 1908 4270 plex
1927 4204 2201 4255 advolutus.
2238 4202 2336 4265 (20)
2357 4198 2505 4261 Atqui
2528 4196 2647 4260 quid
2662 4195 2783 4247 mihi
2811 4195 3067 4245 voluissem
3088 4194 3129 4246 si
3146 4194 3275 4259 ipse,
3297 4198 3353 4246 ut

1797 4294 1874 4345 isti
1887 4293 2061 4357 agunt,
2096 4292 2279 4353 patrem
2307 4287 2614 4347 indicassem,
2644 4283 2945 4346 eundemque
2966 4284 3166 4347 supplex
3196 4296 3357 4346 rogas-

1796 4396 1927 4446 sem,
1948 4382 2005 4431 ut
2024 4379 2239 4430 maneret
2266 4378 2315 4427 et
2332 4375 2467 4440 perdi
2489 4388 2539 4425 se
2558 4387 2587 4423 s
2608 4386 2687 4423 me
2712 4373 2990 4435 pateretur?
3013 4374 3111 4423 Aut
3123 4372 3244 4435 quid
3254 4386 3359 4437 spe·

1794 4473 1932 4523 ctans
1962 4472 2116 4535 pater,
2146 4465 2370 4531 precibus
2398 4464 2517 4515 mets
2544 4462 2730 4523 victus,
2754 4460 2805 4510 in
2838 4460 3073 4524 ejusmodi
3109 4463 3353 4511 certamen

1794 4560 2071 4622 descendit,
2090 4558 2139 4608 in
2158 4570 2257 4621 quo
2274 4556 2430 4606 facere
2460 4565 2558 4603 non
2576 4551 2766 4615 poterat
2796 4550 3056 4614 quominus
3078 4550 3129 4599 in
3146 4549 3355 4601 duorum

1795 4650 2037 4699 mulorum
2057 4646 2265 4697 alterum
2290 4642 2588 4693 incurreret:
2616 4640 2703 4689 aut
2727 4638 2857 4689 enim
2891 4652 2979 4701 ego
3004 4650 3173 4689 necem
3198 4638 3244 4689 ei
3274 4652 3355 4689 ne-

1796 4736 2000 4789 cessario
2017 4746 2276 4798 parassem,
2292 4732 2331 4783 si
2353 4731 2483 4781 visus
2498 4730 2695 4781 fuissem
2709 4740 2821 4777 vera
2835 4726 3086 4789 detulisse3
3104 4728 3191 4777 aut
3211 4726 3355 4777 abso·

1796 4826 1930 4876 lutus
1940 4824 2021 4873 ille
2036 4820 2156 4873 mibi
2173 4832 2341 4871 necem
2354 4818 2609 4869 attulisset.
2675 4820 2773 4867 Lex
2788 4816 2917 4865 enim
2930 4814 3000 4865 sic
3020 4813 3165 4865 edicit
3182 4834 3195 4863 ι
3210 4813 3355 4865 indici

1797 4915 1953 4965 ratam
1974 4910 2420 4973 esseirnpunitatem
2433 4944 2448 4970 ,
2468 4906 2507 4956 si
2526 4918 2639 4955 vera
2662 4904 2771 4968 quis
2786 4902 3096 4964 indicaverit3
3120 4903 3194 4953 sin
3214 4902 3351 4964 salsa,

1797 5001 2103 5053 moriendum
2119 4998 2209 5062 ipsi
2237 5010 2356 5047 esse.
2420 4998 2531 5046 Jam
2558 4994 2677 5044 certi
2700 4994 2813 5043 estis
2842 5006 2931 5041 vos
2956 5004 3151 5052 omnes,
3178 5001 3354 5051 meque

1797 5094 2080 5155 patremque
2092 5087 2251 5139 salvos
2272 5084 2441 5135 abiisse
2466 5104 2478 5134 z
2499 5083 2551 5133 id
2566 5080 2699 5145 quod
2718 5080 2823 5131 fieri
2848 5079 2985 5129 nullo
3006 5077 3152 5127 modo
3168 5074 3352 5138 potuis·

1796 5181 1895 5241 set,
1914 5178 1957 5229 si
1974 5190 2061 5240 ego
2088 5176 2273 5239 patrem
2307 5171 2581 5223 detulissem
2614 5189 2626 5220 ι
2653 5182 2711 5219 eo
2743 5168 2871 5218 euim
2890 5166 3016 5215 facto
3035 5175 3225 5212 neccsse
3252 5163 3353 5211 uti·

1794 5278 1891 5329 que
1909 5262 2073 5313 fuisset
2090 5261 2175 5311 aut
2186 5271 2299 5311 eum
2316 5258 2403 5307 aut
2415 5268 2495 5305 me
2502 5256 2775 5305 extremum
2788 5250 2886 5314 pati
2898 5244 3202 5311 supplicium.
3251 5245 3352 5308 (21)

1795 5350 1890 5399 Fac
1909 5348 2099 5406 tamen,
2118 5344 2303 5407 patrem
2322 5352 2515 5391 manere
2534 5337 2742 5387 voluisse
2770 5370 2780 5384 .
2802 5328 3141 5382 existimatisne
3154 5363 3167 5389 ,
3192 5340 3354 5389 passu-

3154 5418 3197 5457 4.
