3825 5842
1327 387 1755 455 ‚isocRATls
1802 387 2213 447 EPISTOLAE.
2263 398 2317 447 8.

3214 396 3327 447 295

143 526 424 604 διελέχθην
475 524 594 583 οὔτε
631 522 850 595 συνήθης
891 522 1158 599 ἐγενόμην,
1199 518 1508 585 ἀκούσαντες
1547 522 1708 576 ταῦτα
1735 536 1770 577 c
1798 524 2051 586 impetrare
2072 525 2341 585 studerem;
2366 523 2455 573 hac
2473 524 2775 573 excusatione
2791 524 2953 573 audita
2968 525 3174 587 rogando
3195 524 3345 573 multo

139 614 282 671 πολὺ
311 613 513 690 μᾶλλον
548 611 844 691 ἐλιπάρουν.
878 612 945 686 (2)
977 610 1076 677 Ὣς
1107 610 1150 666 δ’
1191 606 1336 666 οὐδὲν
1371 608 1542 671 αὐτοῖς
1573 605 1706 663 ἀπέ-

141 704 328 760 ὅαινεν
357 694 428 760 ῶν
457 702 692 773 ἤλπιζον,
713 699 908 757 ἅπασιν
925 690 1058 771 ἦσαν
1078 698 1388 776 καταφανεῖς
1403 699 1576 767 ἀηδῶς
1591 696 1710 751 δια-

138 792 380 865 κείμενοι
405 788 498 847 καὶ
531 790 776 866 χαλεπῶς
803 786 1057 866 φέροντες.
1139 784 1308 863 Ὁρῶν
1337 786 1383 841 δ’
1409 780 1591 847 αὐτοὺς
1614 784 1708 839 λυ-

137 900 246 935 που
255 876 439 953 μένους
467 878 664 952 μᾶλλον
689 880 778 933 τοῦ
816 873 1187 951 προσήκοντος,
1210 874 1458 929 τελευτῶν
1483 869 1706 947 ὑπεσχό-

137 987 250 1037 μην
274 962 498 1043 γράψειν
523 960 618 1032 τὴν
645 960 920 1031 ἐπιστολὴν
945 960 1035 1018 καὶ
1058 960 1282 1038 πέμψειν
1319 962 1458 1034 ὑμῖν.
1540 956 1708 1033 Ὑπὲρ

140 1049 243 1124 μὲν
294 1042 382 1107 οὖν
433 1054 523 1107 τοῦ
557 1047 631 1124 μὴ
667 1048 876 1113 δικαίως
910 1046 972 1105 ἂν
1001 1048 1167 1105 δοκεῖν
1209 1045 1382 1125 μωρὸς
1419 1036 1548 1103 εἶναι
1582 1045 1705 1121 μηδ’

137 1136 374 1215 ὀχληρὸς
395 1136 539 1193 ταῦτ’
567 1133 676 1213 ἔχω
702 1134 890 1213 λέγειν.

221 1246 270 1283 3.
315 1223 582 1300 Ἧγοῦμαι
604 1222 658 1280 δὲ
681 1224 854 1288 καλῶς
875 1225 1010 1298 ὑμᾶς
1044 1220 1413 1299 βεὸουλεῦσθαι
1441 1219 1532 1277 καὶ
1559 1220 1704 1277 διαλ-

1799 612 1947 671 magis
1970 612 2146 662 instare
2188 615 2449 674 coeperunt.
2516 614 2583 672 (2)
2634 612 2724 661 Ubi
2763 624 2873 662 vero
2904 626 2989 674 spe
3028 626 3113 661 sua
3150 627 3344 676 prorsus

1796 698 2162 759 frustrabantur,
2184 699 2407 748 omnibus
2434 698 2690 761 apparebat
2706 710 2789 747 eos
2810 699 2931 747 affici
2964 699 3180 749 molestia
3202 706 3251 749 et
3274 714 3347 749 re·

1795 786 1979 847 pulsam
2000 786 2205 846 graviter
2228 786 2363 835 serre.
2388 790 2546 843 Quum
2572 789 2727 835 autem
2744 800 2825 835 eos
2836 788 3165 836 vehementius
3183 787 3345 837 dolere

1797 872 2005 922 viderem
2039 886 2185 935 quam
2208 873 2429 933 decebat,
2462 876 2703 936 postremo
2726 874 2963 936 pollicitus
2986 888 3095 924 sum
3125 888 3200 924 me
3224 876 3347 923 lianc

1795 960 2043 1022 epistolam
2054 962 2369 1023 scripturum,
2385 962 2510 1011 etad
2533 976 2619 1011 vos
2642 963 2897 1011 missurum
2916 976 3037 1011 esse.
3068 967 3223 1024 Atque
3244 962 3347 1010 lroec

1796 1048 1947 1097 liabeo
1964 1062 2073 1109 quae
2094 1048 2247 1097 dicam
2260 1083 2275 1109 ,
2296 1062 2357 1097 ne
2373 1049 2481 1110 jure
2503 1064 2533 1099 a
2554 1049 2693 1099 vobis
2718 1050 2933 1099 stultitiae
2956 1053 3041 1099 aut
3068 1050 3348 1112 importuni-

1797 1134 1908 1183 tatis
1931 1148 2143 1185 accuser.

1855 1226 1902 1269 3.
1936 1221 2150 1270 Arbitror
2170 1224 2339 1270 autem
2356 1234 2441 1271 vos
2476 1223 2735 1286 prudenter
2752 1223 2944 1283 fecisse,
2964 1224 3115 1285 quiet
3136 1236 3247 1273 cum
3278 1223 3345 1273 ci·

67 1328 112 1366 ιο
137 1310 498 1387 λειπομένους
535 1318 642 1375 τοῖς
677 1308 912 1375 πολίταις
949 1316 1056 1375 τοῖς
1082 1309 1344 1387 ὑμετέροις
1360 1352 1375 1378 ,
1399 1306 1488 1365 καὶ
1514 1329 1701 1385 πειρω·
1725 1303 1768 1365 d
1794 1323 1931 1372 vibus
1948 1325 2116 1372 vesti-is
2138 1324 2187 1371 in
2222 1325 2417 1385 gratiam
2444 1325 2705 1385 redieritis,
2742 1329 2790 1373 et
2822 1338 3012 1387 operam
3038 1325 3263 1377 dederitis
3288 1330 3343 1376 ιιι

69 1768 114 1803 tt>

139 1398 331 1473 μένους
388 1396 503 1463 τοὺς
559 1395 652 1471 μὲν
709 1394 989 1476 φεύγοντας
1039 1395 1238 1471 ὀλίγους
1282 1402 1446 1453 ποιεῖν
1492 1392 1608 1458 τοὺς
1651 1390 1704 1451 δὲ

140 1483 687 1561 συμπολιτευομένους
713 1482 934 1549 πολλούς
954 1527 971 1558 ‚
1001 1482 1090 1540 καὶ
1122 1481 1466 1559 μιμουμένους
1493 1480 1558 1538 τὰ
1585 1480 1704 1561 περὶ

138 1574 238 1641 τὴν
267 1572 452 1630 στάσιν
485 1570 577 1640 τὴν
607 1568 757 1627 πόλιν
783 1569 880 1640 τὴν
907 1568 1182 1650 ἡμετέραν.
1289 1570 1534 1628 Μάλιστα
1566 1570 1608 1624 δ’
1641 1566 1702 1624 ἄν

139 1685 218 1725 τις
247 1664 386 1734 ὑμᾶς
423 1656 754 1729 ἐπαινέσειεν,
783 1655 860 1713 ὅτι
887 1658 991 1723 τοῖς
1017 1660 1279 1714 κατιοῦσιν
1313 1656 1583 1713 ἀποδίδοτε
1609 1652 1703 1724 τὴν

139 1747 344 1805 οὐσίαν·
374 1744 726 1803 ἐπιδείκνυσθε
756 1744 855 1822 γὰρ
887 1743 978 1801 καὶ
1006 1745 1198 1801 ποιεῖτε
1228 1752 1359 1800 πᾶσι
1387 1744 1603 1822 φανερὸν
1634 1746 1704 1808 ὡς

144 1838 202 1893 οὐ
235 1838 342 1891 τῶν
372 1832 654 1909 κτημάτων
683 1831 1090 1906 ἐπιθυμήσαντες
1117 1834 1218 1888 τῶν
1251 1830 1548 1910 ἀλλοτρίων,
1585 1831 1702 1887 ἀλλ’

1791 1427 1985 1476 exulum
2008 1442 2235 1477 numerus
2254 1430 2511 1491 minuatur,
2526 1429 2702 1479 civium
2729 1430 2877 1490 major
2894 1429 2993 1493 fiat,
3014 1434 3061 1479 et
3078 1430 3126 1479 in
3151 1432 3241 1479 ista
3267 1444 3344 1479 se-

1791 1530 1969 1579 ditione
1988 1530 2117 1581 urbls
2136 1536 2311 1581 nostras
2331 1532 2601 1595 exemplum
2620 1533 2884 1583 imitemini.
2948 1534 3071 1582 Illud
3104 1538 3260 1583 autem
3296 1534 3343 1581 in

1793 1635 1957 1696 primis
1982 1634 2121 1683 laude
2142 1635 2339 1697 dignum
2358 1639 2454 1697 est,
2474 1635 2603 1699 quod
2622 1637 2844 1687 exulibus
2874 1644 3063 1699 ereptas
3097 1650 3213 1700 opes
3250 1650 3347 1686 una

1791 1750 1900 1786 cum
1920 1738 2071 1800 patria
2094 1740 2358 1789 restituitis.
2426 1740 2689 1789 ostenditis
2722 1740 2845 1789 enim
2864 1742 2913 1789 et
2930 1740 3155 1791 omnibus
3188 1740 3343 1791 decla·

1791 1844 1906 1891 natis
1923 1857 2009 1893 vos
2027 1858 2123 1893 non
2144 1844 2402 1893 alienarum
2421 1858 2568 1906 opum
2586 1844 2847 1907 eupiditate
2878 1845 3131 1907 impulsos,
3154 1846 3240 1894 sed
3258 1846 3348 1894 rei·

51 1922 280 2000 43)·5ὓπὲρ
309 1925 406 1991 τῆς
445 1921 644 1985 πόλεως
687 1920 944 1987 δείσαντες
991 1919 1304 1987 ἐποιήσασθε
1341 1918 1438 1994 ἲῆ*
1484 1916 1700 1989 32:60in
1729 1930 1766 1969 a
1793 1947 1997 2010 publicae
2016 1952 2279 1999 metuentes
2296 1950 2416 1999 urbe
2440 1962 2523 1999 eos
2557 1950 2767 2011 eiecisse.
2837 1949 2903 2012 (4)
2923 1953 3129 2011 Verium,
3158 1950 3347 1999 etiamsi

67 2204 118 2241 :20
145 2184 344 2257 νομίζω
381 2184 658 2261 συμφέρειν
699 2180 818 2256 ὑμῖν
861 2179 1125 2256 κατάγειν.

77 2636 130 2672 25
147 2615 392 2685 τοιαύτης
425 2616 624 2682 πόλεως
641 2661 657 2692 ,
688 2614 778 2673 καὶ
811 2615 929 2681 τοὺς
959 2614 1053 2691 μὲν
1082 2615 1267 2681 ἄλλους
1291 2612 1558 2686 υΕλληνας
1587 2616 1702 2683 τοὺς
1725 2601 1772 2663 b

75 3068 128 3104 ευ
146 3051 429 3121 Θαυμάζω
449 3050 513 3121 δ’,
539 3048 656 3107 ὅσαι
681 3053 780 3107 τῶν
802 3047 1001 3106 πόλεων
1021 3047 1266 3124 μειζόνων
1287 3050 1490 3127 δωρεῶν
1510 3050 1705 3117 ἀξιοῦσι
1793 3086 1872 3121 ms
1911 3074 2165 3135 inquilinos
2209 3079 2368 3135 agant,

145 2012 332 2067 αὐτῶν.
382 2008 442 2087 (ι)
474 2010 556 2066 Οὐ
582 2006 686 2082 μὴν
715 2008 828 2063 ἀλλ’
845 2006 996 2065 εἶκαὶ
1017 2005 1176 2081 μηδὲν
1199 2010 1318 2082 ὑμῖν
1347 2004 1486 2072 ἔδοξε
1507 2004 1698 2063 τούτων

151 2094 284 2171 μηδὲ
327 2092 700 2172 προσεδέχεσθε
733 2090 930 2168 μηδένα
971 2096 1074 2149 τῶν
1105 2092 1370 2173 φυγάδων,
1400 2090 1607 2157 τούτους
1643 2114 1702 2169 γε

1221 2179 1442 2259 Αἶσχρὸν
1472 2178 1570 2258 γὰρ
1609 2176 1702 2249 τὴν

149 2269 245 2345 μὲν
272 2268 426 2325 πόλιν
457 2270 604 2343 ὑμῶν
625 2265 728 2325 ὑπὸ
759 2265 968 2325 πάντων
995 2269 1357 2343 ὁμολογεῖσθαι
1382 2268 1704 2341 μουσικωτά·

149 2381 246 2428 την
279 2348 406 2413 εἶναι
431 2354 523 2413 καὶ
547 2354 660 2421 τοὺς
705 2354 1148 2430 ὀνομαστοτάτους
1179 2358 1233 2411 ἐν
1262 2357 1394 2432 αὐτῇ
1423 2359 1548 2433 παρ’
1583 2360 1702 2432 ὑμῖν

155 2442 425 2520 τυγχάνειν
453 2441 723 2518 γεγονότας
737 2484 752 2513 ,
774 2440 862 2499 τὸν
902 2441 956 2498 δὲ
981 2440 1270 2520 προέχοντα
1297 2444 1398 2499 τῶν
1427 2447 1514 2497 νῦν
1543 2442 1702 2499 ὄντων

151 2532 270 2609 περὶ
307 2528 402 2599 τὴν
425 2529 654 2603 ἱστορίαν
682 2532 775 2599 τῆς
801 2527 1039 2594 παιδείας
1066 2528 1258 2598 ταύτης
1284 2528 1487 2608 φεύγειν
1514 2532 1572 2585 ἐκ
1613 2535 1704 2599 τ’ἧς

147 2704 482 2783 διαφέροντας
522 2702 644 2782 περί
679 2726 730 2759 τι
769 2706 873 2760 τῶν
901 2705 1074 2761 καλῶν
1117 2702 1560 2780 ἐπιτηδευμάτων,
1605 2702 1702 2761 κᾶν

148 2790 310 2866 μηδὲν
337 2790 668 2871 προσήκωσι,
684 2792 942 2847 ποιεῖσθαι
964 2787 1208 2860 πολίτας,
1233 2792 1366 2864 ὑμᾶς
1395 2789 1448 2847 δὲ
1475 2791 1591 2855 τοὺς
1618 2793 1698 2848 εὖ·

1791 2050 1906 2097 niliil
1944 2050 2112 2099 horum
2136 2051 2463 2102 decrevissetis
2486 2066 2573 2101 nec
2598 2052 2748 2101 ullum
2778 2053 2969 2102 exulem
3003 2054 3295 2116 reciperetis,
3317 2067 3347 2104 e

1791 2166 1842 2201 re
1869 2158 2027 2201 vestra
2048 2156 2205 2203 tamen
2228 2168 2331 2204 esse
2354 2158 2569 2216 putarem
2583 2190 2597 2214 ‚
2619 2160 2671 2205 ut
2696 2156 2793 2215 liis,
2808 2155 3053 2217 dequibus
3068 2168 3154 2218 ego
3168 2157 3344 2217 scribo,

1793 2256 1991 2317 patriam
2016 2256 2291 2306 redderetis.
2366 2262 2529 2315 Quum
2553 2258 2680 2307 enim
2704 2259 2826 2307 inter
2852 2272 3020 2307 omnes
3044 2261 3231 2309 constet
3264 2272 3345 2309 ve·

1791 2364 1939 2407 stram
1964 2360 2127 2409 urbem
2160 2360 2327 2421 peritia
2350 2360 2547 2409 musicae
2578 2362 2803 2410 omnibus
2824 2362 3107 2411 antecellere
3137 2366 3187 2411 et
3218 2363 3351 2411 viros

1791 2460 1837 2508 in
1859 2475 1916 2510 ea
1939 2466 2039 2511 arte
2065 2463 2395 2511 celeberrimos
2428 2462 2555 2525 apud
2590 2476 2676 2513 vos
2712 2477 2819 2513 esse
2855 2469 3017 2524 natos,
3040 2468 3179 2526 turpe
3207 2464 3346 2515 suerit

1793 2576 1903 2611 enm
1928 2565 2008 2624 qui
2032 2564 2297 2625 cognitione
2326 2566 2466 2625 liujus
2494 2566 2753 2628 disciplinae
2776 2574 2949 2617 noslroe
2968 2569 3123 2617 oetatis
3142 2570 3347 2619 artifices

1793 2674 2013 2733 superat,
2040 2670 2120 2719 tali
2154 2671 2348 2720 civitate
2380 2672 2571 2719 exulare
2599 2690 2611 2719 ι
2637 2676 2687 2721 et
2713 2686 2862 2734 quum
2900 2674 3045 2723 ceteri
3073 2675 3229 2724 Graeci
3262 2688 3349 2723 eos

1791 2775 1874 2837 qui
1910 2776 2069 2837 aliquo
2104 2774 2299 2823 honesto
2334 2774 2494 2823 studio
2534 2775 2802 2837 excellunt,
2842 2788 3113 2839 quanquam
3144 2790 3343 2840 prorsus

147 2877 496 2953 δοκιμοῦντάς
523 2901 579 2936 τε
606 2876 753 2957 παρὰ
777 2876 882 2942 τοῖς
921 2876 1096 2941 ἄλλοις
1121 2877 1212 2933 καὶ
1234 2876 1588 2957 μετασχόντας
1612 2882 1703 2948 τῆς
1790 2869 1994 2939 alienos,
2034 2880 2225 2927 civitate
2266 2879 2443 2927 donare
2482 2880 2688 2934 soleant,
2728 2892 2815 2929 vos
2846 2884 3138 2932 committere
3180 2886 3233 2932 ut
3257 2884 3347 2945 qui

146 2969 308 3035 αὐτῆς
336 2963 540 3045 φύσεως
559 2972 804 3043 περιορᾶν
833 2964 956 3041 παρ’
987 2962 1174 3041 ἑτέροις
1201 2970 1578 3038 μετοικοῦντας.
1636 2967 1700 3041 (5)

145 3138 266 3203 τοὺς
309 3140 366 3195 ἐν
408 3142 515 3204 τοῖς
543 3137 804 3215 γυμνικοῖς
843 3139 1414 3215 ἀγῶσι“κατορθοῦντας
1444 3139 1641 3212 μᾶλλον
1668 3137 1703 3208 ἢ

145 3225 264 3291 τοὺς
307 3230 376 3304 τῇ
416 3224 659 3305 φρονήσει
685 3224 774 3282 καὶ
803 3228 870 3301 τῇ
915 3222 1185 3303 φιλοπονίᾳ
1213 3247 1264 3280 τι
1290 3227 1390 3280 τῶν
1431 3223 1703 3302 χρησίμων

148 3312 509 3391 εὑρίσκοντας,
544 3311 637 3369 καὶ
673 3310 748 3386 μὴ
779 3314 1057 3391 συνορῶσιν
1088 3309 1167 3367 ὅτι
1203 3311 1491 3389 πεφύκασιν
1522 3316 1576 3370 αἱ
1611 3312 1703 3387 μὲν
1728 3322 1764 3362 0

145 3400 267 3478 περὶ
295 3399 391 3471 τὴν
423 3398 604 3479 ῥώμην
629 3397 718 3458 καὶ
744 3398 802 3456 τὸ
825 3397 985 3477 τάχος
1008 3396 1247 3473 δυνάμεις
1271 3398 1706 3469 συναποθνήσκειν

95 3504 116 3537 ε
147 3496 253 3551 τοῖς
283 3486 547 3562 σώμασιν,
576 3488 630 3543 αἱ
655 3486 701 3543 δ’
721 3486 1008 3560 ἐπιστῆμαι
1035 3482 1351 3564 παραμένειν
1377 3484 1581 3542 ἅπαντα
1615 3484 1700 3541 τὸν

147 3574 336 3653 χρόνον
366 3573 658 3655 ὠφελοῦσαι
684 3569 800 3637 τοὺς
851 3568 1150 3651 χρωμένους
1198 3571 1394 3637 αὐταῖς.
1508 3574 1568 3647 (ο)
1602 3561 1704 3629 ’Ὧν

148 3660 562 3737 ἐνθυμουμένους
591 3657 696 3738 χρὴ
737 3657 855 3724 τοὺς
891 3664 1009 3716 νοῦν
1055 3656 1268 3736 ἔχοντας
1301 3656 1419 3736 περὶ
1462 3657 1706 3715 πλείστου

153 3748 248 3823 μὲν
279 3749 540 3805 ποιεῖσθαι
569 3745 685 3813 τοὺς
719 3746 890 3811 καλῶς
928 3744 1017 3801 καὶ
1046 3745 1255 3810 δικαίως
1285 3750 1376 3815 τῆς
1408 3749 1575 3803 αὑτῶν
1604 3744 1705 3802 πό-

147 3838 282 3901 λεως
317 3839 748 3905 ἐπιστατοῦντας,
774 3831 1036 3911 δευτέρους
1057 3831 1112 3889 δὲ
1140 3830 1256 3895 τοὺς
1273 3831 1429 3908 τιμὴν
1447 3834 1534 3889 καὶ
1558 3831 1704 3898 δόξαν

75 3936 126 3971 ⁴⁰
151 3926 288 3999 αὐτῇ
339 3922 507 3991 καλὴν
555 3920 916 3997 συμὸαλέσθαι
967 3918 1299 3996 δυναμένους·
1348 3918 1569 3985 ἅπαντες
1605 3917 1706 3997 γὰρ

147 4008 332 4088 ὥσπερ
383 4007 624 4083 δείγματι
675 4009 780 4072 τοῖς
831 4004 1076 4071 τοιούτοις
1119 4004 1410 4085 χρώμενοι,
1460 4004 1550 4063 καὶ
1593 4004 1706 4072 τοὺς
1737 3999 1780 4065 d

149 4098 342 4161 ἄλλους
377 4094 496 4161 τοὺς
531 4094 1058 4171 συμπολιτευομένους
1098 4092 1302 4169 ὁμοίους
1340 4084 1470 4149 εἶναι
1509 4093 1705 4160 τούτοις

145 4184 466 4259 νομίζουσιν.

227 4291 281 4331 7.
323 4266 482 4334 Ἴσως
501 4258 588 4326 οὗν
611 4266 746 4327 εἴποι
769 4290 842 4333 τις
875 4265 938 4324 ἂν
962 4266 1041 4323 ὅτι
1061 4266 1313 4346 προσήκει
1335 4266 1450 4333 τοὺς
1473 4268 1706 4346 εὑρέσθαι

1793 2974 1920 3035 apud
1961 2976 2078 3023 alios
2118 2975 2241 3023 fama
2272 2974 2470 3024 floreant
2494 2981 2541 3023 et
2564 2977 2693 3024 cives
2732 2977 2827 3025 sint
2860 2978 3029 3039 vestri,
3056 2978 3182 3041 apud
3212 2983 3347 3029 exte-

2462 3075 2528 3135 (5)
2568 3076 2783 3123 Demiror
2836 3077 3058 3139 equidem
3104 3092 3186 3127 eas
3226 3078 3345 3128 civi·

1793 3174 1943 3233 tates,
1972 3186 2079 3234 qum
2113 3172 2290 3233 majora
2327 3173 2517 3235 praemia
2563 3174 2822 3223 victoribus
2870 3176 2917 3223 in
2958 3176 3083 3225 ludis
3117 3179 3348 3239 gymnicis

1795 3271 2081 3332 decernunt,
2105 3285 2249 3333 quam
2273 3272 2347 3321 liis
2377 3272 2459 3333 qui
2494 3272 2670 3333 ingenii
2700 3274 2909 3323 sollertia
2930 3280 2979 3323 et
3002 3276 3235 3326 industria
3260 3292 3347 3331 sua

1797 3370 1908 3417 vitae
1932 3370 2109 3431 aliquid
2134 3371 2249 3419 utile
2286 3374 2589 3432 repererunt,
2613 3384 2767 3433 neque
2788 3372 3089 3421 considerant
3122 3374 3267 3423 robur
3302 3381 3348 3426 et

1794 3468 1969 3530 pedum
1992 3470 2278 3518 celeritatem
2306 3474 2459 3519 morte
2487 3482 2705 3519 unacum
2729 3484 2925 3534 corpore
2936 3472 3349 3534 interire;artium

1794 3564 1953 3613 autem
1973 3576 2077 3613 eam
2100 3576 2207 3614 esse
2228 3570 2445 3613 naturam
2462 3601 2477 3623 ,
2507 3572 2560 3615 ut
2590 3573 2820 3630 perpetuo
2846 3568 3019 3618 durent
3046 3570 3217 3633 suique
3246 3576 3351 3621 stu-

1793 3657 1951 3707 diosos
1975 3672 2163 3723 semper
2178 3662 2360 3721 Juvent.
2433 3662 2499 3723 (6)
2520 3666 2635 3712 Haec
2668 3640 2983 3725 prudentibus
3005 3666 3351 3717 consideranda

1795 3763 1934 3819 sunt,
1961 3766 2013 3809 ut
2034 3761 2231 3808 maximi
2254 3760 2426 3810 saciant
2448 3762 2598 3811 bonos
2624 3768 2673 3811 et
2694 3762 2851 3822 justos
2878 3764 3150 3825 reipublicae
3181 3765 3348 3825 guber·

1793 3863 1980 3905 naiores
1995 3874 2011 3918 3
2040 3859 2309 3919 proximum
2329 3859 2521 3908 lionoris
2545 3860 2741 3919 gradum
2766 3860 2827 3909 iis
2854 3860 3092 3921 tribuant,
3118 3863 3201 3924 qui
3231 3864 3349 3913 civi-

1799 3952 1884 4002 tati
1920 3958 2199 4003 0rnamento
2235 3958 2283 4003 et
2314 3954 2475 4016 glorioe
2520 3969 2623 4005 esse
2658 3962 2873 4017 possunt.
2941 3961 3120 4007 Omnes
3147 3961 3272 4008 enim
3302 3961 3349 4011 in

1803 4055 1905 4101 liaec
1925 4058 2148 4116 tanquam
2160 4054 2205 4103 in
2223 4056 2459 4116 specimen
2471 4055 2707 4116 quoddam
2724 4056 2979 4119 intuenteS,
2990 4058 3195 4121 reliquos
3206 4064 3351 4111 etiam

1794 4156 1925 4204 cives
1947 4156 2021 4203 his
2043 4156 2157 4203 viris
2185 4155 2361 4203 similes
2395 4170 2501 4206 esse
2524 4155 2753 4217 judicant.

1857 4262 1902 4305 7.
1940 4255 2175 4304 Fortassis
2192 4258 2352 4304 autem
2380 4255 2554 4307 dixerit
2576 4256 2772 4318 aliquis,
2794 4255 2836 4306 si
2858 4256 2939 4319 qui
2964 4256 3243 4307 beneficium
3268 4273 3349 4322 pe·

67 4370 114 4407 ⁴5
144 4382 198 4415 τι
243 4353 588 4433 βουλομένους
633 4354 706 4430 μὴ
745 4354 804 4412 τὸ
853 4364 1072 4432 πρᾶγμα
1104 4354 1259 4430 μόνον
1300 4356 1541 4425 ἐπαινεῖν,
1571 4354 1704 4413 ἀλλὰ
1793 4357 1923 4413 tant,
1948 4367 2041 4403 non
2062 4368 2160 4403 rem
2186 4354 2337 4415 ipsam
2375 4357 2557 4403 lantum
2578 4368 2687 4403 esse
2718 4354 3033 4414 laudandam,
3068 4356 3154 4405 sed
3189 4362 3347 4405 osten·

63 4810 114 4847 ⁵0
145 4791 384 4849 τάπασιν
431 4788 688 4869 ἄχρηστος
741 4787 866 4867 ἔφυν
913 4790 1020 4845 οὐδ’
1051 4788 1322 4864 ἀδόκιμος·
1357 4791 1492 4847 ἀλλὰ
1513 4792 1618 4856 τοῖς
1653 4813 1706 4847 τε
1729 4804 1764 4846 e

145 4442 240 4500 καὶ
275 4450 412 4508 στοᾶς
448 4440 632 4507 αὐτοὺς
659 4442 1000 4499 ἐπιδεικνύναι
1029 4439 1238 4506 δικαίως
1265 4438 1329 4497 ἂν
1357 4446 1706 4518 τυγχάνοντας

145 4529 272 4607 περὶ
311 4554 385 4587 ων
426 4526 488 4585 ἂν
533 4531 784 4587 ποιῶνται
811 4525 926 4593 τοὺς
950 4526 1146 4605 λόγους.
1231 4526 1389 4605 Ἔχει
1431 4530 1479 4584 δ’
1525 4528 1706 4593 οὕτως.

147 4614 300 4693 Ἐγὼ
341 4620 431 4673 τοῦ
473 4615 566 4691 μὲν
612 4612 972 4672 πολιτεύεσθαι
999 4612 1088 4672 καὶ
1127 4614 1416 4695 ῥητορεύειν
1461 4614 1708 4686 ἀπέστην·

146 4704 270 4761 οὗτε
291 4702 398 4781 γὰρ
425 4699 596 4782 φωνὴν
622 4693 759 4781 εἶχον
782 4700 964 4771 ἱκανὴν
989 4700 1106 4759 οὔτε
1129 4700 1347 4776 τόλμαν·
1377 4704 1434 4759 οὐ
1455 4701 1558 4779 μὴν
1581 4726 1714 4760 παν-

145 4875 539 4957 προῃρημένοις
585 4874 753 4953 λέγειν
802 4874 992 4952 ἀγαθόν
1038 4897 1089 4932 τι
1133 4875 1254 4955 περὶ
1297 4879 1439 4951 ὑμῶν
1479 4876 1569 4935 καὶ
1606 4882 1708 4935 τῶν

149 4966 327 5023 ἄλλων
357 4960 654 5040 συμμάχων
679 4960 890 5041 φανείην
921 4960 984 5019 ἂν
1005 4960 1095 5019 καὶ
1119 4960 1409 5036 σύμὸουλος
1435 4964 1524 5020 καὶ
1547 4986 1709 5021 συνα-

147 5050 407 5129 γωνιστὴς
431 5048 768 5128 γεγενημένος
786 5092 804 5123 ,
828 5048 976 5114 αὐτός
998 5070 1053 5105 τε
1075 5048 1282 5115 πλείους
1295 5048 1474 5125 λόγους
1495 5072 1712 5121 πεποιη-

1797 4453 2005 4502 dendum
2030 4455 2170 4501 etiam
2194 4454 2321 4514 ipsos
2342 4465 2440 4501 non
2460 4466 2565 4500 esse
2588 4451 2807 4513 indignos
2829 4466 2884 4503 ea
2906 4468 2957 4503 re
2970 4490 2985 4514 ,
3006 4452 3067 4502 de
3090 4468 3182 4515 qua
3204 4454 3351 4504 verba

1797 4553 1984 4601 saciant.
2054 4552 2133 4601 Sic
2154 4558 2315 4600 autem
2337 4551 2439 4599 haec
2459 4564 2510 4600 se
2524 4564 2599 4600 res
2618 4552 2776 4601 habet.
2844 4555 2941 4614 Ego
2974 4553 3248 4615 reipublicae
3266 4552 3347 4601 ad-

1799 4652 2141 4701 ministratione
2174 4652 2222 4701 et
2248 4651 2559 4700 concionibus
2588 4651 2817 4700 habendis
2853 4650 3079 4711 abstinui,
3103 4656 3349 4714 propterea

1800 4748 1930 4811 quod
1952 4753 2000 4797 et
2024 4761 2117 4797 vox
2139 4750 2189 4797 et
2206 4746 2403 4795 audacia
2436 4759 2513 4796 me
2548 4746 2821 4807 deficiebat;
2848 4760 2941 4794 non
2962 4750 3119 4795 tamen
3154 4750 3350 4797 omnino

1797 4848 1957 4897 nullus
1978 4846 2073 4897 mei
2096 4859 2212 4896 usus
2233 4847 2316 4894 aut
2338 4844 2465 4893 nulla
2493 4845 2583 4894 t'uit
2612 4844 2903 4894 auctoritas:
2927 4844 3012 4893 sed
3052 4858 3128 4895 me
3160 4845 3235 4893 liis
3266 4846 3349 4908 qni

1798 4951 1971 4996 νοείτω
2002 4950 2363 5007 ceterorumque
2384 4945 2618 4993 sociorum
2649 4944 2865 5005 dignitati
2896 4957 2953 4993 ac
2985 4944 3249 4994 commodis
3274 4959 3351 5008 pa-

1805 5050 2021 5099 trocinati
2042 5052 2171 5107 sunt,
2190 5052 2239 5097 et
2255 5045 2573 5095 consiliarium
2590 5050 2636 5093 et
2653 5044 2919 5105 adjutorem
2932 5045 3077 5095 fuisse
3090 5046 3351 5107 comperie-

45 5140 306 5216 42ῦμένος
335 5137 467 5217 ὑπὲρ
495 5141 587 5208 τῆς
615 5136 901 5214 ἐλευθερίας
931 5134 1022 5194 καὶ
1048 5140 1138 5207 τῆς
1163 5137 1470 5215 αὐτονομίας
1492 5142 1582 5208 τῆς
1604 5142 1706 5197 τῶν
1731 5156 1764 5195 a
1807 5147 1894 5208 tis;
1915 5146 2141 5208 pra-terea
2174 5140 2347 5202 saepius
2382 5139 2526 5189 verba
2555 5137 2640 5187 reci
2678 5139 2737 5190 dc
2783 5138 2999 5189 libertate
3036 5145 3086 5188 et
3126 5140 3233 5202 jure
3262 5154 3351 5191 suo
