3825 5842
1417 485 1810 548 IsocRATls
1851 489 2283 556 EUAGORAS.

182 597 448 680 χρωμένων
469 599 792 680 ἡττώμενος,
829 603 1039 667 ἅπαντα
1063 606 1118 669 δὲ
1156 613 1260 671 τῶν
1292 613 1494 696 ἐχθρῶν
1527 639 1754 698 περιγν-Ι

3260 522 3368 576 12⁷

1809 627 1956 679 rebus
1974 630 2199 682 omnibus
2216 632 2461 689 audiebat.
2525 638 2708 690 Amicis
2731 654 2861 706 saepe
2882 643 3069 708 dejure
3092 660 3183 699 suo
3200 663 3369 704 conce·

180 687 424 764 γνόμενος·
446 687 630 766 σεμνὸς
646 689 718 750 ὧν
735 693 795 751 οὗ
813 701 928 762 ταῖς
949 701 1043 756 τοῦ
1069 697 1351 778 πρῦσῶπθυ
1376 711 1718 782 συναγωγαῖς,
1759 710 1767 719 ’
1809 727 1977 794 debat,
2006 744 2197 798 semper
2226 737 2389 787 autem
2418 737 2581 790 hostes
2604 743 2877 806 superabat.
2941 747 3240 812 Maiestatem
3274 756 3376 803 tue-

180 774 304 833 ἀλλδι
327 777 438 844 ταῖς
460 782 554 837 τοῦ
583 778 698 858 βίου
718 793 1085 854 κατασκευαῖς·
1103 787 1222 848 οὐδὲ
1249 788 1378 872 πρὸς
1403 791 1457 850 ἓν
1483 793 1719 862 ἀτάκτως
1742 803 1779 846 θ

177 862 274 921 οὐδ’
314 863 600 942 ἀνωμάλως
642 869 992 949 διακείμενος,
1031 875 1152 935 ἀλλ’
1193 878 1383 956 ὁμοίως
1408 880 1503 951 τὰς
1536 885 1590 942 ἐν
1610 887 1719 952 τοῖς

117 977 140 1013 s
177 949 328 1030 ἔργοις
340 955 614 1034 ὁμολογίας
629 956 810 1041 ὥσπερ
822 959 916 1031 τὰς
939 963 994 1022 ἓν
1016 972 1122 1032 τοῖς
1147 965 1316 1044 λόγοις
1336 970 1714 1052 διαφυλάττων·

177 1041 256 1119 (4⁵)
279 1040 410 1123 μέγα
437 1048 636 1126 φρονῶν
663 1049 756 1108 οὐκ
782 1048 870 1108 ἐπὶ
890 1051 995 1120 τοῖς
1023 1051 1110 1112 διὰ
1132 1052 1316 1136 τύχην,
1352 1061 1468 1118 ἀλλ’
1499 1060 1587 1122 ἐπὶ
1611 1062 1717 1131 τοῖς

1806 828 1950 881 batur
1964 844 2063 884 non
2080 839 2323 887 contracto
2356 839 2635 903 supercilio,
2660 843 2745 894 sed
2782 845 2898 898 vitae
2925 847 3167 902 instituto.
3231 854 3376 906 Nulla

1803 927 1854 978 in
1874 941 1927 980 re
1946 929 2163 983 ordinem
2192 937 2573 992 constantiamve
2597 941 2890 1008 negligebat3
2924 947 3008 998 aed
3035 949 3267 1016 quicquid
3300 967 3373 1005 re·

1803 1022 1897 1075 bus
1920 1031 2256 1097 concessisset,
2288 1049 2387 1086 non
2409 1037 2569 1090 minus
2600 1040 2853 1106 servabat,
2887 1057 3037 1110 quam
3065 1061 3177 1113 quae
3200 1051 3364 1104 verbis

176 1129 236 1187 δι,
261 1131 408 1190 αὑτὸν
425 1133 760 1214 yzrvoutvotg·
779 1138 896 1208 τοὺς
923 1138 1019 1219 μὲν
1044 1141 1223 1226 φίλους
1252 1150 1367 1217 ταῖς
1399 1150 1716 1232 εὐεργεσίαις
1802 1123 2118 1183 promisisset.
2184 1129 2567 1248 (tm-Animosus
2588 1150 2685 1188 non
2706 1138 2773 1252 ob
2793 1139 3257 1256 fortunae-munera,
3284 1148 3372 1200 scd

93 1217 250 1300 ¹93&
280 1222 417 1302 αὑτῷ
447 1222 782 1304 ποιούμενος,
814 1227 933 1297 τοὺς
967 1230 1014 1289 δ,
1043 1231 1230 1302 ἄλλους
1253 1238 1320 1316 τῇ
1346 1239 1714 1323 μέγαλοψυχγᾳ
1736 1254 1773 1296 a
1802 1220 2543 1295 tactommconscientta,am1cos
2558 1237 3230 1311 beneficussibidevmciebat,
3248 1252 3369 1300 cete·

173 1309 648 1390 καταδουλούμενος·
679 1314 896 1398 φοὸερὸς
920 1315 994 1377 ὢν
1025 1321 1084 1380 οὗ
1111 1324 1187 1402 τῷ
1217 1325 1429 1393 πολλοῖς
1459 1328 1716 1407 χαλεπαί-

111 1431 154 1462 ,0
173 1419 282 1472 νειν,
306 1397 440 1458 ἀλλὰ
465 1405 546 1484 τῷ
569 1402 705 1462 πολὺ
732 1403 828 1477 τὴν
844 1409 950 1466 τῶν
970 1406 1144 1469 ἄλλων
1164 1409 1316 1494 φύσιν
1348 1415 1712 1498 ὓπερὸἄλλειν·

171 1486 434 1566 ἡγούμενος
462 1493 570 1549 τῶν
598 1492 816 1568 ἡδονῶν,
844 1495 962 1556 ἀλλ’
1001 1498 1096 1558 οὔκ
1126 1498 1374 1580 ἀγόμενος
1406 1501 1497 1562 ὑπ’
1521 1506 1712 1565 αὐτῶν·

1802 1334 1882 1372 ros
1903 1324 2050 1376 animi
2066 1329 2391 1392 magnitudine
2404 1333 2670 1400 subigebat.
2733 1339 2979 1394 Terribilis
3002 1352 3103 1397 erat
3118 1361 3215 1399 non
3237 1349 3370 1414 quod

1799 1413 1850 1466 in
1877 1419 2057 1472 multos
2083 1423 2293 1488 saeviret,
2327 1427 2411 1478 sed
2449 1430 2560 1493 quia
2595 1431 2787 1496 ingenia
2806 1435 3008 1489 aliorum
3024 1439 3164 1504 longe
3183 1455 3371 1509 supera-

1799 1516 1911 1582 bat;
1936 1522 2268 1588 voluptatibus
2290 1529 2583 1598 imperabat,
2606 1549 2703 1588 non
2723 1540 2979 1595 serviebat.
3048 1547 3219 1599 Paucis
3236 1548 3367 1600 labo·

170 1574 340 1654 ὀλίγοις
363 1577 538 1648 πόνοις
566 1581 764 1652 πολλὰς
783 1583 1051 1666 ῥᾳστώνας
1076 1585 1369 1668 κτώμενος,
1392 1592 1511 1652 ἀλλ’
1537 1595 1596 1654 οὔ
1625 1593 1710 1655 διὰ
1797 1611 1933 1666 ribus
1971 1618 2179 1670 multum
2211 1622 2298 1674 otii
2335 1626 2557 1693 parabat,
2590 1643 2689 1682 non
2716 1632 2779 1684 ob
2818 1649 2991 1700 parvas
3024 1639 3369 1696 oblectationes

171 1929 433 2011 βέλτιστον,
459 1936 556 1998 καὶ
584 1939 860 2016 δημοτικὸς
886 1941 982 2021 μὲν
1009 1941 1082 2005 ὧν
1100 1949 1166 2026 τῇ
1189 1952 1282 2008 τοῦ
1301 1949 1528 2023 πλήθους
1550 1956 1702 2035 θερα-

169 2020 276 2103 πεία
289 2067 306 2096 ,
322 2025 587 2095 πολιτικὸς
611 2023 666 2086 δὲ
693 2032 760 2110 τῇ
779 2033 873 2103 τῆς
891 2031 1092 2102 πόλεως
1109 2033 1234 2110 ὅλης
1257 2037 1534 2116 διοικήσει,
1555 2065 1708 2125 στρα-

1795 1901 2095 1966 publicarum
2114 1909 2280 1964 formis
2292 1919 2685 1978 praestantissima
2702 1936 2911 1990 quaeque
2923 1927 3163 1994 deligebat
3181 1952 3194 1984 ε
3216 1934 3365 1999 quiet

1795 2002 2039 2065 popularis
2056 2009 2185 2058 esset
2202 2009 2505 2066 observantia
2522 2017 2846 2073 multitudinis
2863 2060 2879 2086 ,
2900 2029 2951 2076 et
2968 2025 3183 2080 civilium
3202 2045 3363 2084 rerum

166 2111 352 2188 τηγικὸς
376 2111 429 2172 δὲ
451 2117 520 2188 τῆ
554 2115 685 2198 πρὸς
718 2115 837 2189 τοὺς
871 2120 1133 2193 κινδύνους
1165 2125 1442 2210 εὖθουλία,
1471 2129 1707 2209 μεγαλό-
1796 2095 1983 2212 petitu?
2004 2099 2349 2220 gffbemafiffe
2368 2108 2519 2161 ‘⁰5⁰⁸
2544 2111 2782 2181 ommis,
2801 2121 2852 2168 θ*
2872 2117 3212 2185 ὶωΡθΓθῗθῐὶῦὓ
3230 2130 3363 2242 Υῗῦῑθ

167 2220 290 2278 φρων
315 2198 370 2262 δὲ
411 2181 656 2284 τῶιπᾶσι
697 2207 898 2278 τούτοις
931 2209 1206 2296 διαφέρειν.
1287 2216 1399 2277 Καὶ
1445 2221 1592 2280 ταῦθ’
1624 2217 1704 2279 ὅτι
1793 2207 1844 2246 ¹¹¹
1861 2199 2087 2262 mcum
2105 2207 2335 2272 ⁰⁰⁰⁸¹¹¹⁰⁹
2360 2213 2411 2262 et
2428 2214 2759 2276 'mgnfflffmus
2776 2217 2947 2271 '¹⁸¹⁰ss
2966 2234 3125 2276 mm
3142 2239 3359 2280 Omnlum

101 2311 148 2343 ιο
164 2290 342 2366 προσῆν
367 2289 650 2377 Εὐαγόρᾳ,
675 2295 767 2355 καὶ
790 2298 958 2360 πλείω
982 2299 1198 2378 τούτων,
1214 2303 1268 2374 ἐξ
1296 2304 1468 2367 αὐτῶν
1491 2309 1594 2367 τῶν
1616 2307 1704 2392 ἔρ-

164 2397 254 2452 γων
277 2377 444 2461 ῥᾴδιον
467 2387 817 2463 καταμαθεῖν.

229 2487 294 2529 47.
335 2472 679 2554 Παραλαὸὼν
701 2473 804 2559 γὰρ
831 2475 929 2551 τὴν
959 2477 1109 2540 πόλιν
1137 2480 1698 2568 ἐκδεδαρὸαρωμένην,

1791 2297 2085 2352 excellentia.
2117 2305 2275 2370 Atque
2292 2305 2397 2360 baec
2409 2309 2459 2360 in
2472 2313 2689 2377 Euagora
2707 2315 2859 2370 tuisse
2875 2323 2926 2371 et
2936 2321 3078 2385 plura
3094 2325 3241 2378 etiam
3256 2327 3331 2380 bis
3341 2366 3358 2394 ,

1789 2403 1852 2442 ex
1873 2391 1995 2458 ipsis
2017 2396 2155 2450 tactis
2173 2400 2309 2454 facile
2331 2396 2639 2472 intelligetur.

1849 2493 1930 2545 47.
1950 2497 2072 2547 Nam
2080 2512 2232 2563 quum
2246 2503 2489 2559 civitatem
2501 2507 2700 2563 barbara
2710 2514 3022 2573 multitudine
3036 2521 3351 2582 deformatam

165 2555 242 2614 καὶ
267 2557 346 2618 διὰ
371 2559 466 2634 τὴν
507 2566 617 2625 τῶν
647 2565 910 2627 Φοινίκων
943 2567 1112 2650 ἀρχὴν
1136 2570 1252 2632 οὔτε
1286 2571 1405 2642 τοὺς
1429 2568 1701 2648 Ἕλληνας
1725 2592 1761 2634 0
1783 2597 2097 2666 suscepisset,
2124 2619 2235 2670 quae
2257 2608 2321 2660 ob
2346 2610 2629 2667 Phoenicum
2656 2617 2913 2684 imperium
2939 2637 3029 2678 nec
3048 2631 3245 2686 Graecos
3263 2635 3347 2687 ad-

164 2649 560 2731 προσδεχομένην
584 2653 703 2716 οὔτε
732 2657 924 2738 τέχνας
949 2659 1303 2739 ἐπισταμένην
1330 2661 1440 2723 οὔτ’
1466 2664 1699 2748 ἐμπορίῳ

99 2740 144 2786 ²5
161 2737 408 2816 χρωμένην
446 2740 570 2802 οὔτε
603 2743 792 2825 λιμένα
840 2746 1186 2828 κεκτημένην,
1234 2751 1401 2812 ταῦτά
1439 2777 1497 2814 τε
1522 2753 1697 2816 πάντα

163 2823 419 2906 διώρθωσε,
440 2830 534 2892 καὶ
563 2832 693 2914 πρὸς
721 2833 920 2905 τούτοις
949 2837 1040 2897 καὶ
1068 2837 1248 2922 χώραν
1280 2840 1481 2916 πολλὴν
1501 2867 1695 2927 προσε-

159 2913 364 2986 κτήσατο
417 2918 511 2981 καὶ
567 2921 724 3004 τείχη
784 2926 1260 3008 προσπεριεὸάλετο
1317 2931 1410 2991 καὶ
1469 2933 1697 3016 τριήρεις

157 3005 536 3089 ἐναυπηγήσατο
553 3056 572 3090 ,
613 3012 706 3072 καὶ
755 3017 871 3083 ταῖς
910 3014 1095 3086 ἄλλαις
1140 3029 1490 3091 κατασκευαῖς
1533 3023 1695 3093 οὕτως

157 3091 324 3168 ηὔξησε
342 3097 436 3173 τὴν
462 3100 620 3161 πόλιν
641 3100 778 3163 ὥστε
802 3106 1062 3186 μηδεμιᾶς
1082 3110 1186 3168 τῶν
1215 3107 1536 3185 Ἑλληνίδων
1559 3115 1692 3174 ἀπο·

95 3199 136 3238 ευ
157 3181 419 3268 λελεῖφθαι,
441 3189 534 3252 καὶ
556 3189 775 3270 δύναμιν
797 3193 1056 3270 τοσαύτην
1080 3197 1379 3272 ἐνεποίησεν
1402 3197 1539 3262 ὥστε
1560 3203 1689 3264 πολ-

156 3270 256 3342 λοὺς
285 3277 550 3357 φοὸεῖσθαι
580 3283 686 3342 τῶν
723 3281 974 3366 πρότερον
1007 3287 1467 3371 καταφρονούντων
1510 3293 1688 3366 αὐτῆς.
1710 3289 1753 3357 d

159 3360 232 3440 (ts)
253 3365 432 3428 Καίτοι
455 3368 776 3442 τηλικαύτας
797 3371 1052 3445 ἐπιδόσεις
1075 3374 1169 3446 τὰς
1194 3379 1370 3450 πόλεις
1394 3380 1684 3461 λαμὸοίνειν

155 3451 236 3531 οὐχ
255 3442 398 3515 οἶόντ’
421 3457 586 3534 ἐστίν,
604 3457 671 3532 ἣν
691 3459 768 3540 μή
787 3485 865 3530 τις
875 3459 1035 3533 αὐτὰς
1051 3466 1218 3548 διοικῇ
1236 3468 1483 3540 τοιούτοις
1508 3471 1687 3546 ἤθεσιν

155 3535 257 3607 οἵοις
280 3543 546 3628 Εὐαγόρας
572 3545 668 3627 μὲν
696 3539 852 3632 εἶχεν,
870 3551 976 3633 ἐγὼ
998 3547 1048 3612 δ’
1072 3553 1234 3639 ὀλίγῳ
1261 3556 1509 3641 πρότερον
1538 3563 1684 3621 ἐπει·

94 3640 132 3680 35
155 3627 291 3703 μέθην
327 3634 558 3697 διελθεῖν.
639 3635 806 3699 ‘ssot’
853 3642 912 3700 οὗ
963 3641 1170 3704 δέδοικα
1222 3643 1296 3725 μὴ
1345 3652 1493 3732 φανῶ
1521 3649 1684 3729 μείζω

151 3714 292 3796 λέγων
314 3725 416 3798 τῷν
438 3724 623 3809 ἐκείνῳ
650 3727 967 3809 προσόντων,
992 3731 1129 3792 ἀλλὰ
1153 3731 1227 3814 μὴ
1253 3735 1386 3796 πολὺ
1415 3737 1532 3798 λίαν
1557 3741 1684 3803 ἀπο-

149 3803 314 3888 λειφθῶ
329 3814 429 3871 τῶν
455 3815 841 3897 πεπραγμένων
866 3820 1028 3902 αὗτῷ.
1115 3821 1202 3901 (49)
1226 3821 1324 3893 Τίς
1349 3823 1451 3908 γὰρ
1476 3825 1540 3886 ἂν
1567 3828 1681 3910 ἐφί-

151 3913 268 3956 κοιτο
287 3899 524 3976 τοιαύτης
560 3902 790 3985 φύσεως,
831 3905 886 3975 ὃς
915 3909 974 3968 οὗ
1005 3908 1162 3986 μόνον
1187 3909 1284 3984 τὴν
1311 3915 1498 3974 ἑαυτοῦ
1526 3917 1678 3978 πόλιν

150 3983 350 4058 πλείονος
383 3989 534 4060 ἀξίαν
571 3993 836 4070 ἐποίησεν,
868 3995 1006 4058 ἀλλὰ
1029 3998 1122 4059 καὶ
1147 3997 1234 4060 τὸν
1261 3999 1420 4062 τόπον
1439 4002 1560 4064 ὅλον
1587 4005 1678 4067 τὸν

93 4088 130 4129 to
150 4073 422 4157 περιέχοντα
464 4079 565 4155 τὴν
595 4086 750 4156 νῆσον
793 4083 882 4146 ἐπὶ
925 4086 1198 4168 πραότητα
1239 4089 1329 4152 καὶ
1363 4093 1678 4176 μετριότητα
1708 4111 1744 4154 e

150 4163 436 4246 προήγαγενς
465 4169 607 4252 Πρὶν
640 4171 736 4252 μέν
773 4197 832 4254 γε
865 4175 1048 4236 λαὸεῗν
1075 4178 1352 4262 Εὐαγόραν
1384 4179 1480 4255 τὴν
1509 4185 1678 4268 ἀρχὴν

151 4247 282 4320 οὕτως
308 4257 660 4339 ἀπροσοίστως
682 4260 774 4322 καὶ
799 4264 1050 4344 χαλεπῶς
1089 4255 1250 4348 εἶχον,
1279 4266 1415 4330 ὥστε
1445 4273 1536 4332 καὶ
1571 4277 1676 4335 τῶν

151 4339 380 4418 ἀρχόντων
441 4347 652 4418 τούτους
693 4348 925 4430 ἐνόμιζον
961 4342 1094 4414 εἶναι
1133 4356 1458 4436 βελτίστους,
1496 4359 1677 4432 οἵτινες

151 4427 364 4501 ὦμότατα
387 4435 518 4517 πρὸς
549 4436 668 4506 τοὺς
691 4435 962 4514 Ἕλληνας
996 4442 1312 4524 διακείμενοι
1348 4450 1672 4532 τυγχάνοιεν·

1785 2698 2015 2766 mitteret,
2034 2717 2123 2756 nec
2144 2712 2271 2761 artes
2283 2712 2441 2780 sciret,
2458 2729 2549 2770 nec
2565 2721 2779 2786 emporio
2789 2727 3021 2794 uteretur,
3043 2745 3133 2786 nec
3152 2741 3348 2800 portum

1785 2799 1983 2854 haberet
1997 2817 2012 2854 ε
2028 2818 2123 2858 non
2141 2808 2299 2862 solum
2317 2811 2423 2866 haec
2434 2818 2613 2881 optime
2630 2820 2913 2878 instauravit
2923 2832 3086 2884 omnia
3096 2870 3114 2898 ,
3137 2837 3223 2889 sed
3246 2842 3346 2904 agri

1783 2900 1929 2952 etiam
1942 2905 2149 2958 multum
2162 2908 2349 2975 adjecit,
2368 2915 2635 2983 urbemque
2646 2935 2788 2976 muro
2801 2926 3133 2998 circumdedit,
3148 2937 3199 2988 et
3218 2939 3352 2992 trire-

1781 3019 1887 3061 mes
1907 3010 2191 3080 oediticavit',
2228 3020 2281 3071 et
2312 3021 2505 3087 reliquis
2526 3029 2831 3092 apparatibus
2852 3034 2923 3086 sic
2952 3039 3115 3105 auxit,
3158 3045 3215 3095 ut
3235 3058 3348 3098 eum

1772 3111 1954 3176 ‚quavis
1974 3116 2253 3170 Graecarum
2284 3121 2479 3176 urbium
2501 3131 2684 3180 certare
2714 3135 2897 3197 posset,
2917 3139 3164 3205 tantisque
3196 3147 3349 3211 copiis

1781 3213 2013 3279 munivit,
2038 3221 2093 3268 ut
2116 3219 2255 3272 multi
2274 3235 2404 3276 nuuc
2427 3239 2536 3278 eam
2552 3227 2782 3296 timeant,
2807 3235 2893 3298 qui
2915 3237 3050 3302 prius
3072 3249 3346 3300 contemne·

1779 3317 1913 3370 bant.
1996 3321 2098 3388 (48)
2118 3327 2285 3392 Neque
2309 3343 2427 3382 vero
2454 3331 2557 3385 fieri
2580 3341 2737 3400 potest
2760 3344 2815 3391 ut
2832 3343 2979 3398 urbes
3010 3347 3079 3400 ita
3099 3325 3344 3420 crescant,

1775 3423 1869 3476 nisi
1889 3425 2069 3480 talibus
2090 3431 2307 3486 moribus
2327 3437 2671 3508 gubernentur,
2696 3446 2864 3510 quales
2885 3451 3128 3517 Euagorae
3154 3456 3343 3524 babuit,

1773 3527 1920 3592 atque
1948 3543 2037 3594 ego
2070 3534 2215 3598 paulo
2238 3540 2353 3592 ante
2388 3543 2555 3596 studui
2592 3560 2985 3608 commemorare.
3051 3561 3211 3618 Quare
3245 3577 3342 3617 non

1772 3626 1937 3675 metuo
1962 3639 2025 3679 ne
2059 3629 2240 3694 maiora
2261 3648 2405 3699 quam
2422 3651 2511 3702 pro
2532 3641 2639 3706 ejus
2659 3643 2839 3700 virtute
2856 3647 3018 3705 dicere
3040 3655 3225 3722 videar,
3254 3661 3341 3712 sed

1769 3717 1892 3771 illud
1918 3725 2185 3779 verendum
2201 3731 2389 3797 potius,
2419 3746 2481 3786 ne
2502 3739 2881 3802 magnitudinem
2899 3762 3059 3802 rerum
3091 3754 3155 3806 ab
3174 3771 3235 3808 eo
3259 3771 3337 3822 ge·

1769 3811 1955 3881 starum
1978 3827 2195 3887 oratioue
2212 3849 2319 3888 mea
2336 3852 2640 3908 nequaquam
2663 3849 2913 3915 attingam.
2949 3855 3049 3922 (49)
3073 3861 3194 3917 Quis
3208 3864 3337 3918 enim

1767 3931 1885 3983 satis
1929 3937 2156 3999 praedicet
2202 3931 2361 3995 virum
2406 3946 2492 3997 tali
2535 3951 2795 4013 praeditum
2846 3955 3064 4025 ingenio,
3110 3966 3193 4029 qui
3240 3981 3335 4020 non

1768 4050 1907 4090 suam
1944 4043 2129 4095 tantum
2158 4046 2328 4100 urbem
2357 4049 2500 4102 bonis
2526 4051 2758 4110 institutis
2796 4063 3030 4128 excoluit,
3060 4067 3146 4118 sed
3188 4071 3334 4124 etiam

1765 4155 1958 4196 omnem
1982 4146 2113 4199 illam
2132 4151 2401 4219 regionem,
2425 4169 2535 4220 quae
2570 4159 2744 4214 insuloe
2768 4162 2973 4218 finitima
2989 4173 3065 4222 est
3078 4203 3099 4236 ,
3118 4172 3183 4224 ad
3200 4187 3332 4227 man·

1765 4249 2067 4305 suetudinem
2102 4259 2154 4308 et
2185 4257 2562 4314 moderationem
2598 4263 2829 4319 deduxit?
2872 4271 3165 4339 Priusquam
3201 4280 3331 4333 enim

1763 4352 2007 4416 Euagoras
2028 4368 2174 4421 regno
2191 4357 2441 4426 potiretur,
2466 4376 2523 4415 ea
2540 4364 2736 4418 fuerunt
2751 4369 2937 4423 soevitia
2948 4374 3000 4425 et
3014 4374 3331 4446 immanitate,

1763 4453 1820 4502 ut
1838 4465 1925 4504 eos
1955 4455 2100 4509 etiam
2124 4457 2361 4524 principes
2384 4464 2607 4526 putarent
2624 4468 2865 4536 optimos,
2884 4473 2968 4537 qui
2999 4477 3198 4532 Graecos
3222 4496 3331 4535 cru·

85 4515 323 4596 199(5υ)ν“ῠ·ν
345 4522 400 4582 δὲ
413 4530 660 4588 τοσοῦτον
685 4529 1180 4610 μεταπεπτῶκασιν,
1201 4533 1328 4598 ὥσθ’
1351 4537 1674 4619 ἁμιλλᾶσθαι
1695 4561 1732 4603 a
1758 4547 2001 4604 delissime
2032 4555 2289 4609 uectarent
2322 4577 2336 4609 ι
2372 4559 2474 4624 (50)
2488 4574 2617 4614 nunc
2636 4577 2753 4618 vero
2775 4580 2929 4634 usque
2950 4572 3073 4626 adeo
3104 4582 3223 4630 sunt
3246 4581 3327 4632 alii

151 4601 228 4678 μὲν
262 4607 430 4682 οἵτινες
469 4617 642 4677 αὐτῶν
681 4617 887 4690 δόξουσι
911 4621 1214 4704 φιλέλληνες
1239 4616 1372 4686 εἶναι
1409 4627 1642 4708 μάλιστα
1655 4677 1674 4709 ,

151 4695 526 4765 παιδοποιεῖσθαι
571 4705 628 4766 δὲ
695 4705 815 4778 τοὺς
869 4711 1141 4782 πλείστους
1190 4716 1362 4776 αὐτῶν
1423 4727 1672 4798 γυναῖκας

151 4782 477 4864 λαμὸάνοντας
499 4795 625 4878 παρ’
645 4800 822 4878 ἡμῶν,
850 4799 1052 4882 χαίρειν
1095 4800 1150 4863 δὲ
1185 4803 1278 4864 καὶ
1307 4815 1411 4875 τοῖς
1436 4809 1672 4888 κτήμασι

153 4871 222 4930 καὶ
243 4877 346 4958 τοῖς
361 4881 736 4964 ἐπιτηδεύμασι
766 4891 874 4957 τοῖς
895 4887 1224 4966 Ἑλληνικοῖς
1261 4897 1460 4972 μᾶλλον
1495 4897 1531 4970 ἢ
1565 4900 1671 4968 τοῖς

104 4973 140 5012 υ)
156 4961 270 5040 παρὰ
294 4967 459 5048 σφίσιν
486 4973 682 5049 αὐτοῖς,
711 4975 918 5046 πλείους
940 4977 995 5038 δὲ
1023 4980 1114 5039 καὶ
1139 4985 1244 5042 τῶν
1270 4983 1390 5068 περὶ
1419 4983 1513 5058 τὴν
1542 5011 1672 5066 μου·

155 5049 276 5124 σικὴν
315 5057 538 5142 καὶπερὶ
576 5061 673 5135 τὴν
717 5063 882 5140 ἄλλην
922 5069 1195 5130 παίδευσιν
1243 5075 1294 5131 ἐν
1331 5073 1528 5144 τούτοις
1564 5086 1670 5147 τοῖς

155 5137 293 5210 τόποις
321 5146 594 5232 διατρίὸειν
619 5151 655 5226 ἢ
691 5158 818 5237 παρ’
844 5147 920 5225 οἶς
957 5157 1208 5242 πρότερον
1244 5163 1477 5234 εἰωθότες
1507 5157 1664 5239 ἦσαν.

1761 4651 1872 4703 tacti
1888 4689 1903 4717 ,
1929 4657 1983 4704 ut
2000 4655 2126 4707 inter
2142 4669 2196 4708 se
2211 4661 2423 4725 certent,
2444 4661 2641 4726 quinam
2660 4679 2720 4718 ex
2742 4667 2814 4720 eis
2848 4673 3128 4726 Graecorum
3151 4691 3323 4731 aman-

1760 4749 1905 4802 tiores
1923 4752 2194 4820 videantur,
2231 4771 2496 4825 eorumque
2530 4762 2725 4827 plurimi
2762 4745 3058 4828 nostratibus
3092 4777 3326 4830 uxoribus

1759 4847 1918 4904 ductis
1930 4851 2106 4906 liberos
2120 4861 2353 4922 quierant,
2370 4864 2419 4912 et
2433 4862 2583 4926 magis
2601 4879 2751 4930 quum
2770 4869 3055 4933 supellectili
3068 4873 3172 4925 tum
3189 4876 3321 4928 insti·

1759 4951 1880 5002 tutis
1913 4955 2202 5009 Graecanicis
2234 4959 2501 5028 gaudeant,
2540 4977 2685 5029 qnam
2722 4967 2889 5031 patriis
2924 4975 2975 5022 et
3012 4972 3314 5041 domesticis,

1756 5055 2011 5124 pluresque
2040 5061 2193 5114 literis
2215 5066 2482 5132 ceterisque
2492 5069 2675 5120 artibus
2686 5071 2871 5123 ‘eruditi
2889 5073 2967 5126 his
2992 5076 3043 5127 in
3072 5077 3195 5130 locis
3212 5093 3322 5132 ver·

1757 5161 1938 5225 centur,
1973 5175 2117 5225 quam
2140 5165 2269 5228 apud
2302 5178 2412 5230 eos,
2441 5167 2529 5218 ubl
2564 5170 2705 5221 antea
2734 5169 2904 5234 degere
2943 5174 3069 5227 soliti
3109 5177 3316 5230 fuerant.

157 5226 242 5286 Καὶ
269 5233 454 5299 τούτων
489 5240 732 5302 ἁπάντων
778 5245 943 5314 οὐδεὶς
979 5246 1120 5318 ὅστις
1161 5251 1256 5310 οὐχ
1293 5251 1356 5312 ἂν
1389 5254 1663 5338 Εὐαγόραν
1689 5255 1732 5320 b
1754 5263 1922 5328 Neque
1945 5277 2060 5316 vero
2084 5266 2337 5332 quisquam
2356 5273 2455 5332 est,
2478 5270 2597 5333 quin
2623 5271 2729 5323 baec
2745 5278 2937 5338 accepta
2959 5289 3067 5330 esse
3086 5279 3315 5344 Euagorae

181 5313 198 5336 Ἰ

156 5335 286 5380 αιτιον
305 5315 429 5388 εἶναι
457 5332 974 5416 προσομολογήσειεν.

1754 5365 1999 5420 reserenda
2023 5366 2243 5420 fateatur.
