3825 5842
558 496 673 549 258

558 617 739 689 θήκαις
755 616 924 681 αὑτοῖς
945 615 1309 685 εἶσποιοῢνται,
1331 609 1525 678 τούτοις
1550 610 1933 680 ἐπιδικάζεσθαι
1955 633 2110 691 προσ·

555 707 672 777 ήκει
712 708 816 763 τῶν
847 701 1109 762 δοθέντων.
1218 700 1307 779 (oi)
1335 701 1458 767 Τοῖς
1482 698 1577 777 μὲν
1601 700 1735 780 γάρ,
1764 698 1843 759 ὅτι
1865 700 2002 782 γόνῳ
2025 722 2112 777 γε-

556 794 784 871 γόνασιν,
814 789 977 857 οὗδεὶς
1005 790 1066 847 ἂν
1096 787 1261 860 δήπου
1291 787 1705 867 ἀμφισὸητήσειε
1733 787 1851 869 περὶ
1873 792 1977 846 τῶν
2003 810 2110 846 πα-

556 881 751 963 τρῴων·
775 878 902 960 πρὸς
926 878 979 937 δὲ
1002 874 1118 943 τοὺς
1143 878 1466 949 εἶσποιήτους
1494 874 1717 943 ἅπαντες
1740 874 1944 936 οἱκατὰ
1969 874 2112 956 γένος

560 968 902 1049 προσήκοντες
924 964 1270 1045 ἅμφισόητεῖν
1291 964 1537 1033 ἀξιοῦσιν.
1620 962 1741 1025 Ἵνα
1761 956 1849 1024 οὗν
1868 963 1944 1043 μὴ
1965 962 2111 1044 παρὰ

485 1080 534 1120 ιο
558 1063 645 1116 τοῦ
671 1053 965 1135 ἐντυχόντος
990 1058 1095 1112 τῶν
1122 1053 1329 1135 κλήρων
1360 1056 1413 1112 αἱ
1436 1054 1605 1126 λήξεις
1633 1062 1737 1120 τοῖς
1762 1051 2110 1135 ἄμφισὸητεῖν

559 1144 885 1225 βουλομένοις
910 1142 1212 1221 γίγνωνται,
1236 1141 1326 1201 καὶ
1352 1141 1424 1218 μὴ
1448 1146 1518 1210 ὡς
1545 1141 1755 1223 ἐρήμων
1780 1145 1879 1200 τῶν
1902 1139 2109 1221 κλήρων

556 1231 941 1300 ἐπιδικάζεσθαί
960 1254 1089 1298 τινες
1107 1231 1367 1306 τολμῶσι,
1388 1230 1567 1290 τούτου
1586 1230 1735 1290 ἕνεκα
1755 1229 1846 1297 τὰς
1869 1231 2110 1288 ἐπιδικα-

557 1322 668 1388 σίας
681 1323 727 1379 οἱ
744 1319 1030 1389 εἶσποίητοι
1041 1319 1228 1386 πάντες
1243 1324 1525 1379 ποιοῦνται.
1544 1318 1631 1399 (⁶2)
1654 1317 1849 1389 Μηδεὶς
1863 1308 1950 1377 οὖν
1965 1320 2110 1394 ὑμῶν

556 1408 806 1487 ἡγείσθω,
844 1410 890 1465 εἰ
929 1406 1129 1484 ἐνόμιζε
1164 1406 1379 1485 γνησίαν
1412 1398 1541 1465 εἶναι
1562 1406 1657 1478 τὴν
1682 1409 1865 1464 ἑαυτοῦ
1889 1412 2111 1483 γυναῖκα

557 1498 846 1567 Ξενοκλῆς,
875 1497 1055 1575 λαχεῖν
1082 1494 1142 1553 ἂν
1175 1494 1305 1575 ὑπὲρ
1334 1497 1490 1567 αὐτῆς
1512 1494 1605 1566 τὴν
1626 1493 1771 1565 λῆξιν
1800 1498 1888 1551 τὀῧ
1919 1492 2111 1573 κλήρου

554 1590 644 1643 τοῦ
670 1582 914 1666 πατρῴου
931 1628 947 1659 ,
976 1586 1090 1641 ἀλλ’
1118 1582 1350 1652 ἐὸάδιζεν
1376 1582 1438 1640 ἂν
1460 1588 1493 1654 ἡ
1522 1582 1709 1661 γνησία
1738 1586 1809 1649 εἰς
1835 1580 1902 1639 τὰ
1925 1584 2113 1651 ἑαυτῆς

479 1694 529 1734 is
557 1676 777 1753 πατρῷα
794 1716 809 1743 ,
840 1670 927 1729 καὶ
950 1670 999 1729 εἴ
1024 1694 1098 1738 τις
1127 1668 1285 1741 αὐτὴν
1316 1673 1562 1751 ἀφῃρεῖτο
1588 1668 1622 1741 ἢ
1649 1669 1909 1742 ἐὸιάζετο,
1937 1668 2111 1746 ἐξῆγεν

558 1760 620 1818 ἂν
650 1762 710 1818 ἐκ
736 1763 839 1817 τῶν
860 1757 1135 1839 πατρῴων,
1160 1757 1251 1816 καὶ
1271 1760 1363 1816 οὒκ
1389 1757 1451 1816 ἂν
1475 1756 1605 1824 ἰδίας
1629 1755 1783 1834 μόνον
1806 1755 1949 1822 δίκας
1965 1753 2118 1836 ἔφευ-

556 1872 645 1928 γεν
673 1850 702 1905 6
732 1846 1058 1927 βιαζόμενος,
1103 1845 1237 1905 ἀλλὰ
1264 1844 1355 1904 καὶ
1400 1843 1629 1925 δημοσίᾳ
1660 1845 2004 1922 εἰσαγγελθεὶς
2044 1844 2114 1909 εἰς

556 1934 643 1995 τὸν
675 1934 905 2014 ἄρχοντα
934 1932 1245 1993 ἐκινδύνευεν
1276 1932 1338 1991 ἂν
1356 1932 1477 2013 περὶ
1514 1938 1605 1992 τοῦ
1631 1930 1873 2008 σώματος
1900 1928 1992 1990 καὶ
2021 1933 2114 2001 τῆς

558 2024 734 2090 οὐσίας
762 2022 971 2096 ἁπάσης
992 2026 1085 2096 τῆς
1110 2025 1315 2083 ἑαυτοῦ.
1424 2022 1511 2102 (6.3)
1548 2016 1673 2083 Ἔτι
1699 2020 1743 2078 δ’
1774 2018 1836 2080 ἂν
1863 2018 2113 2101 πρότερον

558 2117 649 2171 τοῦ
672 2112 987 2178 Ξενοκλέους
1005 2115 1051 2169 οἱ
1074 2116 1164 2169 τοῦ
1189 2110 1401 2190 Πύρρου
1424 2115 1584 2188 θεῖοι,
1612 2112 1656 2168 εἶ
1680 2108 1872 2190 ᾔδεσαν
1896 2106 2113 2186 γνησίαν

559 2198 818 2279 θυγατέρα
861 2202 936 2279 τῷ
982 2201 1180 2257 ἑαυτῶν
1232 2199 1489 2279 ἀδελφιδῷ
1534 2195 1982 2273 καταλειπομένην
2023 2194 2114 2254 καὶ

556 2289 709 2364 ἡμῶν
742 2285 940 2363 μηδένα
973 2285 1261 2362 λαμὸοίνειν
1290 2285 1529 2346 ἐθέλοντα
1557 2284 1743 2362 αὐτήν,
1776 2286 1869 2343 οὐκ
1898 2284 1960 2342 ἄν
1989 2306 2115 2343 ποτε

481 2386 537 2426 ²⁰
560 2372 845 2455 ἐπέτρεψαν
870 2374 1161 2447 Ξενοκλέα,
1186 2373 1273 2433 τὸν
1295 2374 1593 2452 μηδαμόθεν
1615 2372 1777 2452 μηδὲν
1802 2371 1940 2450 γένει
1959 2394 2116 2453 προσ-

559 2462 753 2533 ήκοντα
784 2462 1007 2544 Πύρρῳ,
1041 2462 1271 2523 λαθόντα
1304 2462 1441 2544 ἔχειν
1462 2464 1557 2536 τὴν
1582 2461 1719 2523 κατὰ
1741 2462 1885 2539 γένος
1915 2460 2117 2541 προσή-

561 2574 753 2611 κουσαν
767 2554 939 2617 αὑτοῖς
955 2558 1198 2628 γυναῖκα.
1228 2552 1315 2631 (ca)
1342 2554 1424 2613 Ἣ
1444 2551 1603 2611 δεινόν
1619 2555 1668 2629 γ’
1688 2550 1750 2610 ἂν
1766 2549 1846 2623 εἴη
1857 2596 1868 2609 .
1892 2548 2006 2617 Τὰς
2021 2549 2115 2627 μὲν

562 2638 662 2698 ὑπὸ
686 2641 788 2697 τῶν
820 2637 1059 2719 πατέρων
1095 2639 1387 2707 ἐκδοθείσας
1413 2638 1503 2698 καὶ
1538 2638 1870 2706 συνοικούσας
1898 2637 2116 2717 ἀνδράσι

561 2728 807 2805 γυναῖκας
824 2726 971 2807 (περὶ
994 2717 1067 2786 ῶν
1090 2725 1165 2793 τίς
1188 2725 1251 2787 ἂν
1280 2726 1487 2805 ἄμεινον
1509 2725 1543 2799 ἢ
1568 2732 1596 2786 6
1614 2726 1792 2806 πατὴρ
1817 2725 2120 2806 βουλεύσαι-

561 2840 621 2876 το
636 2814 685 2897 3)
709 2850 785 2864 —
803 2815 894 2875 καὶ
907 2816 998 2883 τὰς
1017 2814 1150 2875 οὕτω
1170 2814 1419 2889 δοθείσας,
1437 2815 1498 2874 ἂν
1520 2819 1548 2875 6
1562 2812 1735 2895 πατὴρ
1753 2816 1922 2873 αὐτῶν
1943 2818 2118 2873 τελευ-

562 2905 699 2985 τήσῃ
720 2905 794 2983 μὴ
816 2903 1119 2964 καταλιπὼν
1144 2905 1325 2972 αὐταῖς
1350 2902 1587 2984 γνησίους
1606 2902 1854 2985 ἀδελφούς
1867 2947 1884 2977 ,
1906 2910 2014 2970 τοῖς
2033 2905 2118 2983 ἐγ-

566 2993 766 3074 γύτατα
792 2995 965 3072 γένους
990 2990 1246 3059 ἐπιδίκους
1270 2997 1297 3051 ὁ
1312 2993 1464 3070 νόμος
1483 2983 1613 3051 εἶναι
1632 2990 1850 3065 κελεύει,
1873 2991 1965 3051 καὶ
1987 2994 2115 3050 πολ·

486 3098 541 3137 25
566 3081 651 3143 λοὶ
683 3087 1030 3148 συνοικοῦντες
1056 3082 1159 3153 ἤδη
1184 3079 1478 3163 ἀφῄρηνται
1504 3080 1600 3148 τὰς
1626 3084 1823 3139 ἑαυτῶν
1849 3087 2116 3159 γυναῖκας·

568 3168 655 3250 (aa)
675 3160 788 3229 εἶτα
807 3168 900 3236 τὰς
915 3167 1007 3246 μὲν
1024 3168 1124 3227 ὑπὸ
1136 3171 1239 3227 τῶν
1256 3168 1495 3249 πατέρων
1512 3167 1805 3233 ἐκδοθείσας
1818 3166 1905 3226 διὰ
1927 3165 2013 3225 τὸν
2031 3165 2117 3225 νό-

570 3282 665 3337 μον
690 3256 743 3327 ἐξ
763 3257 993 3334 ἀνάγκης
1008 3255 1265 3323 ἐπιδίκους
1282 3246 1411 3314 εἶναι
1425 3254 1695 3337 προσήκει·
1716 3256 1966 3314 Ξενοκλεῖ
1987 3252 2042 3313 δὲ
2058 3255 2118 3313 ἄν

566 3372 643 3415 τις
674 3346 780 3407 τόδ’
822 3345 1071 3427 ἐπέτρεψε
1090 3350 1192 3405 τῶν
1220 3350 1309 3405 τοῦ
1336 3344 1548 3425 Πύρρου
1578 3342 1743 3415 θείων,
1769 3345 1813 3401 εἶ
1842 3334 1905 3415 ἧν
1928 3342 2118 3421 γνησία

568 3436 799 3515 θυγάτηρ
815 3434 994 3515 ἐκείνῳ
1006 3432 1452 3511 καταλειπομένη,
1468 3431 1699 3491 λαὸόντα
1716 3430 1853 3511 ἔχειν
1868 3428 1963 3503 τὴν
1976 3429 2113 3491 κατὰ

571 3522 713 3602 γένος
728 3521 1095 3604 προσήκουσαν
1120 3524 1293 3587 αὑτοῖς
1311 3523 1548 3598 γυναῖκα,
1570 3520 1659 3579 καὶ
1672 3518 1931 3591 τοσαύτης
1945 3519 2121 3587 οὐσίας

570 3615 746 3670 τοῦτον
763 3614 1090 3681 καταστῆναι
1105 3606 1426 3690 κληρονόμον
1442 3608 1551 3667 ἄνθ’
1568 3610 1793 3681 ἑαυτῶν,
1818 3610 1903 3685 (oo)
1929 3607 2021 3679 Μὴ
2038 3630 2122 3667 νο-

486 3718 543 3761 ao
570 3696 759 3775 μίσητε
784 3698 959 3773 ὑμεῖς,
988 3685 1031 3753 ὦ
1057 3694 1235 3776 ἄνδρες
1253 3719 1264 3732 ·
1283 3694 1445 3763 οὐδεὶς
1467 3694 1568 3775 γὰρ
1596 3694 1877 3777 ἀνθρώπων
1898 3702 2041 3773 μισεῖ
2065 3694 2122 3755 τὸ

569 3788 889 3859 λυσιτελοῦν,
922 3783 1039 3843 οὐδὲ
1061 3782 1183 3865 περὶ
1210 3782 1440 3850 πλείονος
1467 3783 1583 3850 τοὺς
1612 3782 1909 3864 ἀλλοτρίους
1938 3786 2122 3844 ἑαυτοῦ

568 3878 813 3935 ποιεῖται.
838 3871 971 3935 Ἐὰν
1002 3863 1087 3932 οὖν
1114 3870 1536 3953 προφασίζωνται
1560 3868 1645 3930 διὰ
1671 3869 1765 3942 τὴν
1798 3877 1889 3931 τοῦ
1919 3870 2123 3933 Ἐνδίου

570 3963 777 4035 ποίησιν
804 3961 878 4039 μὴ
904 3960 1132 4020 ἐπίδικον
1166 3950 1297 4018 εἶναι
1325 3958 1421 4032 τὴν
1444 3960 1696 4039 γυναῖκα,
1720 3958 1811 4018 καὶ
1836 3958 1921 4017 διὰ
1956 3966 2124 4019 ταῦτα

572 4047 647 4127 μὴ
671 4053 833 4130 φῶσιν
861 4047 1261 4129 ἀμφισὸητῆσαι
1285 4049 1469 4120 αὐτῆς,
1493 4051 1695 4128 πρῶτον
1724 4047 1817 4125 μὲν
1842 4050 2010 4106 ἐκεῖνα
2033 4050 2125 4107 αὖ·

572 4134 692 4204 τοὺς
736 4136 943 4217 ἐρέσθαι
986 4135 1122 4217 χρή,
1168 4138 1215 4194 εἰ
1255 4137 1622 4213 ὁμολογοῦντες
1660 4136 1755 4206 τὴν
1790 4140 1883 4193 τοῦ
1919 4133 2125 4195 Ἐνδίου

572 4224 781 4295 ποίησιν
824 4224 925 4283 ὕπὸ
960 4230 1052 4283 τοῦ
1098 4221 1305 4304 Πύρρου
1337 4222 1571 4300 γενέσθαι
1601 4220 1988 4298 ἐπεσκημμένοι
2026 4220 2128 4281 εἰσὶ

574 4320 699 4389 τοῖς,
720 4311 1148 4393 μεμαρτυρηκόσι
1174 4316 1371 4383 ταῦτα,
1406 4312 1494 4389 (67)
1524 4301 1637 4370 εἶτα
1672 4310 2014 4391 παρελθόντες
2041 4308 2127 4369 τὸν

497 4420 549 4461 ³5
576 4399 867 4456 τελευταῖον
890 4404 981 4457 τοῦ
1007 4398 1148 4458 οἴκου
1166 4396 1505 4478 γεγενημένον
1530 4399 1848 4480 κληρονόμον
1877 4404 1966 4458 τοῦ
1988 4396 2129 4478 Πύρ-

578 4508 667 4561 ρου
691 4485 884 4564 κλήρου
904 4484 1001 4557 τὴν
1026 4485 1171 4557 λῆξιν
1199 4488 1382 4566 λαχεῖν
1410 4485 1636 4557 ἠξίωσαν
1665 4488 1811 4567 παρὰ
1837 4488 1924 4547 τὸν
1948 4487 2124 4565 νόμον.

578 4574 719 4652 Πρὸς
757 4574 811 4631 δὲ
838 4574 1034 4641 τούτοις
1061 4574 1225 4633 ἐκεῖνο
1249 4574 1433 4641 αὐτοὺς
1454 4574 1628 4653 ἔρεσθε
1646 4620 1661 4647 ,
1692 4575 1743 4633 εἴ
1766 4598 1841 4643 τις
1864 4580 1965 4634 τῶν
1995 4598 2130 4653 γνη-

580 4662 703 4719 σίων
752 4666 907 4720 αθτοῦ
954 4664 1338 4733 ἐπιδικάζεσθαι
1384 4661 1535 4730 ἀξιοῖ.
1634 4666 1816 4723 Ταῦτα
1862 4662 1990 4743 πρὸς
2034 4664 2128 4735 τὴν

580 4748 842 4808 ἀναίδειαν
870 4755 1037 4809 αὐτῶν
1056 4751 1391 4810 πυνθάνεσθε.
1422 4750 1515 4816 Ὡς
1533 4752 1579 4807 δ’
1602 4740 1665 4821 ἦν
1683 4752 1904 4817 ἐπίδικος
1925 4755 1958 4822 ἡ
1981 4750 2129 4829 γυνή,

578 4836 629 4895 εἴ
658 4860 755 4917 περ
782 4838 967 4911 γνησία
993 4838 1385 4920 καταλειφθείη,
1416 4841 1474 4896 ἐκ
1502 4842 1603 4896 τῶν
1628 4839 1798 4913 νόμων
1828 4837 2130 4919 σαφέστατα

582 4930 764 5001 μαθεῖν
795 4927 906 4985 ἔστι
930 4934 1096 4987 τοῦτο.
1165 4932 1253 5007 (68)
1289 4927 1353 4989 Ὁ
1377 4926 1479 5006 γὰρ
1506 4926 1660 5005 νόμος
1689 4927 1970 5007 διαρρήδην
1991 4926 2131 5005 λέγει

580 5012 767 5082 ἐξεῖναι
803 5014 1065 5076 διαθέσθαι
1091 5016 1231 5083 ὅπως
1260 5016 1322 5075 ἂν
1347 5006 1497 5096 ἐθέλῃ
1525 5039 1601 5083 τις
1629 5012 1695 5074 τὰ
1720 5018 1900 5087 αὑτοῦ,
1935 5013 2022 5072 ἐὰν
2055 5014 2128 5089 μὴ

502 5120 559 5160 ⁴0
580 5103 773 5171 παῖδας
798 5102 1035 5182 γνησίους
1059 5102 1324 5185 καταλίπῃ
1356 5104 1591 5185 ἄρρενας·
1622 5100 1684 5162 ἂν
1714 5101 1775 5177 δὲ,
1797 5099 2004 5173 θηλείας
2029 5124 2130 5159 κα-

584 5190 809 5271 ταλίπῃ,
852 5191 945 5251 σὺν
971 5191 1201 5261 ταύταις.
1302 5194 1509 5275 Οὐκοῦν
1546 5190 1682 5273 μετὰ
1709 5194 1811 5251 τῶν
1838 5186 2130 5271 θυγατέρων

585 5278 697 5342 ἶστι
723 5281 897 5339 δοῦναι
924 5281 1015 5339 καὶ
1036 5281 1299 5341 διαθέσθαι
1326 5280 1392 5339 τὰ
1422 5284 1597 5341 αὑτοῦ·
1630 5277 1751 5340 ἄνευ
1776 5278 1830 5339 δὲ
1864 5282 1968 5339 τῶν
2005 5301 2131 5358 γνη-

1402 480 1666 541 mmor
1710 481 1758 539 O
1802 480 1984 540 ΠΕΡΙ
2027 480 2178 540 ΤΟΥ
2223 482 2532 545 ΠΥΡΡΟΥ
2575 485 2899 545 ΚΑΗΡΟΥ.

3515 494 3694 568 (sa-—rsl

2202 621 2414 685 adoptati
2435 622 2640 686 suerint,
2667 622 2776 673 illos
2793 624 2980 687 oportet
3001 638 3196 688 operam
3225 624 3337 677 dare
3358 629 3410 678 ut
3433 628 3546 680 bona
3559 634 3634 684 sibi
3651 638 3701 687 le-

2196 704 2305 763 gata
2335 716 2366 751 a
2383 702 2628 765 judicibus
2649 703 3001 767 adjudicentur.
3068 706 3170 767 (61)
3195 706 3297 756 Illis
3321 708 3470 771 mum,
3495 713 3594 773 quia
3615 722 3702 765 natu

2197 779 2333 828 liberi
2351 782 2492 843 sunt,
2533 793 2676 830 nemo
2707 782 2846 831 facile
2886 783 3266 833 controversiam
3295 783 3357 833 de
3389 786 3516 835 bouis
3538 792 3706 851 paternis

2197 858 2428 920 moverit;
2460 870 2572 907 cum
2600 857 2842 921 adoptatis
2859 862 3021 909 autem
3055 861 3247 923 cognati
3281 875 3443 913 omnes
3455 864 3529 925 jus
3547 872 3704 919 conten·

2196 934 2340 985 dendi
2370 935 2547 986 babere
2581 937 2845 999 postulant.
2909 942 3064 1003 Super
3085 938 3432 991 hereditatibus
3449 942 3592 1005 itaque
3611 960 3659 997 ne
3685 963 3705 998 a

2196 1027 2486 1078 quocunque
2505 1014 2796 1066 contendere
2817 1018 3011 1068 volente
3033 1020 3140 1069 lites
3173 1024 3500 1085 moverentur,
3521 1026 3564 1072 et
3581 1039 3632 1075 ne
3648 1041 3706 1075 es-

2197 1094 2302 1141 sent
2323 1092 2412 1155 qui
2451 1093 2742 1145 hereditates
2771 1096 2919 1147 veluti
2957 1096 3196 1147 desolatas
3223 1098 3316 1147 sibi
3337 1102 3542 1161 peterent
3559 1102 3706 1163 adiudi-

2197 1170 2324 1233 cari,
2349 1175 2597 1235 propterea
2613 1173 2732 1224 dant
2749 1174 2964 1238 adoptati
2999 1190 3166 1227 omnes
3195 1189 3390 1239 operam
3415 1182 3468 1227 ut
3493 1178 3572 1228 sibi
3592 1180 3707 1245 legata

2199 1250 2404 1301 formula
2422 1252 2546 1314 iuris
2575 1253 2925 1315 adjudicentur.
2992 1256 3092 1318 (62)
3123 1259 3280 1307 Nemo
3297 1256 3397 1319 iam
3414 1262 3606 1307 vestram
3632 1264 3708 1311 exi·

2197 1334 2359 1384 stImet
2379 1336 2636 1385 Xenoclem
2648 1372 2664 1398 ,
2691 1336 2730 1387 si
2744 1340 2957 1401 putasset
2975 1353 3178 1390 uxorem
3197 1352 3338 1389 suam
3359 1340 3558 1404 legitime
3583 1348 3707 1397 natam

2198 1428 2325 1478 esse,
2359 1430 2447 1479 pro
2475 1430 2533 1468 ea
2553 1431 2696 1483 supcr
2715 1421 2979 1472 hereditate
3009 1424 3157 1487 ipsius
3185 1426 3387 1485 paterna
3411 1428 3708 1481 contentionem

2199 1498 2343 1551 ruisse
2359 1505 2710 1565 suscepturum.
2778 1505 2852 1554 Nil
2872 1506 3049 1556 minus.
3077 1507 3200 1557 Filia
3223 1507 3432 1569 legitime
3451 1512 3555 1559 nata
3573 1512 3606 1560 si
3627 1514 3709 1563 iuis·

2201 1586 2302 1648 set,
2325 1587 2476 1640 tacita
2495 1588 2548 1638 tn
2571 1588 2700 1639 bona
2719 1590 2920 1653 paterna
2948 1590 3270 1655 immigrasset
3284 1630 3301 1657 ,
3329 1606 3479 1657 eaque
3497 1596 3535 1645 si
3555 1600 3644 1661 quis
3662 1602 3709 1652 illi

2201 1668 2411 1721 adimere
2431 1684 2516 1735 per
2537 1673 2636 1723 vim
2656 1678 2856 1725 conatus
2881 1678 3020 1739 esset,
3039 1691 3068 1729 e
3089 1678 3192 1729 suis
3213 1692 3327 1728 eum
3346 1680 3570 1743 ejecisset,
3589 1684 3710 1736 homo·

2201 1766 2298 1817 que
2313 1755 2550 1819 ejusmodi
2568 1757 2848 1810 violentiam
2865 1773 3012 1811 ausus
3033 1776 3132 1811 non
3151 1762 3369 1825 privatas
3389 1764 3655 1819 solummodo
3668 1770 3707 1820 li·

2201 1839 2274 1888 tes
2295 1837 2492 1889 baberet
2511 1838 2840 1905 decertandas,
2860 1855 3030 1892 verum
3050 1842 3198 1893 etiam
3214 1844 3346 1907 apud
3363 1846 3616 1897 archontem
3631 1865 3709 1903 reus

2202 1920 2277 1982 agi
2299 1923 2460 1983 posset
2475 1933 2564 1972 ceu
2585 1922 2810 1973 turbator
2835 1924 2965 1987 pacis
2981 1925 3186 1990 publicae
3209 1930 3260 1977 et
3282 1927 3709 1983 indiscrimenincur-

2202 2008 2330 2055 reret
2343 2007 2593 2058 amittendi
2611 2009 2780 2071 capitis
2797 2010 3198 2077 fortunarumque
3219 2014 3456 2065 omnium.
3476 2016 3564 2079 (63)
3589 2018 3709 2081 Adde,
3759 2052 3761 2075 f

2203 2091 2336 2153 quod
2361 2092 2530 2155 Pyrrhi
2553 2095 2806 2157 avunculi,
2841 2095 2882 2145 si
2909 2096 3107 2148 scissent
3125 2110 3156 2147 a
3173 2111 3354 2150 sororis
3371 2112 3471 2149 suae
3495 2100 3584 2151 iilic
3603 2103 3709 2153 tiliam

2203 2178 2456 2239 genuinam
2475 2192 2576 2231 esse
2593 2180 2808 2231 relictam
2821 2216 2837 2243 ,
2865 2184 2916 2233 et
2933 2185 3154 2235 nostrum
3171 2186 3420 2237 neminem
3439 2187 3564 2237 illam
3581 2192 3708 2241 mulie·

2203 2276 2306 2313 rem
2325 2263 2376 2311 in
2397 2264 2764 2317 matrimonium
2785 2268 2964 2319 ducere
2987 2270 3140 2333 velle,
3171 2271 3389 2334 proiecto
3412 2286 3504 2321 non
3521 2275 3710 2335 permisis·

2203 2348 2311 2397 sent
2327 2348 2526 2397 Xenocli
2555 2351 2631 2411 ut,
2651 2350 2737 2413 qui
2757 2350 2891 2401 nullo
2911 2354 3054 2415 pacto
3068 2353 3311 2416 Pyrrhum
3323 2358 3584 2417 cognatione
3600 2359 3709 2409 attin-

2203 2435 2364 2497 geret,
2401 2434 2532 2485 iilam
2564 2437 2818 2487 mulierem
2844 2450 3009 2487 secum
3045 2442 3306 2501 cognatam
3345 2439 3433 2489 sibi
3471 2440 3709 2505 praeriperet.

2207 2518 2305 2579 (64)
2330 2521 2498 2571 Gravis
2519 2522 2688 2585 utique
2707 2536 2785 2573 res
2829 2523 2968 2574 i'oret.
3033 2528 3156 2575 Nam
3183 2526 3316 2589 leges
3344 2524 3533 2576 edicunt
3557 2528 3605 2577 ut
3631 2541 3709 2577 mn-

2203 2601 2344 2653 lieres
2373 2604 2436 2654 ab
2465 2605 2579 2668 ipsis
2617 2608 2834 2670 patribus
2886 2608 3085 2660 elocatae
3128 2611 3180 2661 et
3216 2611 3321 2674 iam
3371 2612 3422 2662 in
3461 2614 3710 2663 matrimonio

2204 2683 2427 2749 degentes
2461 2687 2554 2751 (de
2591 2688 2767 2752 quibus
2797 2690 2905 2755 quis
2937 2692 3112 2742 melius
3147 2693 3266 2743 filim
3304 2707 3450 2756 quam
3479 2698 3600 2758 pater
3629 2710 3710 2746 oon·

2205 2772 2395 2837 sulati’)
2412 2809 2427 2835 ‚
2455 2776 2513 2825 ut
2547 2775 2626 2825 vel
2651 2775 2722 2825 sic
2743 2777 2969 2839 elocata‘„
3003 2776 3233 2842 inquam,
3258 2793 3410 2842 quum
3435 2784 3558 2843 pater
3587 2794 3711 2831 earum

2205 2849 2487 2915 decesserit,
2511 2854 2644 2903 nulla
2672 2855 2807 2917 prole
2839 2857 3054 2905 mascula
3085 2856 3304 2919 legitima
3327 2857 3509 2921 relicta,
3535 2860 3714 2921 proximis

2205 2941 2376 2990 genere
2397 2928 2448 2979 in
2473 2930 2834 2981 matrimonium
2863 2946 2894 2982 a
2911 2932 3157 2995 judicibus
3179 2932 3538 3000 adjudicentur3
3571 2938 3612 2986 et
3636 2951 3712 2999 pro·

2207 3006 2333 3056 fecto
2351 3008 2619 3069 complures
2630 3009 2730 3070 iam
2749 3010 2818 3061 sic
2835 3009 3067 3061 uxoribus
3085 3011 3312 3061 mulctati
3325 3014 3460 3073 sunt,
3480 3012 3712 3076 quibuscum

2202 3082 2488 3145 jamdudum
2515 3086 2883 3139 cohabitassent.
2950 3086 3048 3152 (65)
3077 3089 3234 3151 Igitur
3257 3102 3408 3152 quum
3425 3103 3529 3152 quae
3553 3090 3607 3139 ab
3634 3090 3714 3153 ipsis

2207 3161 2423 3223 patribus
2453 3162 2650 3214 elocatae
2687 3165 2800 3215 sunt
2815 3202 2830 3228 ,
2867 3165 2972 3228 lege
3005 3168 3348 3217 controversiae
3387 3181 3464 3217 eas
3497 3169 3713 3218 necessario

2207 3252 2310 3291 esse
2339 3241 2574 3292 obnoxias
2595 3244 2842 3306 oporteat,
2875 3243 3074 3294 Xenocli
3095 3245 3266 3295 tamen
3284 3246 3612 3295 avunculorum
3633 3248 3714 3308 Pyr-

2207 3318 2282 3369 rbi
2317 3334 2443 3371 unus
2479 3322 2651 3385 aliquis
2685 3322 2974 3385 permisisset
3015 3324 3066 3373 et
3105 3337 3314 3375 uxorem
3349 3324 3538 3375 domum
3577 3325 3714 3375 ducere

2207 3400 2295 3450 sibi
2331 3400 2418 3463 ipsi
2445 3402 2838 3465 convenientem,
2875 3402 2916 3451 si
2947 3403 3159 3465 Pyrrhus
3185 3404 3338 3453 filiam
3369 3404 3602 3466 genuinam
3631 3404 3714 3453 reli-

2209 3478 2415 3541 quisset,
2437 3479 2718 3543 tantamque
2743 3480 3060 3529 substantiam
3097 3480 3200 3543 ipse
3223 3480 3316 3532 sibi
3339 3481 3617 3544 denegasset,
3643 3484 3713 3531 Xe·
3757 3522 3759 3533 .

2209 3556 2334 3605 nocli
2366 3556 2642 3607 tribuisset?
2707 3558 2808 3621 (66)
2830 3557 2988 3609 Nolite
3015 3558 3121 3608 illos
3141 3561 3246 3609 tam
3273 3561 3445 3611 stultos
3472 3560 3712 3609 existimare.

2210 3638 2359 3686 Nemo
2369 3636 2558 3685 lucrum
2573 3636 2710 3686 facile
2717 3637 2981 3696 aversatur,
2996 3649 3085 3685 nec
3094 3636 3279 3686 alienos
3291 3637 3379 3687 sibi
3389 3638 3580 3700 praesert.
3591 3637 3714 3695 Quod·

2210 3715 2251 3765 si
2277 3728 2388 3779 ergo
2408 3717 2644 3779 praetextu
2669 3717 2867 3766 utentur
2895 3717 3014 3777 hoc,
3039 3717 3094 3765 ut
3126 3716 3260 3767 aiant
3290 3720 3476 3781 propter
3495 3717 3713 3780 adoptatio·

2211 3806 2323 3843 nem
2337 3792 2476 3842 Endii
2493 3794 2830 3843 controversiae
2847 3794 3099 3843 mulierem
3111 3794 3244 3843 baud
3259 3794 3308 3844 i'u
3314 3796 3401 3844 isse
3413 3794 3660 3855 obnoxiam,
3679 3796 3714 3843 et

2211 3870 2387 3920 idcirco
2406 3870 2470 3920 de
2499 3883 2555 3919 ea
2594 3870 2852 3920 obtinenda
2873 3870 2924 3920 in
2950 3870 3058 3934 jure
3078 3872 3372 3921 contendere
3396 3885 3444 3921 se
3479 3874 3630 3934 negent
3647 3885 3712 3920 vo·
3758 3864 3759 3875 ³

2211 3948 2382 4009 luisse,
2423 3948 2634 4010 primum
2659 3948 2754 3997 hoc
2780 3948 3014 3999 debebitis
3035 3962 3117 3999 eos
3149 3949 3465 4012 interrogare,
3500 3962 3633 4011 quum
3657 3950 3711 3997 ia-

2213 4028 2341 4076 ctam
2367 4038 2396 4075 a
2425 4025 2611 4089 Pyrrho
2632 4024 2771 4075 Endii
2798 4025 3037 4075 fateantur
3057 4026 3415 4089 adoptationem
3429 4062 3443 4088 ‚
3473 4040 3554 4075 cur
3579 4028 3706 4076 tamen

2212 4105 2487 4167 oppugnent
2499 4116 2581 4153 eos
2593 4105 2737 4153 testes
2749 4102 2831 4166 qui
2851 4104 3058 4154 Endium
3076 4116 3106 4153 a
3125 4105 3312 4167 Pyrrho
3328 4104 3585 4167 adoptatum
3601 4105 3712 4153 fuisse

2212 4182 2374 4233 testati
2405 4184 2551 4233 sunt?
2579 4182 2677 4245 (67)
2697 4180 2895 4244 deinde,
2913 4194 3067 4245 quum
3091 4182 3410 4245 praeterissent
3437 4196 3537 4232 eum
3553 4182 3625 4244 qui
3645 4182 3712 4230 bo-

2212 4274 2390 4312 norum
2417 4274 2446 4310 a
2475 4260 2660 4324 Pyrrho
2686 4259 2962 4311 relictorum
2997 4261 3268 4322 postremus
3303 4274 3526 4324 possessor
3547 4263 3588 4309 et
3605 4259 3710 4309 heres

2214 4340 2407 4401 fuisset,
2431 4352 2519 4387 cur
2543 4341 2708 4388 tamen
2741 4338 2912 4386 contra
2942 4337 3197 4387 formulam
3229 4337 3354 4398 iuris
3384 4336 3653 4387 hereditatem
3671 4336 3708 4383 in

2211 4417 2322 4481 jure
2337 4419 2498 4480 petere
2513 4429 2644 4465 nunc
2657 4415 2852 4465 demum
2865 4414 3124 4477 incipiant?
3143 4416 3357 4478 Denique
3369 4428 3447 4465 eos
3459 4414 3706 4475 interrogate,

2215 4509 2334 4546 num
2353 4496 2463 4558 quis
2493 4493 2734 4558 legitimus
2763 4492 2974 4555 postulet
3003 4491 3186 4555 dejure
3208 4496 3261 4541 in
3296 4493 3418 4543 bona
3433 4506 3514 4543 sua
3528 4492 3706 4541 immitti?

2218 4580 2318 4629 Has
2333 4576 2620 4641 quoestiones
2643 4574 2868 4637 opponite
2885 4586 2972 4622 vos
2997 4586 3166 4622 eurum
3191 4573 3507 4637 impudentiae.
3563 4571 3706 4621 Philam

2217 4660 2379 4709 autem
2397 4653 2730 4707 controversiae
2757 4652 2923 4715 utique
2939 4652 3200 4703 obnoxiam
3223 4653 3366 4703 fuisse
3381 4688 3394 4714 ,
3411 4652 3449 4703 si
3469 4650 3631 4714 quidem
3653 4652 3704 4699 le·

2217 4736 2382 4800 gitime
2399 4737 2512 4784 nata
2534 4731 2704 4794 suerit,
2737 4731 2788 4782 id
2811 4744 2926 4780 vero
2945 4730 3056 4781 licet
3071 4745 3098 4781 e
3124 4731 3306 4794 legibus
3335 4744 3474 4795 quam
3501 4729 3708 4780 evidentis·

2217 4816 2336 4865 sime
2347 4825 2554 4863 cernere.
2572 4811 2670 4873 (68)
2689 4814 2782 4860 Lex
2800 4810 2928 4859 enim
2940 4811 3170 4873 expressis
3183 4810 3339 4860 verbis
3353 4811 3416 4860 ita
3429 4808 3630 4872 praecipit,
3646 4806 3710 4869 qui
3755 4864 3757 4867 Α

2217 4894 2400 4956 prolem
2430 4888 2692 4939 masculam
2711 4888 2893 4937 nullam
2913 4887 3178 4950 relinquat,
3201 4889 3243 4936 ei
3263 4888 3401 4937 licere
3417 4888 3530 4937 bona
3553 4897 3624 4933 sna
3647 4896 3711 4945 per
3755 4886 3757 4893 ⁴

2217 4974 2557 5024 testamentum
2581 4969 2848 5029 cuicunque
2869 4967 2988 5017 velit
3007 4967 3165 5029 legare
3190 4969 3296 5017 :sin
3312 4970 3463 5017 autem
3483 4967 3594 5016 idem
3618 4964 3713 5013 filias

2218 5052 2483 5115 relinquat,
2519 5048 2588 5099 ita
2622 5048 2875 5098 valituram
2906 5058 3008 5097 esse
3032 5046 3325 5097 voluntatem
3361 5046 3521 5109 patris,
3546 5048 3617 5103 ut,
3647 5042 3709 5103 qui

2217 5130 2530 5183 hereditatem
2549 5126 2654 5191 ejus
2677 5126 2843 5188 adeat,
2861 5125 2903 5174 is
2931 5136 3031 5173 una
3060 5136 3254 5187 quoque
3285 5123 3424 5173 tiliam
3439 5124 3486 5172 in
3501 5120 3708 5172 matrimo-

2218 5216 2352 5266 nium
2369 5211 2532 5263 ducat.
2593 5209 2727 5261 Licet
2744 5219 2855 5270 ergo
2872 5205 3018 5256 alicui
3034 5205 3160 5256 bona
3177 5220 3264 5256 sua
3280 5208 3452 5269 legare,
3469 5202 3503 5253 sl
3524 5214 3605 5251 una
3621 5211 3708 5249 cnm

2217 5292 2357 5346 bonis
2373 5291 2520 5342 tiliam
2551 5300 2744 5353 quoque
2760 5282 2916 5339 eidem
2946 5283 3130 5348 deleget
3147 5285 3281 5348 pater
3309 5296 3428 5335 :non
3455 5278 3557 5331 licet
3571 5279 3702 5328 autem
