3825 5842
1396 475 1403 484 -
1460 435 1980 504 AncmDAMUs.
3239 457 3310 510 τε

140 581 223 662 χὺς
245 579 315 640 ἔτι
334 577 422 638 καὶ
444 581 533 636 νῦν
560 575 846 649 ἀηττήτους
872 577 1030 658 ἔχειν,
1074 576 1165 656 (ιο)
1198 578 1245 636 εἰ
1271 576 1327 636 δὲ
1354 575 1669 658 φοὸηθὲντες

138 669 237 736 τοὺς
260 666 484 733 ἐπιόντας
516 664 775 735 κινδύνους
811 665 1151 747 προησόμεθά
1190 690 1241 726 τι
1270 669 1371 726 τῶν
1392 665 1667 747 ἡμετέρων

140 761 302 830 αὐτῶν,
329 755 681 838 βεὸαιώσομεν
702 755 795 825 τὰς
816 755 1071 828 Θηὸαίων
1092 756 1391 826 ἀλαζονείας
1416 756 1507 817 καὶ
1533 753 1665 816 πολὺ

141 848 415 929 σεμνότερον
437 846 687 928 τρόπαιον
713 851 805 904 τοῦ
848 845 969 927 περὶ
994 851 1235 926 Λεῦκτρα
1256 846 1346 906 καὶ
1378 845 1667 929 φανερώτε·

90 953 109 992 s
140 961 211 1020 ρον
238 937 485 1012 στήσομεν
511 939 627 994 καθ’
656 939 809 1013 ἡμῶν
851 937 1049 994 αὐτῶν·
1078 935 1139 994 τὸ
1168 933 1262 1013 μὲν
1292 935 1395 1016 γὰρ
1420 933 1666 1016 ἀτυχίας,

136 1025 187 1086 τὸ
212 1026 261 1085 δὲ
278 1029 365 1096 τ’ἧς
387 1026 641 1104 ἡμετέρας
664 1025 889 1092 διανοίας
906 1023 1056 1084 ἔσται
1078 1023 1439 1104 γεγενημένον.
1470 1023 1670 1097 Μηδεὶς

139 1105 213 1174 οὗν
238 1118 361 1193 ὑμᾶς
380 1112 535 1195 πείσῃ
557 1111 822 1182 τοιαύταις
847 1113 1119 1195 αἰσχύναις
1144 1111 1243 1185 τὴν
1268 1116 1420 1176 πόλιν
1446 1113 1669 1196 περιὸα·

141 1207 249 1267 λεῖν.

1755 592 1943 643 animos
1960 597 2122 644 sutem
2137 593 2294 646 adhuc
2315 593 2520 646 invictos
2542 595 2592 648 et
2607 599 2792 649 erectos
2803 609 2966 662 gerere
2985 598 3150 652 videri.
3215 599 3318 666 (ιο)

1756 691 1805 742 Si
1819 704 1933 742 vero
1950 696 2080 743 metu
2097 691 2444 746 imminentium
2458 695 2776 758 periculorum
2791 697 3046 762 quicquam
3057 697 3230 762 dejure
3241 712 3320 749 no·

1758 791 1857 840 stro
1868 791 2260 854 concesserimus,
2275 791 2572 844 insolentiam
2585 794 2922 845 Thebanorum
2934 794 3321 848 confirmabImus

1757 894 1805 940 et
1830 893 2063 954 tropeum
2084 891 2336 941 Leuctrico
2355 891 2436 941 illo
2459 892 2612 942 multo
2637 893 2829 956 gravius
2846 897 2895 944 et
2913 893 3144 945 illustrius
3161 898 3324 944 eontra

1757 1006 1847 1042 nos
1870 993 1961 1057 ipsi
1992 993 2244 1055 erigemus.
2311 997 2434 1046 Nam
2465 995 2586 1046 illud
2619 996 2816 1060 quidem
2843 996 3060 1048 adversm
3092 997 3324 1050 fortunae.

1758 1089 1851 1140 boc
1868 1091 2032 1140 autem
2053 1096 2231 1141 nostrae
2265 1091 2467 1154 ignaviae
2491 1091 2744 1142 tribuetur.
2807 1093 3053 1144 Neminem
3073 1093 3218 1156 igitur
3237 1105 3326 1142 vos

1759 1186 1987 1238 inducere
2009 1187 2281 1250 patiamini,
2303 1191 2359 1238 ut
2381 1191 2568 1240 tautum
2590 1188 2798 1242 dedecus
2816 1191 3008 1253 publice
3035 1188 3322 1253 suscipiatis.

205 1315 267 1358 11.
306 1293 489 1357 Καίτοι
518 1293 639 1355 λίαν
676 1293 951 1375 προθύμως
976 1297 1027 1354 Οἱ
1065 1293 1339 1376 σύμμαχοι
1376 1295 1671 1373 συμςεςου,
1692 1293 1739 1359 b
1832 1287 1903 1330 ιι.
1934 1283 2000 1331 At
2017 1293 2132 1331 vero
2153 1283 2266 1332 socii
2291 1283 2434 1333 nimis
2460 1296 2662 1347 propere
2680 1283 2874 1348 quidem
2895 1284 2961 1334 illi
2981 1283 3118 1335 vobis
3141 1297 3321 1335 consu-

80 1396 119 1436 10
138 1383 355 1442 λιύκασιν
394 1387 514 1462 ὑμῖν
542 1387 614 1450 ὣς
652 1381 761 1464 χρὴ
784 1383 1069 1456 Μεσσήνην
1096 1383 1317 1459 ἀφέντας
1356 1382 1675 1456 ποιήσασθαι

138 1470 218 1544 τὴν
243 1472 457 1554 εἰρήνην.
546 1463 644 1541 Οἷς
679 1473 825 1550 ὑμεῖς
858 1471 1071 1541 δικαίως
1113 1470 1177 1532 ἂν
1218 1471 1501 1552 ὀργίζοισθε
1542 1467 1676 1528 πολὺ

142 1563 313 1638 μᾶλλον
348 1561 381 1633 ἢ
418 1569 523 1630 τοῖς
557 1559 611 1631 ἐξ
649 1563 817 1642 ἀρχῆς
846 1564 1138 1620 ἀποστᾶσιν
1183 1563 1356 1639 ἡμῶν.
1450 1560 1676 1621 Ἐκεῖνοι

143 1647 220 1727 μὲν
236 1648 331 1730 γὰρ
353 1650 599 1734 ἀφέμενοι
615 1655 707 1722 τῆς
729 1649 989 1731 ἡμετέρας
1004 1649 1177 1732 φιλίας
1198 1647 1291 1717 τὰς
1310 1651 1480 1707 αὑτῶν
1502 1647 1678 1716 πόλεις

143 1734 411 1810 ἀπώλεσαν,
439 1741 513 1805 εἰς
537 1737 749 1806 στάσεις
775 1737 869 1797 καὶ
888 1735 1091 1818 σφαγὰς
1113 1737 1203 1797 καὶ
1226 1733 1489 1802 πολιτείας
1516 1757 1677 1808 πονη-

83 1843 121 1882 1⁶
142 1823 219 1904 ρὰς
252 1824 585 1903 ἒμὸαλόντες.
612 1817 755 1886 οὗτοι
777 1825 821 1885 δ’
842 1829 985 1902 ἡμᾶς
1006 1824 1194 1896 ἥκουσι
1221 1826 1397 1891 κακῶς
1425 1821 1676 1893 ποιήσον-

1766 1377 1959 1427 luerunt
1993 1375 2170 1426 omissa
2199 1378 2416 1427 Messena
2437 1390 2602 1441 pacem
2633 1379 2688 1428 ut
2721 1377 2928 1428 feceritis
2961 1390 2977 1427 ε
3020 1377 3200 1441 quibus
3239 1390 3327 1428 vos

1764 1473 1919 1524 multo
1949 1473 2140 1536 oequius
2173 1473 2224 1520 et
2258 1471 2448 1534 gravius
2482 1471 2780 1536 irascamini,
2804 1486 2947 1537 quam
2984 1473 3044 1522 iis
3083 1473 3164 1537 qui
3193 1472 3330 1522 initio

1764 1581 1793 1618 s
1810 1568 1952 1620 nobis
1986 1570 2277 1622 deiecerunt.
2339 1572 2416 1624 Illi
2439 1573 2566 1623 enim
2587 1585 2738 1636 quum
2763 1571 2824 1622 ab
2847 1571 3055 1622 amicitia
3076 1577 3238 1621 nostra
3271 1583 3324 1621 se

1766 1665 2121 1729 removissent,
2145 1678 2260 1716 suas
2279 1666 2369 1730 ipsi
2389 1666 2534 1717 urbes
2551 1666 2814 1729 exagitatas
2835 1665 3146 1716 seditionibus
3168 1667 3218 1716 et
3239 1679 3328 1716 cm·

1765 1759 1911 1810 dibus
1967 1763 2248 1823 mutatoque
2289 1765 2416 1811 statu
2451 1761 2502 1810 in
2533 1760 2742 1811 deterius
2781 1762 3085 1820 everterunt5
3123 1759 3172 1808 1ιὶ
3215 1772 3330 1810 vero

1766 1855 1905 1905 nobis
1931 1867 2100 1905 nocere
2123 1855 2404 1916 instituunt,
2472 1855 2572 1919 (12)
2595 1855 2679 1917 qui
2705 1857 2924 1905 auctores
2947 1866 3053 1904 esse
3074 1866 3170 1903 non
3198 1851 3333 1904 dubi·

141 1935 221 1978 τες
246 1914 328 1990 (¹²)
348 1912 439 1986 τὴν
456 1913 561 1995 γὰρ
582 1912 828 1987 &fimfav
848 1919 976 1990 ἡμῖν
992 1916 1039 1973 οἵ
1052 1913 1295 1994 πρόῖθνοι
1315 1910 1451 1990 μετὰ
1470 1912 1677 1970 πολλῶν
1703 1926 1739 1968 ⁰
1768 1953 1900 2012 tent,
1927 1953 1980 1999 ut
2001 1949 2198 2012 gloriam
2225 1963 2311 2014 per
2345 1949 2669 2014 septingentos
2690 1961 2843 1998 annos
2864 1947 3052 2011 maguis
3085 1947 3333 1998 laboribus

143 2001 372 2061 κινδύνων·
388 2004 442 2061 ἐν
478 2002 810 2071 ἑπτακοσίοις
842 2002 981 2062 ἔτεσι
1018 2001 1339 2079 κτησάμενοι
1376 1999 1677 2072 κατέλιπον,

145 2089 317 2163 ταύτην
343 2095 394 2151 ἐν
425 2091 593 2174 ὀλίγῳ
626 2091 803 2174 χρόνῳ
824 2091 1087 2152 πείθουσιν
1114 2096 1256 2168 ἡμᾶς
1283 2081 1593 2164 ἀποὸαλεῗν,
1656 2112 1680 2156 ς

143 2175 234 2237 οὔτ’
256 2181 640 2262 ἀπρεπεστέραν
660 2185 726 2262 τῇ
757 2180 1115 2258 Λακεδαίμονι
1145 2177 1417 2261 συμφορὰν
1445 2175 1562 2237 οὔτε
1586 2179 1681 2235 δει-

82 2291 125 2330 so
142 2267 327 2348 νοτίραν
348 2267 586 2330 οὗδίποτ’
602 2270 667 2329 ἂν
688 2273 852 2350 εὑρεῖν
868 2268 1219 2342 ἠδυνήθησαν.
1243 2268 1332 2346 (la)
1356 2268 1445 2334 Εἰς
1461 2271 1613 2325 τοῦτο
1631 2265 1679 2324 δ’

143 2355 305 2428 ἥκουσι
346 2357 645 2428 πλεονεξίας
673 2359 763 2420 καὶ
803 2357 1063 2429 τοσαύτην
1100 2361 1253 2434 ἡμῶν
1290 2355 1682 2434 κατεγνώκασιν

143 2445 405 2527 ἀνανδρίαν,
439 2445 581 2507 ὥστε
614 2443 870 2515 πολλάκις
904 2450 1050 2522 ἡμᾶς
1085 2444 1397 2513 ἀξιώσαντες
1426 2441 1557 2524 ὑπὲρ
1589 2445 1685 2514 τῆς

146 2537 287 2592 αὑτῶν
309 2536 571 2613 πολεμεῖν,
600 2533 730 2615 ὑπὲρ
760 2534 1045 2606 Μεσσήνης
1079 2535 1173 2592 οὐκ
1201 2533 1394 2592 οἴονται
1434 2533 1537 2592 δεῖν
1569 2554 1683 2590 κιν-

1769 2051 1819 2097 ct
1848 2046 2072 2111 periculis
2093 2045 2328 2108 maiorum
2357 2047 2537 2109 partam
2559 2044 2794 2108 nobisque
2815 2057 2901 2108 per
2919 2055 3091 2093 manus
3112 2042 3332 2094 traditam

1768 2142 1942 2203 exiguo
1983 2144 2228 2191 momento
2263 2139 2492 2203 temporis
2521 2139 2833 2202 abjiciamus,
2875 2151 2971 2202 quo
3003 2137 3334 2189 Lacedaemoni

1766 2250 1926 2301 neque
1964 2235 2353 2286 contumeliosius
2393 2246 2483 2284 nec
2520 2233 2738 2283 acerbius
2771 2233 3032 2297 quicquam
3063 2232 3333 2295 excogitare

1768 2334 2050 2398 potuissent.
2131 2331 2233 2396 (13)
2268 2331 2402 2381 Adeo
2438 2342 2581 2393 porro
2617 2329 2693 2379 sui
2727 2327 2998 2391 compendii
3021 2341 3134 2378 cnm
3170 2331 3334 2378 nostro

1772 2429 2077 2482 incommodo
2096 2428 2296 2480 studiosi
2315 2431 2446 2490 sunt,
2467 2438 2651 2489 nosque
2675 2425 2744 2474 ita
2763 2424 2961 2487 ignavos
2987 2437 3094 2474 esse
3110 2426 3334 2488 censent,

1770 2533 1827 2579 ut
1844 2541 1967 2592 qnos
1989 2540 2120 2591 saepe
2146 2525 2209 2575 sd
2229 2526 2410 2576 bellum
2443 2537 2528 2588 pro
2560 2524 2662 2573 suis
2685 2523 2810 2584 agris
2838 2520 3098 2585 gerendum
3130 2520 3335 2584 impule-

146 2621 357 2696 δυνεύειν,
388 2625 503 2684 ἀλλ’
532 2620 606 2681 ἵν’
633 2619 781 2682 αὐτοὶ
815 2621 911 2695 τὴν
946 2620 1203 2704 σφετέραν
1234 2623 1406 2680 αὐτῶν
1434 2622 1681 2703 ἀσφαλῶς
1704 2618 1747 2682 d
1772 2628 1909 2685 runt,
1928 2623 2122 2674 eosdem
2144 2633 2272 2672 nunc
2288 2620 2350 2670 de
2371 2622 2592 2670 Messena
2611 2629 2820 2680 pugnare
2839 2616 3029 2679 ’θῑθῦῑὸ
3055 2617 3106 2663 ³²
3127 2628 3226 2678 ‘1¹¹0
3245 2615 3338 2680 ¹9⁸1

84 2729 125 2768 ιο
145 2714 441 2790 καρπῶνται,
482 2713 772 2792 πειρῶνται
814 2709 1077 2771 διδάσκειν
1122 2714 1263 2788 ἡμᾶς
1308 2712 1379 2776 ὡς
1420 2706 1524 2790 χρὴ
1575 2708 1680 2775 τοῖς

144 2800 315 2880 ἐχθροῖς
338 2805 427 2874 τῆς
450 2797 716 2882 ἡμετέρας
742 2804 1160 2882 παραχωρῆσαι,
1183 2798 1275 2858 καὶ
1302 2797 1431 2880 πρὸς
1448 2805 1557 2866 τοῖς
1585 2796 1678 2856 ἄλ·

144 2891 233 2956 λοις
252 2892 617 2950 ἐπαπειλοῦσιν
638 2893 711 2958 ὣς
736 2891 781 2949 εἰ
800 2887 877 2966 μὴ
904 2895 1074 2948 ταῦτα
1097 2887 1509 2972 συγχωρήσομεν
1532 2909 1683 2960 ποιη-

145 2977 324 3056 σόμενοι
344 2979 437 3052 τὴν
478 2977 695 3061 εἰρήνην
731 2975 870 3037 κατὰ
893 2987 1027 3059 σφᾶς
1064 2976 1268 3045 αὐτούς.
1352 2979 1439 3054 (ιε)
1461 2974 1605 3055 Ἐγὼ
1634 2977 1680 3034 δ’

145 3068 193 3125 οὗ
226 3068 441 3150 τοσούτῳ
476 3064 851 3150 χαλεπώτερον
892 3071 1123 3145 ἡγοῦμαι
1156 3065 1243 3126 τὸν
1280 3063 1513 3126 κίνδυνον
1554 3067 1681 3142 ἡμῖν

86 3181 126 3221 sn
144 3155 322 3218 ἔσεσθαι
338 3161 425 3218 τὸν
446 3158 571 3218 ἄνευ
602 3156 817 3230 τούτων,
842 3155 949 3238 δσῳ
976 3153 1178 3216 καλλίω
1206 3155 1297 3215 καὶ
1319 3151 1680 3234 λαμπρότερον

144 3245 219 3304 καὶ
244 3246 378 3328 παρὰ
409 3257 574 3306 πᾶσιν
605 3244 892 3328 ἀνθρώποις
922 3241 1356 3325 ὀνομαστότερον·
1391 3242 1453 3302 τὸ
1478 3240 1579 3322 γὰρ
1606 3238 1681 3318 μὴ

146 3335 199 3392 δι’
224 3334 394 3417 ἐτέρων
436 3333 581 3396 ἀλλὰ
612 3336 679 3394 δι’
718 3339 871 3412 ἡμῶν
908 3337 1079 3393 αὐτῶν
1114 3337 1393 3415 πειρᾶσθαι
1427 3329 1681 3398 σώζεσθαι
1712 3342 1748 3384 e

145 3423 219 3480 καί
238 3424 590 3505 περιγενέσθαι
613 3428 719 3484 τῶν
741 3427 939 3505 ἐχθρῶν
956 3421 1366 3503 ὁμολογούμενον
1381 3420 1487 3488 τοῖς
1510 3419 1687 3486 ἄλλοις

146 3511 234 3579 τοῖς
255 3517 341 3585 τῆς
359 3513 561 3581 πόλεως
584 3511 752 3593 ἔργοις
775 3510 931 3572 ἐστίν.

88 3621 125 3658 ss
210 3621 269 3660 ιε.
306 3601 441 3663 Οὐδὲ
468 3601 688 3662 πώποτε
710 3599 765 3660 δὲ
786 3600 969 3678 λόγους
996 3597 1301 3678 ἀγαπήσας,
1347 3597 1465 3656 ἀλλ’
1492 3595 1573 3654 ἀεὶ
1596 3617 1686 3654 νο-

150 3688 289 3762 μίζων
322 3689 437 3759 roba
464 3690 593 3772 περὶ
632 3694 787 3750 τοῦτο
824 3687 1185 3770 διατρίὸοντας
1220 3684 1530 3767 ἀργοτέρους
1558 3673 1689 3743 εἶναι

1768 2721 1870 2775 suis
1892 2720 2066 2784 opibus
2089 2732 2258 2769 secure
2291 2715 2529 2778 fruantur,
2553 2713 2840 2780 persuadere
2869 2712 3095 2763 studeant
3118 2710 3336 2762 hostibus

1768 2821 1831 2871 de
1850 2820 2015 2870 nostro
2030 2817 2141 2880 iure
2157 2813 2425 2865 cedendum
2442 2823 2574 2876 esse;
2591 2823 2750 2875 neque
2771 2809 2847 2859 bis
2873 2809 3088 2860 contenti
3109 2809 3336 2860 miniten-

1770 2922 1851 2971 tur
1868 2919 2040 2979 etiam,
2081 2915 2178 2966 nisi
2209 2913 2540 2973 assentiamur,
2567 2923 2620 2962 se
2643 2921 2810 2974 pacem
2845 2924 2932 2974 pro
2964 2921 3072 2960 sese
3105 2909 3334 2960 facturos.

1774 3017 1873 3080 (14)
1892 3019 1993 3078 Ego
2028 3027 2145 3064 vero
2167 3013 2240 3062 sic
2275 3011 2525 3072 existimo,
2548 3022 2644 3060 non
2675 3013 2771 3058 tam
2795 3007 2898 3059 fore
2931 3007 3074 3058 nobis
3108 3005 3211 3056 sine
3233 3005 3338 3056 istis

1772 3114 1881 3164 belli
1923 3112 2178 3162 discrimen
2222 3108 2438 3173 gravius,
2475 3119 2622 3170 quam
2661 3105 2932 3182 honestius·
2947 3105 2998 3155 et
3023 3103 3256 3155 illustrius
3291 3105 3339 3152 et

1772 3209 1901 3274 apud
1931 3219 2098 3259 omnes
2130 3204 2356 3256 mortales
2393 3202 2664 3266 gloriosius.
2759 3203 2882 3252 Nam
2926 3199 2968 3251 si
3003 3212 3102 3249 non
3135 3198 3339 3249 aliorum

1772 3320 1864 3371 opc
1886 3305 2012 3366 freti,
2036 3302 2120 3354 sed
2139 3302 2316 3353 nostris
2339 3299 2530 3351 subnixi
2561 3297 2744 3349 viribus
2780 3309 2888 3347 csse
2904 3295 3166 3346 incolumes
3192 3294 3339 3344 victo·

1778 3414 1950 3465 resque
1975 3399 2188 3449 hostium
2213 3395 2492 3448 studeamus
2507 3429 2524 3456 ,
2545 3392 2598 3443 id
2618 3391 2790 3443 ceteris
2809 3393 2986 3442 nostrae
3003 3389 3214 3440 civitatis
3236 3387 3343 3438 saci·

1776 3496 1975 3548 noribus
1993 3497 2068 3546 est
2085 3496 2474 3544 consentaneum.

1843 3590 1913 3636 15.
1949 3584 2056 3636 Etsi
2078 3596 2192 3634 vero
2226 3577 2548 3645 eloquentiam
2577 3587 2828 3640 nunquam
2857 3574 3079 3638 suspexi,
3115 3572 3200 3624 scd
3223 3573 3344 3624 istos

1775 3683 1857 3746 qui
1905 3683 1956 3733 in
1994 3694 2054 3732 eo
2091 3678 2238 3730 studii
2273 3689 2446 3741 genere
2480 3675 2802 3735 versarentur,
2845 3672 2894 3722 in
2939 3671 3083 3722 rebus
3125 3668 3344 3734 gerendis

74 3777 253 3856 119πρὸς
276 3777 363 3847 τὰς
384 3779 633 3861 πράξεις,
654 3784 743 3838 νῦν
768 3775 914 3838 οὐδὲν
937 3776 1001 3836 ἂν
1028 3775 1149 3858 περὶ
1172 3775 1407 3843 πλείονος
1437 3771 1689 3846 ποιησαί-
1714 3788 1752 3829 a
1774 3781 2040 3847 ignaviores
2065 3792 2172 3832 esse
2191 3773 2489 3836 existimavi,
2514 3785 2642 3823 nunc
2665 3773 2830 3822 tamen
2850 3767 2968 3818 nihil
2995 3767 3114 3817 mihi
3146 3767 3344 3830 perinde

149 3889 235 3940 μην
264 3866 295 3938 ἢ
323 3870 605 3942 δυνηθῆναι
635 3865 757 3950 περὶ
791 3870 894 3926 τῶν
936 3863 1293 3948 προκειμένων
1327 3867 1398 3930 ὣς
1434 3861 1691 3942 βούλομαι

148 3955 358 4016 διελθεῖν·
396 3960 451 4017 ἐν
491 3955 600 4037 γὰρ
640 3958 719 4038 τῷ
754 3953 975 4037 παρόντι
1003 3952 1090 4013 διὰ
1130 3951 1326 4013 τούτων
1364 3952 1557 4019 ἐλπίζω
1592 3973 1692 4028 με·-

90 4063 129 4100 ⁴⁰
146 4043 307 4120 γίστων
327 4051 535 4122 ἀγαθῶν
556 4044 719 4113 αἴτιος
746 4043 807 4104 ἂν
834 4043 1068 4124 γενέσθαι
1088 4048 1155 4124 τῇ
1176 4042 1345 4102 πόλει.
1370 4042 1455 4116 (ῐο)
1475 4041 1693 4122 Πρῶτον

151 4129 227 4208 μὲν
258 4126 337 4194 οὗν
371 4126 521 4214 οἶμαι
560 4136 668 4193 δεῖν
710 4135 1048 4212 διαλεχθῆναι
1074 4130 1203 4211 πρὸς
1244 4133 1383 4208 ὑμᾶς
1407 4127 1463 4188 ὃν
1503 4127 1692 4206 τρόπον

151 4221 448 4302 ἐκτησάμεθα
466 4222 757 4295 Μεσσήνην
775 4221 867 4281 καὶ
883 4221 949 4280 δι’
966 4219 1027 4288 ἃς
1046 4221 1214 4288 αἰτίας
1234 4221 1285 4278 ἐν
1307 4215 1695 4297 Πελοποννήσῳ

150 4314 463 4394 κατῳκήσατε
494 4313 719 4396 Δωριεῖς
746 4311 808 4370 τὸ
836 4309 1064 4370 παλαιὸν
1086 4308 1247 4376 ὄντες.
1332 4305 1435 4367 Διὰ
1460 4311 1616 4365 τοῦτο
1638 4303 1695 4364 δὲ

150 4403 461 4484 προλήψομαι
488 4399 919 4484 πορρωτέρωθεν,
957 4395 1025 4456 ἵν’
1058 4385 1327 4469 ἐπίστησθ’
1376 4393 1457 4454 ὅτι
1495 4392 1693 4464 ταύτην

94 4495 131 4537 ⁴⁵
153 4489 263 4564 ὑμᾶς
292 4491 381 4563 τήν
420 4491 609 4573 χώραν
659 4491 1015 4570 ἐπιχειροῦσιν
1064 4485 1386 4564 ἀποστερεῖν,
1435 4481 1499 4554 ἣν
1548 4483 1696 4556 ὑμεῖς
1713 4489 1759 4555 b

152 4577 274 4637 οὐδὲν
298 4572 448 4653 ἧττον
487 4579 525 4652 ἢ
558 4577 657 4652 τὴν
700 4577 867 4650 ἄλλην
910 4573 1283 4652 Λακεδαίμονα
1329 4569 1583 4643 κε’κτησθε
1620 4571 1697 4629 δι·

153 4665 304 4736 καίως.

220 4776 278 4821 17.
320 4757 547 4831 Ἐπειδὴ
577 4755 679 4837 γὰρ
716 4755 989 4838 Ἡρακλῆς
1018 4749 1309 4832 μετήλλαξε
1331 4747 1418 4808 τὸν
1451 4745 1560 4828 βίον
1589 4745 1700 4814 θεὸς

160 4844 205 4902 ἐκ
228 4851 397 4919 θνητοῦ
420 4845 729 4926 γενόμενος,
756 4841 894 4904 κατὰ
930 4842 1025 4921 μὲν
1057 4839 1224 4922 ἀρχὰς
1255 4841 1303 4900 οἱ
1335 4839 1517 4904 παῖδες
1539 4839 1698 4895 αὐτοῦ

104 4946 139 4982 ⁵0
159 4931 226 4990 διὰ
244 4935 331 5008 τὴν
348 4941 449 4996 τῶν
475 4938 679 5016 ἐχθρῶν
698 4933 919 5012 δύναμιν
944 4934 996 4990 ἐν
1018 4930 1227 4996 πολλοῖς
1244 4926 1459 4990 πλάνοις
1482 4922 1570 4985 καὶ
1594 4947 1699 4984 κιν·

164 5019 299 5090 &bow
326 5015 481 5098 ἦσαν,
520 5022 931 5095 τελευτήσαντος
966 5020 1010 5079 δ’
1046 5015 1352 5098 Εὐρυσθέως
1380 5012 1698 5095 κατῴκησαν

164 5111 205 5166 ἓν
224 5119 509 5194 Δωριεῦσιν.
599 5112 726 5174 Ἐπὶ
749 5111 800 5171 δὲ
822 5110 999 5193 τρίτης
1016 5117 1194 5187 γενεᾶς
1222 5107 1292 5173 εἷς
1313 5105 1548 5190 Δελφοὺς
1571 5099 1713 5181 ἀφίῖ

162 5203 618 5284 κοντο,χρήσασθαι
647 5207 723 5284 τῷ
765 5199 994 5280 μαντείῳ
1020 5196 1141 5280 περί
1167 5219 1317 5256 τινων
1350 5190 1697 5274 βουληθέντες.

1778 3881 1829 3930 in
1853 3879 1978 3928 votis
2001 3882 2102 3938 est,
2127 3887 2272 3940 quam
2309 3877 2364 3922 ut
2398 3871 2462 3921 de
2503 3865 2764 3932 propositis
2789 3864 2935 3915 rebus
2963 3877 3023 3915 ex
3063 3863 3212 3914 animi
3247 3863 3342 3914 mei

1782 3974 2016 4027 sententia
2055 3971 2201 4022 verba
2225 3969 2375 4018 iacere
2397 3963 2595 4029 possim.
2659 3959 2803 4020 Quod
2826 3961 2868 4011 si
2887 3973 3042 4011 essem
3068 3961 3342 4022 assecutus,

1784 4085 1860 4121 me
1892 4066 2167 4132 reipublicae
2199 4061 2457 4126 plurimum
2485 4059 2578 4108 hoc
2608 4061 2823 4116 tempore
2855 4065 3098 4119 sperarem
3129 4052 3344 4116 prolutu-

1788 4181 1915 4219 rum.
1984 4163 2082 4226 (ιῦ)
2110 4167 2180 4212 Ac
2203 4159 2408 4224 primum
2431 4153 2768 4219 exponendum
2802 4152 2938 4202 vobis
2973 4147 3050 4200 'est
3084 4162 3182 4213 quo
3205 4152 3347 4212 pacto

1784 4271 2004 4318 Messena
2029 4263 2078 4312 in
2100 4263 2309 4310 vestram
2332 4257 2616 4321 potestatem
2640 4251 2830 4303 venerit
2859 4252 2909 4300 et
2931 4261 3053 4314 quas
3076 4247 3141 4298 ob
3177 4257 3348 4296 causas

1784 4363 1833 4413 in
1860 4361 2203 4423 Peloponneso,
2219 4366 2372 4418 quum
2391 4350 2646 4402 Dorienses
2667 4361 2694 4398 a
2712 4347 2865 4412 prima
2888 4344 2995 4395 sitis
3017 4343 3215 4405 origine,
3235 4354 3347 4392 con·

1784 4455 2022 4508 sederitis.
2087 4452 2245 4502 Altius
2261 4455 2424 4500 autem
2453 4460 2555 4497 rem
2582 4448 2731 4494 totam
2753 4444 3002 4507 propterea
3027 4441 3269 4502 repetam,
3297 4439 3350 4488 ut

1784 4551 2060 4616 intelligatis
2071 4564 2178 4602 eam
2197 4527 2488 4613 provinciam
2513 4543 2648 4594 vobis
2669 4541 2814 4605 eripi,
2834 4553 2979 4603 quam
3001 4550 3098 4588 non
3118 4529 3350 4586 deteriore

1783 4652 1889 4714 jure
1910 4661 2056 4712 quarn
2077 4645 2309 4708 reliquam
2330 4639 2724 4694 Lacedaemonem
2741 4633 3009 4698 possidetis.

1854 4749 1930 4795 17.
1966 4746 2128 4802 Quum
2176 4739 2304 4790 euim
2341 4735 2574 4788 Hercules
2609 4745 2638 4782 e
2668 4731 2814 4780 rebus
2859 4726 3084 4778 humanis
3131 4723 3351 4774 sublatus

1788 4837 2056 4890 immortale
2077 4846 2188 4885 cum
2207 4832 2299 4882 diis
2317 4842 2480 4881 aevum
2502 4839 2640 4890 agere
2661 4823 2886 4887 coepisset
2899 4856 2914 4881 ,
2933 4818 3066 4868 initio
3088 4815 3224 4866 liberi
3247 4814 3352 4876 ejus

1788 4929 1853 4979 ob
1876 4927 2177 4978 inimicorum
2202 4919 2468 4986 potentiam
2499 4915 2643 4965 variis
2675 4910 2914 4964 erroribus
2937 4906 3226 4969 agebantur3
3245 4905 3353 4966 post

1789 5023 1977 5074 obitum
2017 5024 2178 5070 alutem
2221 5013 2472 5077 Eurysthei
2524 5008 2650 5073 apud
2701 5007 2959 5057 Dorienses
3013 4995 3350 5048 consederunt.

1789 5113 1951 5165 Tertia
1988 5111 2188 5160 demum
2223 5108 2365 5156 aetatc
2402 5102 2543 5152 certis
2577 5098 2640 5148 de
2681 5095 2824 5146 rebus
2869 5087 3116 5154 oraculum
3159 5081 3352 5149 petituri

1787 5203 2002 5267 Delphos
2029 5202 2143 5250 sunt
2163 5194 2377 5261 profecti.
2443 5195 2625 5242 Verum
2655 5183 2826 5248 Apollo
2845 5179 2906 5230 ad
2935 5175 3225 5242 quaestiones
3247 5185 3352 5236 pro·

169 5285 223 5346 Ὁ
239 5287 286 5349 ἃ
308 5292 414 5360 0¹2³<
437 5291 563 5374 περὶ
596 5291 689 5370 μὲν
726 5281 799 5351 ὧν
825 5286 1173 5370 ἐπηρώτησαν
1214 5287 1307 5345 οὒκ
1332 5283 1553 5360 ἀνεῖλεν,
1584 5278 1699 5338 ἕκέ-
1726 5296 1762 5336 C
1788 5293 1965 5358 positas
2004 5288 2125 5340 nibil
2159 5282 2432 5349 respoudit,
2451 5277 2608 5331 sedin
2646 5273 2846 5339 patriam
2887 5274 3062 5319 terram
3096 5275 3180 5314 eos
3223 5260 3354 5311 abire
