3825 5842
1295 280 1374 325 f

113 474 342 559 (oti—017)

111 599 186 679 γὰρ
207 596 311 664 τοὺς
336 583 598 660 κινδόνους
623 592 714 654 καὶ
746 592 1000 672 μεγάλους
1032 592 1120 651 καὶ
1164 591 1488 671 πανταχόθεν
1527 613 1624 648 πε-

115 684 430 765 ριεστηκότας·
453 682 734 741 ἐπίστασθε
753 680 808 739 δὲ
831 680 910 740 ὅτι
924 684 958 751 ἡ
978 678 1070 757 μὲν
1096 678 1233 760 ἀρχὴ
1257 682 1362 739 τῶν
1385 676 1622 759 κρατούν·

114 798 190 831 των
211 777 296 842 τῆς
316 770 602 847 θαλάσσης,
623 770 726 826 τῶν
751 767 806 827 δὲ
830 769 1118 849 χρημάτων
1141 766 1382 847 βασιλεὺς
1401 764 1594 843 ταμίας
1609 809 1626 838 ,

115 861 166 918 τὰ
183 860 230 917 δὲ
248 862 344 918 τῶν
367 857 638 927 Ἑλλήνων
660 855 882 933 σώματα
901 861 1006 915 τῶν
1043 857 1372 915 δαπανᾶσθαι
1402 852 1626 930 δυναμέο

70 972 89 1014 ι
115 972 212 1025 νων,
232 952 347 1013 ναῦς
373 946 428 1004 δὲ
455 943 656 1010 πολλὰς
684 941 778 1020 μὲν
807 942 960 1011 αὐτὸς
989 942 1272 1022 κέκτηται,
1303 941 1500 1009 πολλὰς
1529 944 1572 1000 δ’
1600 944 1628 999 ὃ

115 1036 322 1115 τύραννος
346 1038 438 1106 τῆς
451 1032 718 1100 Σικελίας.
807 1033 872 1111 (6)
901 1032 1070 1091 “sse-re
1098 1030 1237 1099 ἄξιον
1270 1030 1356 1089 τὸν
1379 1031 1473 1109 μὲν
1502 1028 1628 1110 πρὸς

117 1124 334 1194 ἀλλήλους
349 1122 578 1200 πόλεμον
601 1118 944 1194 καταθέσθαι,
964 1123 1030 1199 τῇ
1055 1120 1100 1177 δ’
1124 1121 1258 1199 αὐτῇ
1281 1117 1464 1197 γνώμῃ
1487 1140 1628 1197 χρω-

119 1212 266 1288 μίνους
299 1216 387 1283 τῆς
427 1209 684 1287 σωτηρίας
725 1206 1062 1289 ἀντέχεσθαι,
1103 1208 1192 1267 καὶ
1228 1208 1346 1287 περὶ
1387 1206 1482 1284 μὲν
1523 1209 1627 1265 τῶν

119 1298 510 1381 παρεληλυθότων
545 1296 880 1377 αἰσχύνεσθαι
896 1341 914 1376 ,
946 1295 1067 1377 περὶ
1103 1294 1158 1355 δὲ
1191 1299 1293 1354 τῶν
1332 1294 1625 1372 μελλόντων

61 1402 100 1441 10
119 1385 292 1445 ἔσεσθαι
313 1385 528 1445 δεδιέναι
543 1431 559 1458 ,
579 1386 668 1443 καὶ
687 1384 804 1452 τοὺς
822 1384 1100 1465 προγόνους
1118 1390 1390 1462 μιμεῖσθαι
1405 1428 1422 1457 ,
1447 1380 1498 1443 οἳ
1513 1380 1628 1449 τοὺς

119 1472 192 1547 μὲν
224 1472 512 1554 βαρὸἄρους
544 1471 792 1544 ἐποίησαν
827 1476 919 1543 τῆς
955 1471 1230 1548 ἀλλοτρίας
1255 1473 1629 1548 ἐπιθυμοῦντας

117 1565 188 1630 rii<
219 1560 457 1643 σφετέρας
504 1563 672 1619 αὗτῶν
718 1562 1052 1641 ἐστερῆσθαι,
1096 1559 1214 1627 τοὺς
1260 1558 1315 1618 δὲ
1357 1558 1629 1641 τυράννους

118 1646 412 1715 ἐξελάσαντες
431 1647 609 1721 κοινὴν
637 1646 804 1705 ἅπασι
830 1646 925 1718 τὴν
952 1646 1244 1727 ἐλευθερίαν
1273 1645 1624 1719 κατέστησαν.

119 1736 168 1813 (7)
189 1736 447 1813 Θαυμάζω
476 1736 529 1795 δὲ
555 1734 997 1813 Λακεδαιμονίους
1025 1734 1232 1794 πάντων
1249 1734 1502 1814 μάλιστα,
1530 1733 1628 1793 τίνι

59 1830 98 1871 ΙΙ
116 1822 216 1880 ποτὲ
235 1824 412 1904 γνώμῃ
441 1824 704 1905 χρώμενοι
735 1823 1016 1901 καιομένην
1053 1822 1147 1895 τὴν
1176 1822 1412 1884 Ἑλλάδα
1455 1846 1626 1903 περιο-

117 1914 260 1988 ρῶσιν,
300 1911 546 1990 ἡγεμόνες
569 1910 708 1979 ὄντες
749 1914 855 1970 τῶν
889 1909 1157 1982 Ἑλλήνων
1196 1912 1290 1971 οὐκ
1324 1911 1511 1978 ἀδίκως
1537 1910 1630 1968 καὶ

117 1998 185 2055 διὰ
203 1999 286 2069 τὴν
311 2000 536 2082 ἔμφυτον
561 1998 748 2080 ἀρετὴν
780 2002 871 2058 καὶ
899 1998 984 2057 διὰ
1010 1998 1105 2071 τὴν
1132 1998 1260 2079 πρὸς
1286 1998 1372 2057 τὸν
1399 1998 1628 2076 πόλεμον

117 2087 393 2165 ἐπιστήμην,
415 2087 562 2165 μόνοι
581 2086 636 2147 δὲ
655 2091 907 2155 οἰκοῦντες
927 2087 1210 2168 ἀπόρθητοι
1231 2086 1320 2146 καὶ
1343 2088 1628 2166 ἀτείχιστοι

117 2173 188 2230 καὶ
208 2176 534 2235 ἀστασίαστοι
558 2174 648 2234 καὶ
671 2174 922 2248 ἀήττητοι
941 2175 1033 2235 καὶ
1060 2174 1267 2255 τρόποις
1295 2174 1376 2233 ἀεὶ
1403 2179 1508 2242 τοῖς
1531 2175 1628 2232 αὖ·

59 2274 100 2315 Ι)
117 2266 203 2328 τοῖς
217 2263 484 2343 χρώμενοι·
503 2254 574 2321 ὧν
598 2260 750 2321 ἕνεκα
773 2263 916 2330 ἐλπὶς
941 2263 1200 2322 ἀθάνατον
1220 2262 1315 2334 τὴν
1336 2262 1626 2341 ἐλευθερίαν

117 2350 270 2417 αὐτοὺς
294 2356 575 2423 κεκτῆσθαι
591 2397 611 2428 ,
638 2350 729 2409 καὶ
753 2353 805 2408 ἐν
834 2358 941 2419 τοῖς
966 2350 1351 2432 παρεληλυθόσι
1381 2348 1628 2417 κινδύνοις

119 2442 318 2517 σωτῆρας
336 2438 637 2518 γενομένους
657 2443 748 2510 τῆς
775 2438 1028 2505 Ἑλλάδος
1053 2439 1176 2521 περὶ
1197 2442 1299 2499 τῶν
1335 2438 1626 2518 μελλόντων

117 2532 416 2605 προορᾶσθαι.
455 2528 526 2605 (a)
558 2529 638 2588 Οὖ
674 2526 843 2586 τοίνυν
877 2531 906 2586 δ
927 2526 1086 2587 ἐπιὼν
1109 2526 1284 2607 καιρὸς
1311 2532 1402 2585 τοῦ
1427 2526 1624 2605 παρόν-

115 2634 180 2677 τος
205 2616 424 2691 βελτίων·
447 2616 506 2673 οὗ
531 2612 630 2693 γὰρ
649 2615 921 2696 ἀλλοτρίας
940 2616 1014 2674 δεῖ
1036 2614 1128 2685 τὰς
1144 2619 1246 2675 τῶν
1283 2614 1626 2674 ἀπολωλότων

57 2716 94 2755 ²⁵
115 2702 343 2781 συμφορὰς
381 2702 632 2779 νομίζειν,
669 2704 786 2761 ἀλλ’
821 2704 1042 2782 οἰκείας,
1077 2706 1185 2763 οὐδ’
1215 2708 1490 2781 ἀναμεῖναι
1533 2700 1630 2767 ἕως

115 2787 164 2841 ἂν
187 2791 260 2845 ἐπ’
285 2788 470 2856 αὐτοὺς
497 2794 637 2867 ἡμᾶς
675 2793 728 2847 αἱ
765 2790 1006 2868 δυνάμεις
1043 2789 1348 2871 ἀμφοτέρων
1388 2790 1626 2867 ἔλθωσιν,

115 2876 210 2932 ἀλλ’
233 2875 322 2943 ἕως
347 2878 428 2936 ἔτι
462 2876 655 2952 ἔξεστι,
681 2878 776 2951 τὴν
817 2878 1012 2937 τούτων
1045 2878 1193 2960 ὕὸριν
1229 2882 1478 2939 κωλῦσαι.
1565 2880 1624 2957 (ν)

113 2962 190 3028 Τίς
215 2963 306 3043 γὰρ
323 2968 420 3025 οὐκ
456 2964 520 3023 ἂν
561 2970 747 3045 ἐνορῶν
779 2970 832 3025 ἐν
865 2970 940 3047 τῷ
967 2967 1094 3045 πρὸς
1130 2967 1386 3039 ἀλλήλους
1414 2967 1629 3046 πολέμῳ

114 3052 332 3127 μεγάλους
360 3052 550 3121 αὐτοὺς
583 3056 984 3134 γεγενημένους.)
1013 3047 1085 3114 ὧν
1114 3058 1172 3114 οὗ
1207 3054 1358 3134 μόνον
1397 3058 1628 3135 αἰσχρῶν

57 3146 94 3183 ³⁰
113 3136 259 3210 ὄντων,
281 3140 416 3199 ἀλλὰ
446 3141 536 3199 καὶ
558 3142 756 3215 δεινῶν,
780 3150 888 3209 τοῖς
915 3143 1007 3221 μὲν
1028 3143 1234 3221 μεγάλα
1269 3142 1628 3223 ἡμαρτηκόσιν

112 3222 280 3289 ἐξουσία
306 3228 586 3306 γεγένηται
603 3232 706 3287 τῶν
729 3228 1127 3309 πεπραγμένων,
1160 3238 1265 3299 τοῖς
1288 3229 1342 3290 δὲ
1367 3228 1629 3303 Ἕλλησιν

111 3313 290 3390 οὐδεμία
322 3319 496 3375 αὐτῶν
522 3316 749 3401 τιμωρία
754 3362 953 3380 .....

721 3668 988 3729 XXXIV.

107 3844 259 3907 Περι
285 3852 441 3910 ΤΟΥ
475 3828 591 3910 ΜΗ
627 3852 1068 3912 ΚΑΤΑΛΥΣΑι
1097 3853 1250 3912 ΤΗΝ
1287 3854 1630 3915 numos

434 3966 864 4025 ΠοΑιτΕιΑΝ
909 3967 1263 4028 sennaar.

57 4138 84 4175 Β
610 4144 616 4149 ·
684 4150 1010 4199 ΥηοθΕΣιΣ.

102 4268 204 4327 Ἔνος
235 4276 300 4323 ἔτι
331 4277 640 4340 παράδειγμα
675 4278 806 4335 θήσω
829 4278 970 4341 λόγου
1001 4282 1423 4343 συμὸουλευτικοῦ,
1445 4282 1522 4329 ἵνα
1553 4285 1632 4331 καὶ

147 4356 294 4391 τουτου
321 4352 408 4394 τοῦ
433 4348 602 4407 γένους
633 4351 716 4395 τοῦ
748 4347 890 4409 λόγου
924 4351 951 4397 ὁ
981 4350 1220 4412 χαρακτὴρ
1247 4350 1434 4407 γένηται
1463 4352 1630 4411 σαφής.

150 4409 371 4463 'ruciacum
391 4416 442 4464 δὲ
461 4416 727 4478 περιείληφε
743 4418 845 4480 περὶ
869 4422 951 4465 τοῦ
972 4420 1036 4480 μή
1055 4420 1312 4467 καταλῦσαι
1330 4420 1413 4476 τὴν
1435 4420 1631 4483 πάτριον

149 4480 362 4531 πολιτείαν
383 4484 626 4543 Ἀθήνησι-
647 4490 730 4534 τοῦ
745 4487 833 4549 γὰρ
851 4488 998 4549 δήμου
1016 4488 1310 4544 κατελθόντος
1334 4489 1386 4537 ἐκ
1408 4492 1632 4551 Πειραιῶς

57 4546 86 4585 ⁵⁰
149 4549 218 4597 ui
237 4552 568 4616 ψηφισαμένου
603 4554 908 4605 διαλύσασθαι
930 4559 1041 4620 πρὸς
1057 4558 1164 4613 τοὺς
1194 4558 1242 4607 ἐν
1271 4558 1402 4607 ἄστει
1425 4560 1508 4607 καὶ
1541 4576 1630 4622 μη-

151 4618 258 4677 ὅεοὸς
275 4631 366 4672 τῶν
383 4626 715 4687 γεγενημένων
740 4634 1060 4689 μνησικακεῖν,
1083 4629 1211 4685 δέους
1237 4629 1286 4677 δὲ
1309 4628 1438 4685 ὄντος
1461 4630 1524 4691 μὴ
1543 4630 1632 4679 πά-

151 4688 208 4737 λιν
223 4694 272 4739 τὸ
282 4696 454 4753 πλῆθος
477 4697 548 4751 εἰς
565 4696 673 4751 τοὺς
692 4696 911 4759 εὐπόρους
926 4698 1084 4761 ὑδρίζῃ
1102 4701 1186 4757 τὴν
1205 4700 1402 4761 ἀρχαίαν
1421 4700 1631 4755 ἐξουσίαν

155 4765 491 4826 κεκομισμένον,
525 4767 609 4815 καὶ
647 4768 829 4815 πολλῶν
853 4768 966 4830 ὑπὲρ
990 4771 1158 4818 τούτου
1188 4770 1439 4831 γινομένων
1461 4770 1628 4831 λόγων,

79 4894 92 4908 r
157 4830 382 4891 Φνμμ-ἰσιός
405 4852 474 4887 τις
488 4842 587 4885 τῶν
607 4838 1010 4897 συγκατελθόντων
1025 4840 1140 4899 μετὰ
1160 4844 1244 4887 τοῦ
1267 4840 1418 4900 δήμου
1438 4841 1628 4902 γνώμην

59 4898 96 4925 *¹
161 4898 412 4981 εἰ’ξῑςγήσατο
427 4941 441 4964 ,
468 4905 580 4961 τοὺς
605 4906 686 4967 μὲν
707 4907 952 4968 φεύγοντας
966 4910 1170 4956 κατιέναι
1188 4945 1203 4970 ,
1223 4910 1305 4965 τὴν
1329 4910 1378 4957 δὲ
1397 4908 1630 4957 πολιτείαν

164 4978 214 5023 tu,
231 4976 377 5030 πᾶσιν,
404 4974 530 5021 ἀλλὰ
561 4978 657 5029 τοῖς
687 4980 772 5035 γῆν
793 4976 954 5038 ἔχουσι
988 4978 1300 5039 παραδοῦναι,
1336 4979 1628 5040 βουλομένων

165 5041 282 5087 ταῦτα
297 5044 507 5101 γενέσθαι
527 5044 612 5091 καὶ
635 5046 1032 5107 Λακεδαιμονίων.
1067 5047 1292 5108 Ἰἐμελλον
1315 5050 1364 5097 δὲ
1385 5054 1472 5097 τοῦ
1493 5049 1628 5111 ψηφί-

167 5118 310 5179 ἳμιτος
321 5114 488 5161 τούτου
514 5116 797 5175 κυρωθέντος
815 5120 1181 5180 πεντακισχίλιοι
1201 5120 1368 5181 σχεδὸν
1383 5118 1628 5176 Ἀθηναίων

167 5180 506 5236 ἀπελαθήσεσθαι
531 5188 628 5231 τῶν
650 5191 839 5233 κοινῶν.
856 5186 958 5236 Ἰνα
978 5188 1034 5245 δὴ
1055 5189 1118 5249 μὴ
1137 5194 1275 5247 τοῦτο
1292 5190 1469 5250 γένοιτο
1483 5226 1496 5247 ,
1523 5189 1626 5250 γρά-

63 5244 105 5280 5⁰
165 5258 218 5302 ἷξε
235 5248 302 5295 τὸν
324 5250 458 5313 λόγον
481 5253 620 5303 τόνδε
640 5257 667 5303 ὁ
693 5254 873 5314 Λυσίας
895 5262 987 5305 τῶν
1007 5257 1248 5320 ἐπισήμων
1269 5259 1358 5308 τινὶ
1387 5260 1465 5308 καὶ
1493 5261 1626 5309 πολι-

1254 464 1501 529 LYstAE
1543 465 1665 527 ΟΒ.
1710 465 2123 529 OLYMPICA.

3158 475 3261 525 2³³

1713 598 1957 662 spicimus.
2026 595 2168 647 Scitis
2199 594 2363 645 autem
2403 592 2655 657 imperium
2692 606 2795 644 esse
2828 606 2997 644 eorum
3024 596 3109 658 qul
3144 594 3266 646 mari

1714 699 2043 759 dominantur,
2071 700 2322 746 Persarum
2342 708 2499 757 regem
2524 694 2897 757 dispensatorem
2917 708 3019 745 esse
3042 696 3267 758 pecunia-

1715 811 1823 846 rum
1835 835 1852 861 ‚
1872 800 1921 847 et
1937 802 2215 849 Graecorum
2235 809 2435 859 corpora
2458 795 2517 843 ad
2538 808 2621 845 eos
2652 795 2893 857 pertinere
2929 794 3016 857 qui
3051 796 3269 857 sumptus

1715 897 1869 946 faeere
1883 898 2083 959 queunt.
2150 900 2304 947 Nares
2320 896 2420 958 ipse
2446 894 2625 944 multas
2648 893 2881 957 possidet,
2912 893 3090 943 multas
3124 893 3269 943 etiam

1715 1000 1888 1049 Sicilia}
1934 1001 2187 1063 tyrannus.
2256 999 2324 1061 (6)
2362 996 2600 1048 Convenit
2632 995 2775 1059 igitur
2823 994 3007 1046 bellum
3043 997 3269 1045 mutuum

1715 1115 1802 1151 nos
1831 1101 2069 1165 deponere
2084 1138 2099 1163 ,
2138 1102 2188 1151 et
2231 1098 2475 1149 communi
2505 1098 2741 1149 sententia
2775 1097 2917 1147 saluti
2952 1099 3129 1147 nostroe
3156 1111 3267 1161 pro-

1714 1207 1923 1271 spicer03
1960 1207 2021 1257 de
2040 1205 2291 1269 praeteritis
2318 1204 2598 1256 erubescere
2636 1204 2686 1253 et
2720 1203 2781 1253 de
2816 1203 2990 1253 suturis
3026 1205 3271 1265 metuere;

1717 1311 1919 1373 majores
1938 1308 2147 1373 denique
2177 1308 2355 1359 imitari
2387 1308 2471 1371 qui
2512 1308 2742 1357 barbaros
2781 1306 2947 1357 alienis
2974 1306 3271 1371 possessioni·

1717 1414 1808 1463 bus
1829 1414 2067 1463 inhiantes
2086 1412 2186 1465 suis
2206 1415 2419 1477 ipsorum
2438 1411 2702 1473 exuerunt,
2731 1412 3041 1475 tyrannisque
3063 1411 3273 1474 expulsis

1716 1526 2023 1563 communem
2050 1513 2274 1563 omnibus
2304 1514 2575 1563 libertatem
2610 1512 2894 1562 attulerunt.
2956 1512 3024 1575 (7)
3057 1515 3162 1561 Proe
3189 1525 3273 1561 oe-

1715 1613 1831 1662 teris
1843 1614 2007 1661 autem
2028 1612 2416 1663 Lacedaemonios
2432 1611 2657 1674 demiror,
2679 1624 2889 1673 quonam
2901 1610 3097 1661 tandem
3111 1610 3273 1660 anirno

1717 1712 1961 1774 patiantur
1997 1712 2231 1763 Graeciam
2253 1711 2458 1773 vastari,
2497 1725 2650 1774 quum
2677 1712 2765 1776 ipsi
2802 1714 3084 1762 Graeoorum
3126 1710 3273 1761 duces

1716 1810 1813 1862 sint
1835 1814 1884 1863 et
1920 1813 2183 1877 principes3
2222 1814 2365 1878 idque
2384 1827 2481 1864 non
2510 1813 2780 1875 immerito,
2808 1813 2891 1863 sed
2920 1826 3005 1877 per
3032 1812 3273 1877 propriam

1716 1914 1946 1963 virtutem
1974 1916 2025 1963 et
2062 1915 2130 1963 rei
2158 1914 2377 1963 militaris
2427 1913 2692 1963 seientiam.
2756 1912 2858 1963 Soli
2887 1912 3063 1976 quippe
3094 1911 3271 1973 muris,

1719 2009 2063 2059 vastationibus
2094 2013 2143 2059 et
2170 2008 2403 2059 seditione
2420 2011 2609 2071 carent,
2648 2008 2818 2058 invicti
2866 2010 2981 2059 sunt
3018 2010 3068 2059 et
3105 2008 3275 2059 iisdem

1716 2119 1906 2170 semper
1929 2106 2143 2156 moribus
2174 2108 2376 2157 utentes.
2402 2107 2559 2168 Atque
2598 2104 2705 2155 ideo
2726 2104 3012 2169 sperandum
3046 2106 3117 2155 est
3146 2105 3274 2169 ipsos

1717 2209 2001 2270 perpetuam
2012 2206 2283 2257 libertatem
2293 2219 2395 2257 esse
2408 2205 2681 2268 habituros3
2698 2218 2947 2269 quumque
2959 2206 3009 2255 in
3019 2205 3271 2269 praeteritis

1717 2302 1941 2365 periculis
1955 2302 2155 2352 Graeciae
2172 2303 2437 2351 servatores
2445 2301 2731 2363 exstiterint,
2744 2300 2937 2350 eosdem
2949 2301 3091 2351 etiam
3114 2302 3274 2351 futura

1716 2401 2017 2465 proevisuros.
2037 2400 2103 2465 (8)
2118 2402 2257 2451 Nulla
2268 2402 2429 2451 antem
2446 2402 2607 2451 t'utura
2624 2400 2810 2451 occasio
2826 2402 2915 2451 liac
2922 2403 3143 2465 praesenti
3168 2415 3273 2452 mo-

1717 2502 1806 2551 lior
1833 2502 1939 2551 erit.
1973 2504 2139 2563 Neque
2160 2502 2287 2551 enim
2309 2514 2477 2550 eorum
2512 2502 2597 2565 qui
2624 2502 2864 2564 perierunt
2899 2502 3194 2551 calamitates
3220 2502 3275 2552 ut

1717 2602 1886 2652 alienae
1901 2602 2015 2651 sunt
2028 2601 2281 2663 habendae,
2296 2601 2380 2651 sed
2392 2602 2616 2667 proprian
2631 2615 2720 2652 nec
2730 2603 3103 2665 exspectandum
3121 2602 3276 2653 donec

1718 2712 1842 2775 regis
1860 2715 2113 2762 Persarum
2148 2714 2198 2762 et
2228 2712 2401 2763 Siciliae
2424 2712 2614 2775 tyranni
2645 2712 2861 2776 potentia
2899 2726 2986 2762 nos
3006 2714 3273 2777 opprimat,

1716 2814 1800 2864 sed
1818 2814 2051 2876 quamdiu
2077 2814 2237 2864 adhue
2252 2816 2489 2879 integrum
2528 2818 2626 2875 est,
2658 2816 2869 2879 ipsorum
2894 2816 3119 2877 injuriam
3137 2816 3277 2867 wlti-

1719 2918 1834 2968 bere
1846 2920 2051 2979 oportet.
2074 2920 2141 2981 (9)
2174 2918 2293 2977 Quis
2308 2919 2435 2967 enirn
2459 2931 2555 2968 non
2574 2917 2818 2968 erubuerit
2834 2931 2989 2979 quum
3008 2917 3169 2967 videat
3190 2919 3273 2968 ho-

1719 3018 1816 3065 stoe
1829 3028 2106 3064 communes
2122 3028 2207 3077 per
2227 3015 2407 3064 bellum
2443 3017 2661 3065 nostrum
2681 3014 2961 3064 intestinum
2982 3016 3272 3066 accrevisse?
3352 3016 3357 3021 ”

1691 3156 1702 3163 -
1718 3124 1774 3171 ln
1796 3121 1888 3170 hoc
1924 3133 2086 3169 rerum
2100 3121 2229 3169 statu
2248 3132 2343 3169 non
2361 3119 2429 3168 sol
2436 3132 2517 3168 um
2530 3120 2659 3182 turpi
2676 3157 2691 3182 ,
2711 3132 2879 3169 verum
2916 3120 3060 3170 etiam
3078 3119 3271 3185 misero,

1718 3231 1788 3281 eis
1806 3230 1890 3292 qui
1909 3228 2187 3293 gravissime
2204 3227 2507 3290 deliquerunt
2528 3228 2719 3278 lieentia
2734 3228 3019 3279 delictorum
3042 3229 3157 3281 data
3181 3231 3265 3293 est,

1719 3338 1770 3387 et
1787 3336 1949 3387 Graeci
1969 3334 2159 3385 nullum
2180 3333 2243 3383 ab
2259 3332 2373 3397 ipsis
2394 3333 2677 3397 supplicium
2708 3335 3050 3398 sumpserunt..
3073 3368 3090 3385 2

2367 3676 2630 3737 XXXlV.

1800 3857 1902 3915 DE
1924 3855 2274 3928 ANTIQUA
2317 3850 2798 3917 REIPUBLICAE
2838 3852 3106 3912 FORMA

1934 3968 2264 4030 ATHENts
2305 3968 2461 4027 NON
2504 3966 2996 4027 lMMUTANDA.

2276 4150 2737 4199 ARGUMENTUM.

1775 4290 1918 4334 Unius
1946 4289 2094 4333 adhue
2122 4287 2371 4344 exemplum
2404 4284 2654 4341 proteram,
2676 4283 2883 4329 masor-im
2911 4284 3081 4328 scilieet
3106 4284 3271 4331 orati.)-

1721 4359 1794 4403 nis
1806 4392 1820 4413 ,
1847 4360 1898 4402 ut
1913 4359 2122 4413 appareat
2143 4356 2319 4411 qualem
2336 4356 2383 4397 et
2414 4354 2459 4396 ln
2478 4352 2566 4397 hoe
2584 4362 2747 4408 genere
2764 4350 2929 4406 stylum
2956 4350 3031 4395 ille
3050 4350 3272 4397 babuerit.

1720 4425 1923 4481 Suscepit
1940 4428 2089 4467 autern
2108 4422 2194 4465 hoc
2212 4423 2528 4475 argumentum
2543 4432 2555 4459 ε
2584 4430 2681 4462 non
2694 4428 2786 4463 esse
2803 4416 3067 4461 abolendam
3092 4417 3273 4461 Atheni·

1719 4492 1945 4547 antiquam
1963 4486 2405 4533 administrationem.
2462 4486 2613 4536 Quum
2626 4484 2747 4529 enim
2766 4484 2961 4538 populus
2978 4493 3003 4527 e
3018 4481 3189 4529 Piraeo
3205 4494 3275 4529 τοι

1718 4570 1872 4603 versus
1885 4562 2021 4608 esset,
2040 4560 2085 4599 et
2102 4554 2365 4599 decrevisset
2382 4552 2792 4597 reconciliationem
2806 4562 2913 4595 euru
2926 4550 2988 4594 eis
3002 4551 3077 4605 «rui
3097 4552 3145 4595 in
3159 4550 3273 4597 urbe

1720 4624 1897 4670 fuerant
1918 4620 2163 4667 taciendam
2176 4631 2269 4664 esse
2280 4652 2291 4670 .
2312 4619 2569 4673 nullamque
2587 4616 2920 4673 praeteritorum
2932 4616 3271 4660 commissorum

1719 4692 1977 4737 memoriam
1995 4687 2267 4739 habendam,
2288 4698 2427 4743 quum
2447 4687 2581 4730 timor
2604 4689 2718 4729 esset
2750 4694 2807 4728 ne
2828 4684 2991 4729 iterum
3021 4693 3167 4739 piens,
3194 4694 3269 4727 ve-

1721 4758 1860 4799 terem
1891 4752 2049 4807 adepta
2072 4750 2294 4793 licentiam
2311 4778 2323 4797 ,
2344 4749 2391 4791 in
2412 4748 2598 4791 ditiores
2618 4746 2922 4796 insolesceret,
2958 4745 3109 4789 multis
3126 4744 3271 4789 verbis

1717 4816 1773 4859 de
1795 4815 1878 4858 hac
1901 4824 1953 4857 re
1987 4812 2148 4855 habitis
2164 4843 2176 4864 ,
2211 4810 2483 4853 Phormisius
2512 4807 2716 4864 quidam,
2736 4820 2762 4850 e
2779 4818 2971 4852 numero
3006 4818 3163 4851 eorum
3190 4810 3269 4863 qui

1717 4888 1822 4920 curn
1841 4875 2007 4931 populo
2027 4873 2191 4919 reversi
2210 4877 2359 4921 erant,
2380 4870 2497 4914 hanc
2520 4870 2567 4912 in
2587 4868 2852 4913 sententiam
2874 4867 3129 4924 proposuit:
3152 4879 3261 4913 exn-

1717 4936 1778 4981 les
1798 4936 1961 4979 reverti
1975 4934 2139 4978 debere
2150 4965 2161 4983 ,
2185 4937 2230 4976 at
2247 4930 2469 4987 publicam
2489 4928 2917 4973 administrationem
2934 4940 3025 4971 nou
3044 4928 3267 4979 omnibus.

1717 4997 1792 5041 sed
1812 4998 1866 5040 iis
1883 4999 2057 5040 tantum
2076 4995 2152 5049 qui
2170 5005 2300 5045 agros
2330 4990 2633 5048 possiderent,
2654 4988 3047 5039 committendam
3075 4987 3195 5043 quod
3222 4993 3268 5035 et

1717 5057 2037 5103 Lacedaemonii
2048 5057 2114 5101 ita
2128 5055 2223 5101 tieri
2244 5056 2467 5099 volebant.
2524 5053 2657 5106 Quod
2673 5052 2903 5097 decretum
2924 5052 2958 5094 si
2970 5048 3263 5107 perterretur,

1715 5124 1912 5179 quinque
1937 5123 2071 5166 millia
2092 5120 2231 5165 terme
2247 5117 2583 5164 Atheniensium
2600 5130 2625 5161 a
2645 5117 2899 5173 reipublicae
2919 5114 3133 5169 regimine
3147 5124 3267 5157 amo-

1714 5192 1846 5235 vendi
1863 5194 2007 5235 erant.
2066 5191 2163 5232 Hoc
2190 5199 2331 5243 porro
2358 5199 2415 5231 ne
2435 5188 2531 5236 fiat,
2554 5186 2670 5230 lianc
2703 5186 2852 5239 Lysias
2881 5184 3129 5227 orationem
3155 5182 3262 5226 scrin

1714 5258 1802 5313 psit
1813 5258 1892 5303 uni
1907 5268 1962 5302 ex
1978 5255 2223 5301 illustribus
2240 5255 2347 5300 viris
2358 5258 2405 5303 et
2422 5252 2681 5310 reipublicae
2692 5246 3128 5297 administratoribus.
3232 5268 3260 5295 ..-
