3825 5842
1206 337 1615 399 IsocRA'rls
1659 336 2089 399 EPISTOLAE.
2140 350 2235 399 10.

167 465 440 540 στρατείαν
472 466 558 527 καὶ
586 468 674 527 τὸν
703 470 932 550 τάχιστα
958 471 1218 546 μέλλοντα
1247 470 1339 538 τὰς
1367 470 1574 550 πράξεις
1599 474 1714 530 ἐπι-

166 558 326 615 τελεῖν
341 557 434 624 τὰς
456 557 738 637 συμφέρειν
763 558 981 627 δοξάσας
997 604 1014 636 ,
1033 563 1126 618 οὐκ
1152 559 1213 617 ἂν
1236 561 1422 627 ἄλλους
1443 561 1550 619 ἀνθ’
1569 565 1716 635 ἡμῶν

164 650 524 725 προκριθῆναι.
561 648 761 715 ,Καίτοι
786 654 899 715 πῶς
922 653 1015 708 οὐκ
1041 647 1104 707 ἂν
1129 650 1346 728 αἰσχρὸν
1374 650 1714 723 ποιήσαιμεν,

165 736 210 791 εἷ
232 736 427 792 τούτων
449 736 813 812 ἀμελήσωμεν
836 738 996 803 οὕτως
1017 739 1237 812 ἐντίμων
1260 738 1443 809 ὄντων,
1457 731 1528 796 ὧν
1549 736 1717 795 ἅπαν·

122 842 146 878 ι»
169 845 247 887 τες
273 821 336 880 ἂν
359 828 504 896 ἡμᾶς
532 824 842 903 ἀξιώσειαν,
876 825 968 905 (18)
995 826 1072 885 Τὸ
1099 826 1194 901 μὲν
1226 817 1313 885 οὖν
1345 828 1470 901 ἐμὸν
1501 824 1718 883 ἔλαττόν

165 913 318 967 ἔστιν·
346 912 714 993 ἀποφήνασθαι
741 912 843 991 γὰρ
875 914 907 969 ἃ
933 914 1210 992 γιγνώσκει
1234 939 1341 985 τις,
1371 918 1427 973 οὗ
1452 916 1588 975 πάνυ
1616 915 1717 970 τῶν

165 1000 408 1074 χαλεπῶν
455 1002 709 1081 πέφυκεν·
749 1003 829 1059 σοὶ
879 1003 932 1060 δὲ
977 1004 1230 1080 προσήκει
1276 1003 1585 1082 προσέχοντι
1631 1002 1718 1060 τὸν

168 1093 279 1145 νοῦν
309 1092 418 1154 τοῖς
445 1091 534 1146 ὑπ’
559 1090 688 1165 ἐμοῦ
716 1090 1014 1165 λεγομένοις
1056 1091 1468 1169 βουλεύσασθαι,
1505 1090 1718 1169 πότερον

166 1176 511 1254 ὀλιγωρητεόν
537 1178 649 1235 ἐστὶ
667 1183 770 1237 τῶν
790 1179 1116 1250 Ἑλληνικῶν
1137 1180 1462 1258 πραγμάτων
1491 1181 1720 1257 γεγονότι

104 1286 142 1323 ιυ
172 1264 261 1337 μὲν
302 1264 488 1343 ὥσπερ
517 1268 678 1346 ὀλίγῳ
707 1268 956 1348 πρότερον
985 1266 1088 1344 ἐγὼ
1132 1269 1366 1337 διῆλθον,
1410 1266 1628 1345 ἡγεμόνι
1666 1266 1718 1323 δὲ

169 1356 596 1433 Λακεδαιμονίων
647 1356 786 1427 ὄντι,
829 1359 1035 1433 βασιλεῖ
1083 1356 1136 1413 δὲ
1181 1352 1682 1433 προσαγορευομένῳ
1699 1366 1726 1425 ,·

170 1443 418 1521 μεγίστην
454 1445 507 1501 δὲ
541 1448 646 1503 τῶν
675 1444 952 1515 Ἑλλήνων
997 1444 1168 1522 ἔχοντι
1211 1443 1390 1515 δόξαν,
1421 1442 1456 1513 ἢ
1492 1445 1593 1501 τῶν
1626 1442 1720 1513 μὲν

169 1532 457 1591 ἐνεστώτων
481 1534 802 1612 πραγμάτων
825 1534 1160 1613 ὓπεροπτέον,
1175 1533 1375 1609 μείζοσι
1397 1534 1442 1589 δ’
1457 1534 1720 1609 ἐπιχειρη·

169 1622 300 1681 τέον.
389 1621 484 1701 (ιο)
517 1622 661 1699 Ἐγὼ
707 1623 802 1699 μὲν
832 1623 934 1701 γάρ
979 1646 1116 1702 φημι
1162 1622 1357 1701 χρῆναί
1407 1644 1466 1679 σε
1507 1620 1720 1678 πάντων

109 1722 148 1757 ῐῖι
171 1706 420 1786 ἀφέμενον
451 1714 556 1767 τῶν
579 1708 753 1767 ἄλλων
775 1711 913 1767 δυοῖν
937 1710 1139 1768 τούτοιν
1167 1708 1445 1787 προσέχειν
1469 1708 1555 1765 τὸν
1578 1712 1722 1782 νοῦν,

171 1793 303 1860 ὅπως
327 1794 444 1861 τοὺς
476 1795 572 1874 μὲν
601 1794 871 1867 Ἕλληνας
898 1796 1215 1865 ἀπαλλάξεις
1238 1802 1340 1855 τῶν
1365 1797 1609 1873 πολέμων
1633 1796 1724 1853 καὶ

171 1886 266 1939 τῶν
302 1884 480 1942 ἄλλων
515 1890 693 1944 κακῶν
723 1890 826 1943 τῶν
859 1892 946 1943 ν’ῡν
978 1890 1151 1953 αὐτοῖς
1189 1884 1494 1965 παρόντων,
1526 1884 1640 1951 τοὺς
1670 1886 1723 1942 δὲ

176 1973 464 2053 βαρῧάρους
491 1974 711 2041 παύσεις
733 1974 1034 2052 ὓὸρίζοντας
1065 1975 1154 2034 καὶ
1181 1974 1349 2034 πλείω
1376 1972 1726 2048 κεκτημένους

176 2064 337 2141 ἀγαθὰ
383 2072 476 2123 τοῦ
524 2064 896 2143 προσήκοντος.
987 2064 1080 2131 Ὡς
1108 2062 1152 2123 δ’
1180 2064 1292 2123 ἐστὶ
1320 2068 1488 2122 ταῦτα
1531 2059 1726 2120 δυνατὰ

107 2173 152 2210 ao
177 2152 262 2209 καὶ
288 2152 618 2233 συμφέροντα
647 2152 736 2209 καὶ
765 2152 848 2210 σοὶ
877 2153 965 2210 καὶ
991 2156 1056 2229 τῇ
1087 2152 1234 2210 πόλει
1279 2152 1370 2211 καὶ
1407 2152 1512 2218 τοῖς
1551 2151 1725 2213 ἄλλοις

178 2241 365 2299 ἅπασιν
384 2288 398 2317 ,
435 2240 561 2315 ἐμὸν
591 2241 740 2319 ἔργον
766 2240 870 2311 ἤδη
903 2240 1106 2307 διδάξαι
1133 2244 1252 2319 περὶ
1283 2242 1452 2297 αὐτῶν
1481 2241 1643 2297 ἐστιν.

905 2430 1000 2479 10.

749 2592 1155 2679 [ΔΙΟΝΥΣιῼ.

99 2772 177 2818 127
257 2773 575 2849 Πρόπομποι
605 2768 694 2826 καὶ
725 2768 1006 2849 ῥαὸδοῧχοι
1030 2767 1120 2826 καὶ
1153 2766 1374 2847 κήρυκες
1403 2769 1494 2827 καὶ
1535 2769 1728 2848 θρόνων

185 2858 514 2936 ὑψηλοτάτων
560 2856 815 2924 ἕπίτευξις
861 2857 1164 2937 φιλοσοφίας
1213 2858 1340 2915 εἰσὶν
1391 2856 1590 2936 ἀχλύς,
1642 2856 1732 2914 καὶ

187 2946 630 3020 διαιρετικώτατος
655 2946 855 3026 πέφυκε
878 2949 982 3004 τῶν
1015 2948 1209 3023 ἀρετῶν
1240 2946 1530 3024 χωρισμός.
1613 2946 1730 3005 Οὐκ

117 3042 160 3078 2⁵
185 3034 404 3113 ἦμειψας
431 3034 565 3113 μετὰ
594 3038 686 3105 τῆς
709 3032 874 3114 τύχης
897 3022 998 3105 τὴν
1021 3034 1192 3113 φύσιν.
1241 3034 1367 3095 Ἔτι
1390 3034 1478 3092 τὸν
1507 3033 1730 3093 θύλακον

185 3124 314 3202 ἔχεις
351 3125 687 3205 δερμάτινον·
723 3125 911 3197 θνητὴν
943 3124 1044 3205 γὰρ
1081 3122 1216 3204 ἔχεις
1245 3126 1306 3182 ἐκ
1332 3124 1608 3200 προοιμίου
1635 3124 1729 3195 τὴν

187 3214 448 3273 σύστασιν.
537 3213 613 3272 Τί
643 3215 776 3283 δῆτα
812 3214 872 3271 τὸ
903 3212 1049 3271 κενὸν
1080 3218 1232 3271 τοῦτο
1268 3214 1500 3292 δοξάριον
1527 3215 1611 3277 ἐπὶ
1640 3239 1732 3273 το-

188 3307 360 3361 σοῦτον
386 3304 474 3361 τὸν
505 3304 723 3371 πήλινον
753 3303 914 3361 ἀσκὸν
945 3301 1250 3381 διεφύσησε;
1277 3302 1527 3379 Μεγάλης
1556 3302 1732 3369 ἀνοίας

188 3394 512 3471 ἐνεφορῆοης,
539 3382 582 3449 ὦ
613 3392 861 3464 δύστηνε,
899 3392 988 3449 καὶ
1019 3396 1115 3460 τῆς
1143 3392 1344 3471 φύσεως
1377 3393 1567 3466 γνῶσιν
1598 3393 1730 3471 ἀφῄ-

119 3492 163 3527 3¹¹
193 3505 354 3558 ρησαι.
383 3482 544 3541 Οὕτω
565 3480 626 3536 τὰ
650 3479 888 3558 μετέωρα
907 3485 998 3549 τῆς
1016 3480 1180 3557 τύχης
1199 3480 1466 3553 κινήματα
1487 3479 1734 3550 ἐκστῆναί

189 3592 240 3623 σε
269 3574 356 3639 τῆς
387 3569 553 3627 πάλαι
583 3568 798 3647 θεωρίας
833 3572 1174 3647 ἠνάγκασαν,
1207 3568 1298 3625 καὶ
1343 3571 1434 3638 τῆς
1471 3566 1732 3645 σώφρονος

188 3656 596 3735 ἐκείνης-’μανίας
641 3660 1009 3735 ἀπαναχωρεῖν
1056 3654 1486 3734 παρεσκεύασαν;
1512 3644 1617 3713 ’Ἦν
1653 3678 1728 3713 σοι

189 3746 345 3803 πάλαι
374 3748 654 3823 μετάρσιον
678 3746 736 3802 τὸ
755 3746 1120 3823 χαμαίζηλον,
1145 3751 1232 3801 νῦν
1264 3742 1317 3799 δὲ
1348 3744 1436 3800 καὶ
1461 3746 1732 3821 χθαμαλὸν

189 3834 271 3888 καὶ
307 3835 563 3913 περίγειον
603 3837 630 3890 ὁ
674 3837 766 3903 τῆς
804 3833 963 3911 τύχης
993 3832 1105 3911 ὅρος
1139 3830 1441 3909 ἀκρότατος.
1529 3836 1734 3891 Οὐκοῦν

120 3936 164 3974 35
191 3925 276 3989 τῆς
304 3924 518 4001 ψευδοῦς
559 3920 889 3996 εὐδαιμονίας
919 3920 1208 4000 ἀφίστασο,
1243 3918 1330 3975 καὶ
1358 3918 1453 3989 τὴν
1486 3920 1735 3998 δραπὲτιν

189 4007 344 4087 τύχην
371 4010 654 4089 δραπέτευε
669 4031 682 4044 ·
703 4009 1010 4087 προφθάνων
1029 4008 1131 4088 γὰρ
1151 4006 1242 4078 τὴν
1264 4006 1564 4083 ἀγνώμονα,
1590 4008 1735 4089 ἄφνω

189 4097 276 4165 τὴν
303 4096 602 4173 μεταὸολὴν
629 4101 685 4157 οὐ
717 4097 1058 4177 δυσφορήσας
1089 4094 1570 4176 προσπίπτουσαν.]

3240 356 3357 406 299

1807 470 1898 521 dos
1910 470 2038 522 bello
2050 472 2299 533 barbaros,
2312 474 2419 523 tum
2434 474 2523 537 qui
2538 476 2790 527 celerrime
2809 480 2977 541 posset
2995 478 3235 531 conficere
3251 492 3364 543 quas

1808 576 1995 627 utiliter
2012 576 2224 641 gerenda
2242 577 2543 641 viderentur,
2556 580 2717 632 nullos
2727 582 2925 632 omuino
2942 583 3064 633 alios
3086 584 3226 635 uobis
3243 600 3365 649 prm·

1807 681 2071 744 posituros.
2108 686 2173 733 At
2182 684 2311 734 enirn
2326 687 2575 747 quomodo
2588 702 2683 737 non
2701 701 2956 750 &eremus
2976 691 3196 755 turpiter,
3209 691 3363 743 sitam

1809 784 2135 836 honorificum
2154 789 2373 839 omnium
2388 790 2451 840 de
2464 792 2605 841 nobis
2618 792 2855 855 ,iudicium
2866 795 3249 859 negligeremus?
3264 802 3305 860 (1
3316 800 3363 859 8)

1808 896 1880 941 Ac
1895 906 2061 942 meum
2082 894 2281 956 quidem
2302 910 2486 947 munus
2507 899 2707 947 minoris
2723 902 2959 951 momenti
2980 906 3075 962 cst,
3096 916 3247 965 quum
3270 920 3364 955 non

1808 993 1878 1043 ita
1900 996 2057 1045 soleat
2078 1011 2187 1047 esse
2210 1000 2423 1050 arduum
2450 1016 2587 1051 suam
2610 1002 2673 1053 (le
2696 1018 2747 1053 re
2768 1004 2929 1066 aliqua
2947 1006 3237 1055 sententiam
3260 1020 3366 1071 pro·

1811 1096 1936 1146 ferre
1964 1118 1975 1147 ι
1998 1102 2047 1147 te
2066 1114 2183 1149 vero
2202 1100 2344 1151 decet
2366 1102 2489 1151 meis
2513 1104 2673 1154 verbis
2692 1106 3049 1166 attendentem,
3068 1109 3367 1171 perpendere

1812 1200 1979 1249 utrum
2006 1202 2205 1252 Gran-ize
2230 1218 2308 1255 res
2340 1204 2427 1254 tibi
2459 1205 2757 1269 negligendas
2786 1207 2911 1266 sint,
2938 1208 2998 1257 iis
3026 1208 3367 1257 commendato

1811 1303 2057 1352 natalibus
2091 1318 2202 1367 quoe
2240 1306 2387 1355 modo
2422 1306 2647 1356 dicebam
2663 1345 2677 1367 ,
2710 1308 2822 1357 duci
2856 1308 3334 1359 Lacedaemoniorum
3351 1348 3366 1369 ,

1812 1404 2129 1471 ipsorumque
2170 1410 2273 1473 regi
2308 1412 2573 1474 appellato,
2610 1416 2661 1463 et
2706 1412 2973 1462 maximum
3008 1413 3137 1462 inter
3171 1415 3369 1463 Graecos

1811 1520 1989 1557 nomen
2017 1510 2304 1569 sustinenti3
2342 1524 2401 1560 an
2450 1514 2616 1575 potius
2656 1514 2919 1577 praesentia
2954 1513 3228 1567 omittenda
3272 1517 3371 1567 sint

1811 1614 2022 1677 negotia,
2048 1618 2107 1663 ut
2130 1614 2207 1662 his
2228 1614 2411 1675 majora
2435 1615 2693 1679 suscipias,
2759 1616 2860 1681 (19)
2876 1617 3115 1679 Equidem
3128 1632 3301 1669 censeo
3321 1620 3371 1669 in

1811 1716 1921 1765 haee
1942 1715 2041 1765 duo
2068 1717 2293 1779 maxime,
2314 1719 2491 1769 ceteris
2509 1719 2733 1769 omnibus
2754 1721 3118 1783 praetermissiS,
3146 1722 3237 1773 tibi
3262 1736 3371 1774 esse

1811 1818 2214 1879 incumbendum,
2232 1823 2288 1869 ut
2306 1822 2508 1871 Graecos
2522 1822 2663 1871 bellis
2682 1837 2745 1872 ac
2758 1824 2935 1873 ceteris
2947 1823 3172 1884 miserim,
3193 1825 3372 1887 quihus

1815 1924 1959 1974 hodie
1968 1924 2329 1987 conflictantur,
2341 1925 2519 1975 liberes
2530 1944 2545 1986 ς
2562 1928 2716 1988 utque
2728 1925 3048 1976 barbarorum
3063 1942 3289 1980 coerceas
3300 1930 3369 1979 in-

1817 2026 2096 2087 solentiam,
2122 2032 2174 2077 et
2190 2028 2337 2077 nimia
2358 2028 2574 2091 ipsorum
2594 2029 2721 2079 bona
2739 2028 3013 2079 imminuas.
3066 2034 3185 2081 llaec
3206 2034 3373 2081 autem

1816 2132 1991 2182 confici
2018 2146 2179 2195 posse,
2200 2133 2405 2195 eademq
2414 2148 2475 2181 ue
2496 2136 2547 2183 et
2564 2133 2673 2194 tibi,
2695 2136 2747 2183 et
2766 2138 2871 2183 tum
2896 2134 3102 2197 civitati,
3123 2139 3175 2187 et
3197 2139 3375 2187 ceteris

1817 2236 2044 2287 omnihus
2066 2236 2319 2298 expedire,
2342 2250 2539 2285 monere
2566 2242 2615 2286 te
2642 2238 2741 2287 mei
2761 2238 2921 2301 operis
2944 2243 3039 2288 est.

2554 2422 2644 2473 10.

2385 2598 2804 2673 [moNYsm.
2868 2690 2875 2697 ἱ

1881 2783 2144 2843 satellites,
2173 2784 2387 2846 lictoreS‚
2408 2784 2770 2845 caduceatores,
2793 2788 2844 2835 et
2860 2786 3209 2837 altissimorum
3228 2787 3375 2838 solio-

1821 2900 1933 2935 rum
1952 2885 2162 2949 adep‘tio,
2179 2886 2395 2937 tenebrto
2414 2891 2527 2938 sunt
2547 2888 2798 2952 sapientiae
2812 2889 3057 2950 obductae,
3071 2892 3161 2940 eta
3176 2888 3375 2941 virtuti·

1821 2987 1914 3037 bus
1938 2988 2179 3051 separatio
2202 2988 2433 3037 maxima.
2452 2991 2555 3037 Non
2576 3002 2690 3038 eum
2716 2990 2909 3037 fortuna
2924 2994 3143 3039 naturam
3154 2992 3377 3042 mutasti.

1821 3092 1996 3142 Adhuc
2020 3106 2221 3141 saccum
2246 3091 2399 3141 habes
2422 3092 2679 3155 pelliceum
2702 3093 2991 3143 :mortalem
3010 3094 3147 3145 enim
3162 3094 3223 3143 ab
3240 3095 3379 3145 initio

1823 3197 1961 3243 tenes
1983 3192 2404 3242 constitutionem.
2455 3192 2885 3257 Curigiturinanis
2908 3194 3003 3244 ista
3022 3196 3223 3257 gloriola
3246 3196 3380 3246 ficti-

1821 3295 1919 3345 lem
1932 3299 2093 3345 utrem
2104 3296 2359 3357 tantopere
2382 3294 2602 3344 inflavit?
2616 3297 2787 3359 Magna
2805 3296 3015 3345 amentia
3033 3298 3245 3361 repletus
3266 3312 3336 3359 es„
3349 3313 3380 3349 o

1821 3396 2009 3455 infelix,
2030 3400 2079 3445 et
2094 3399 2283 3445 natnrae
2300 3398 2401 3445 tuoe
2421 3395 2692 3459 cognitione
2714 3397 2953 3459 privatus,
2988 3400 3124 3447 Itane
3148 3398 3380 3450 sublimes

1823 3500 2035 3549 fortunae
2047 3502 2209 3549 motus
2226 3503 2275 3549 te
2286 3512 2315 3547 a
2328 3498 2485 3549 veteri
2502 3471 2907 3563 contemplatione
2924 3500 3194 3552 desciscere
3208 3517 3381 3569 coege-

1825 3609 1963 3663 runt,
1980 3606 2032 3652 et
2055 3617 2112 3652 eo
2128 3602 2420 3665 redegerunt
2438 3604 2494 3651 ut
2512 3616 2542 3651 a
2562 3603 2767 3666 sapienti
2783 3602 2867 3652 illo
2887 3604 3055 3654 furore
3072 3604 3381 3657 discederes?
3398 3620 3407 3637 ¹

1824 3705 1937 3753 Fuit
1958 3703 2072 3753 olim
2092 3704 2295 3754 illustris
2319 3704 2407 3753 tihi
2428 3671 2759 3764 mediocritas}
2778 3720 2908 3755 nunc
2934 3710 3101 3757 autem
3120 3708 3309 3771 abjecta
3331 3720 3383 3765 et

1823 3805 1965 3855 humi
1992 3804 2225 3867 depressa
2248 3805 2460 3855 fortuna}
2488 3808 2588 3855 tum
2613 3808 2885 3858 summitas,
2924 3782 3160 3859 Recedite
3187 3810 3333 3874 igitur
3350 3826 3381 3861 a
3418 3869 3425 3875 .

1827 3909 1943 3957 salsa
1968 3906 2223 3966 felicitate,
2246 3912 2296 3955 et
2320 3906 2573 3971 fuffl’tivam
2600 3907 2843 3959 fortunam
2864 3909 3017 3973 fugito
3040 3930 3052 3959 ι
3074 3912 3215 3975 cujus
3234 3912 3397 3965 levita·

1825 4014 1923 4059 tem
1944 4012 1993 4057 et
2012 4008 2265 4072 perfidiam
2296 4007 2339 4055 si
2356 4010 2655 4071 anteverteS,
2677 4011 2949 4061 mutatione
2978 4011 3139 4063 subita
3164 4013 3381 4065 irruente

1824 4106 1984 4154 :ninus
2011 4105 2324 4168 percelleris]
