3825 5842
560 466 671 517 316

553 589 737 665 νοίμην
764 590 869 645 τῶν
892 586 1085 647 ἐκείνου
1110 584 1329 649 παίδων.
1414 586 1505 667 (33)
1536 588 1599 649 Εἰ
1622 588 1677 647 δὲ
1705 588 1920 647 πλείονα
1945 586 2102 649 κατέ-

554 678 702 735 λιπεν
744 677 917 743 αὐτοῖς
954 676 1022 734 τὰ
1049 676 1173 734 ὄντα
1209 678 1312 733 τῶν
1344 677 1481 751 ἐμῶν
1518 676 1607 733 καὶ
1639 675 1948 755 βεὸαιότερα
1965 720 1984 753 ,
2013 674 2106 733 καὶ

554 767 721 821 ταῦτα
748 760 956 821 τοσαῦτ’
982 761 1121 821 ἐστὶν
1146 761 1281 821 ὥστε
1304 763 1393 821 καὶ
1418 760 1511 830 τὰς
1542 763 1823 843 θυγατέρας
1854 763 1905 832 ἐξ
1935 766 2102 823 αὐτῶν

556 851 803 909 διαθεῖναι
831 852 1002 917 καλῶς
1028 850 1119 909 καὶ
1155 848 1243 909 τὸν
1272 850 1438 909 παῖδα
1474 852 1533 909 ἐκ
1570 854 1672 910 τῶν
1716 852 1913 911 λοιπῶν
1943 852 2106 930 μηδὲν

560 930 717 1009 ἧττον
740 928 872 996 εἶναι
890 937 1152 1011 πλούσιον,
1175 938 1525 1015 ἐπιμελοῦμαί
1542 962 1597 997 τε
1612 944 1789 998 τοῦτον
1808 939 1896 998 τὸν
1916 938 2104 1018 τρόπον

555 1027 723 1083 αὐτῶν
750 1022 884 1083 ὥστε
912 1025 1001 1084 καὶ
1027 1027 1207 1105 πολλῷ
1230 1024 1394 1083 πλείω
1420 1025 1655 1101 γενέσθαι
1681 1024 1775 1095 τὴν
1802 1026 2000 1099 οὐσίαν,
2031 1029 2109 1084 εἷ-

553 1112 715 1178 κότως
754 1114 847 1189 μὲν
893 1116 987 1173 οὐκ
1032 1118 1093 1171 ἂν
1136 1113 1309 1193 ἔχοιμι
1362 1112 1579 1193 μέμψιν,
1620 1117 1665 1171 εἰ
1684 1144 1692 1151 -
1712 1114 1787 1191 μὴ
1834 1118 2106 1191 τάμαυτοῦ

552 1199 865 1279 προστίθημι
904 1197 1134 1276 τούτοις,
1180 1199 1357 1268 σώζων
1398 1200 1451 1259 δὲ
1478 1198 1545 1257 τὰ
1576 1199 1771 1259 τούτων
1807 1201 1899 1259 καὶ
1941 1199 2106 1259 πλείω

552 1290 715 1344 ποιῶν
760 1286 969 1353 δικαίως
1010 1286 1074 1345 ἂν
1122 1286 1449 1365 ἔπαινοίμην.
1538 1290 1626 1365 (4ο)
1662 1288 1795 1349 ιὈτι
1840 1286 1895 1347 δὲ
1942 1294 2106 1347 ταῦτα

553 1373 715 1443 οὕτως
742 1372 851 1454 ἔχει
867 1420 883 1447 ,
910 1372 1095 1456 ῥᾳδίως
1118 1374 1375 1442 ἐπιδείξω.
1464 1376 1679 1455 Πρῶτον
1700 1374 1793 1453 μὲν
1818 1367 1903 1434 οὗν
1929 1374 1996 1433 τὰ
2013 1380 2107 1447 τῆς

479 1483 527 1522 ιο
550 1463 724 1529 οὐσίας
748 1462 991 1537 διέξειμι,
1021 1461 1153 1539 μετὰ
1178 1460 1231 1521 δὲ
1254 1467 1419 1521 ταῦτα
1447 1466 1517 1531 ὡς
1536 1462 1627 1521 καὶ
1647 1464 1854 1523 διοικεῖν
1884 1462 2012 1531 diu}
2037 1462 2106 1521 τὰ

551 1556 641 1609 τοῦ
663 1551 867 1617 παιδός.
952 1550 1273 1630 Στρατοκλεῖ
1294 1549 1397 1631 γὰρ
1420 1550 1579 1629 κάμοὶ
1596 1548 1663 1609 τὰ
1687 1550 1780 1628 μὲν
1804 1549 2104 1629 ὑπάρξαντα

550 1642 773 1719 πατρῷα
801 1642 1029 1697 τοσαῦτα
1053 1630 1136 1711 ἦν,
1158 1636 1292 1697 ὥστε
1316 1630 1445 1697 εἶναι
1474 1638 1570 1717 μὲν
1592 1637 1770 1713 ἱκανά,
1792 1640 2105 1719 λειτουργεῖν

552 1725 609 1784 δὲ
638 1726 712 1803 μὴ
745 1724 882 1795 ἄξια.
933 1730 985 1787 Τ
986 1725 1231 1807 εκμήριον
1256 1726 1337 1785 δέ·
1358 1726 1519 1787 εἴκοσι
1539 1736 1667 1806 μνᾶς
1694 1728 1934 1808 ἑκάτερος
1954 1731 2106 1803 ἡμῶν

552 1814 639 1873 ἐπὶ
666 1816 731 1895 τῇ
762 1812 966 1891 γυναικὶ
988 1818 1179 1893 προῖκα
1200 1814 1389 1887 ἔλαὸε,
1414 1815 1644 1889 τοσαύτη
1668 1816 1722 1875 δὲ
1745 1816 1897 1897 προὶξ
1925 1819 2018 1875 οὐκ
2040 1814 2104 1873 ἂν

552 1903 621 1967 εἷς
648 1900 847 1973 πολλήν
875 1923 989 1959 τινα
1016 1901 1195 1961 οὐσίαν
1219 1901 1409 1974 δοθείη.
1500 1906 1591 1981 (4ι)
1622 1901 1827 1975 Συνέῧη
1852 1901 1905 1961 δὲ
1931 1904 2104 1982 Στρα-

553 1991 732 2048 τοκλεῖ
756 1988 883 2069 πρὸς
899 1990 1004 2057 τοῖς
1026 1988 1321 2069 ὑπάρχουσι
1343 1988 1499 2049 πλέον
1520 1990 1555 2063 ἢ
1581 1990 1721 2051 πένθ’
1738 1990 2104 2068 ἡμιταλάντων

484 2102 529 2140 15
556 2076 733 2135 οὐσίαν
786 2076 985 2137 λαθεῖν·
1034 2080 1255 2157 Θεοφῶν
1300 2076 1401 2159 γὰρ
1441 2082 1469 2137 ὁ
1516 2082 1611 2151 τῆς
1662 2080 1903 2158 γυναικὸς
1948 2081 2106 2137 αὐτοῦ

554 2166 769 2248 ἀδελφὸς
798 2165 1135 2239 ἀποθνήσκων
1172 2165 1455 2237 ἐποιήσατο
1478 2170 1582 2226 τῶν
1618 2167 1910 2246 θυγατέρων
1945 2168 2105 2227 αὐτοῦ

552 2252 696 2329 μίαν,
736 2253 827 2313 καὶ
852 2254 939 2312 τόν
980 2254 1025 2311 θ’
1057 2257 1215 2313 αὑτοῦ
1250 2253 1441 2313 ἔδωκεν
1479 2254 1639 2338 ἀγρὸν
1666 2255 1926 2316 Ἐλευσῖνι
1967 2256 2104 2314 δυοῖν

553 2338 823 2398 ταλάντοιν
838 2384 857 2417 ,
884 2339 1129 2421 πρόὸατα
1161 2339 1409 2413 ἑξήκοντα
1426 2384 1441 2413 ,
1470 2332 1620 2419 αἶγας
1648 2340 1851 2414 ἑκατόν,
1880 2340 2104 2414 ἔπιπλα,

548 2424 711 2485 ἵππον
752 2426 995 2507 λαμπρὸν
1036 2430 1115 2509 ἐφ’
1158 2419 1219 2487 οἶ
1260 2430 1590 2521 ἕὶυλάρχησε
1608 2474 1625 2506 ,
1668 2426 1759 2487 καὶ
1804 2426 1899 2500 τὴν
1941 2430 2104 2502 ἄλλην

550 2514 879 2587 κατασκευὴν
908 2514 1139 2589 ἅπασαν,
1170 2516 1258 2595 (42)
1299 2522 1361 2589 ἡς
1396 2516 1566 2596 κύριος
1610 2518 1798 2583 ἐκεῖνος
1838 2514 2106 2596 γενόμενος

552 2605 697 2662 ἐννέα
742 2602 833 2676 ἔτη
877 2603 975 2663 ὅλα
1001 2602 1253 2663 κατέλιπε
1287 2603 1441 2663 πέντε
1485 2602 1753 2663 ταλάντων
1799 2602 1974 2664 οὐσίαν
2015 2605 2106 2664 καὶ

552 2691 852 2772 τρισχιλίων
877 2693 1125 2773 δραχμῶν
1154 2692 1247 2752 σὺν
1276 2696 1380 2760 τοῖς
1415 2695 1601 2751 ἑαυτοῦ
1626 2693 1915 2774 πατρῴοις,
1945 2692 2106 2772 χωρὶς

473 2802 525 2841 20
552 2779 747 2852 ἰκείνης
768 2772 829 2852 ἧς
846 2782 1063 2860 Θεοφῶν
1090 2784 1151 2860 τῇ
1182 2780 1394 2861 θυγατρὶ
1417 2782 1573 2839 αὐτοῦ
1602 2778 1810 2853 ἔδωκεν,
1831 2780 1987 2860 ἀγρὸν
2009 2780 2104 2856 μὲν

552 2869 749 2949 Θριᾶσι
763 2868 905 2927 πένθ’
924 2867 1254 2947 ἡμιτάλαντα
1279 2867 1580 2949 εὑρίσκοντα
1593 2912 1608 2940 ,
1631 2866 1796 2926 οἰκίαν
1818 2867 1871 2925 δὲ
1894 2868 2102 2946 Μελίτῃ

550 2955 851 3036 τρισχιλίων
866 2956 1182 3034 ἐωνημένην,
1198 2956 1361 3030 ἄλλην
1379 2955 1433 3015 δὲ
1448 2956 1709 3017 Ἐλευσῖνι
1723 2956 2099 3017 πεντακοσίων.

554 3038 759 3124 Ἔδάφη
790 3042 884 3122 μὲν
912 3048 1109 3121 ταῦτα,
1144 3045 1230 3126 ἀφ’
1253 3035 1324 3102 ὧν
1351 3047 1386 3114 ἡ
1417 3041 1667 3120 μίσθωσις
1700 3048 1793 3103 τοῦ
1820 3042 1914 3121 μὲν
1947 3045 2103 3123 ἀγροῦ

553 3130 751 3190 δώδεκα
794 3141 947 3210 μναῖ,
974 3135 1077 3191 τῶν
1106 3130 1161 3189 δὲ
1202 3133 1377 3190 οἰκιῶν
1418 3134 1585 3210 τρεῖς,
1632 3128 1691 3189 αἳ
1729 3130 2104 3190 πεντεκαίδεκα

552 3229 678 3297 μναῖ
706 3220 1068 3303 συναμφότερα
1099 3220 1349 3297 γίνονται·
1372 3241 1411 3299 χ
1444 3221 1505 3278 ἑα
1534 3218 1577 3278 δ’
1600 3219 1686 3278 ἐπὶ
1709 3219 1877 3288 τόκοις
1902 3219 2104 3299 ὀφειλό-

554 3332 685 3383 μενα
734 3310 853 3390 περὶ
902 3308 1351 3388 τετρακισχιλίας,
1401 3333 1419 3366 ι
1448 3332 1473 3366 ν
1525 3306 1585 3366 τὸ
1636 3305 1782 3388 ἔργον
1825 3310 1910 3366 ἐπ’
1959 3307 2105 3367 ἐννέα

551 3394 752 3462 ὀὸολοῖς
792 3395 1101 3454 ἑπτακόσιαι
1143 3394 1235 3453 καὶ
1276 3395 1439 3453 εἴκοσι
1479 3395 1715 3474 δραχμαὶ
1746 3394 1974 3473 γίνονται
2012 3401 2104 3455 τοῦ

550 3484 783 3541 ἕνιαυτὸῦ
830 3482 1067 3564 ἑκάστου.
1155 3483 1247 3561 (43)
1294 3481 1559 3561 Πρόσοδος
1604 3480 1697 3557 μὲν
1732 3482 1865 3554 αὕτη
1895 3482 1986 3541 δύο
2013 3484 2104 3542 καὶ

554 3570 713 3629 εἴκοσι
760 3577 885 3646 μναῖ
938 3568 1028 3627 καὶ
1078 3568 1231 3649 πρός·
1274 3566 1435 3648 χωρὶς
1478 3566 1534 3627 δὲ
1579 3567 1773 3627 τούτων
1828 3568 2104 3627 κατέλιπεν

552 3656 747 3717 ἔπιπλα
764 3704 781 3732 ,
808 3655 1051 3739 πρόὸατα
1070 3701 1088 3735 ,
1118 3655 1326 3737 κριθάς,
1358 3646 1511 3729 οἶνον,
1549 3654 1781 3735 ὀπώρας,
1811 3656 1863 3725 ἐξ
1890 3648 1963 3715 ὧν
1991 3660 2105 3716 ἐνε-

552 3746 789 3820 πόλησαν
838 3742 1255 3825 τετρακισχιλίας
1298 3742 1611 3811 ἕννακοσίας.
1704 3742 1829 3805 Ἔτι
1866 3744 1922 3803 δὲ
1963 3743 2104 3803 ἔνδον

553 3836 850 3903 ἔννακοσίας
874 3833 1134 3915 δραχμάς.
1182 3831 1321 3913 Πρὸς
1350 3829 1404 3891 δὲ
1430 3830 1629 3901 τούτοις
1652 3832 1703 3902 ἐξ
1730 3830 1920 3913 ἐράνων
1945 3832 2104 3913 ὀφλή-

554 3948 697 4003 ματα
726 3921 1149 4004 εἶσπεπραγμένα
1164 3966 1181 3998 ,
1207 3926 1393 4001 μικροῦ
1415 3919 1628 3989 δεούσας
1646 3920 1820 4001 χιλίας
1844 3920 2106 4001 δραχμάς,

554 4012 829 4095 μαρτύρων
860 4012 1086 4072 ἐναντίον
1111 4014 1146 4081 ἡ
1177 4008 1353 4091 μήτηρ
1382 4012 1570 4088 αὐτοῦ,
1600 4015 1691 4069 τοῦ
1718 4010 1930 4087 παιδός,
1969 4014 2104 4069 ἄπε-

552 4103 804 4183 γράψατο.
888 4099 999 4160 Καὶ
1025 4096 1173 4158 οὔπω
1204 4096 1344 4178 λέγω
1367 4096 1486 4179 περὶ
1510 4100 1612 4157 τῶν
1638 4097 1829 4171 ἄλλων,
1872 4098 1905 4156 ἃ
1944 4120 2105 4157 κατε-

474 4212 525 4252 so
552 4190 733 4269 λείφθη
755 4187 869 4265 μὲν,
894 4178 1033 4246 οὗτοι
1056 4186 1099 4244 δ’
1125 4187 1217 4243 οὐκ
1243 4186 1631 4265 ἀποφαίνουσιν,
1660 4184 1796 4244 ἀλλὰ
1818 4184 1885 4244 τᾶι
1910 4182 2108 4267 φανερὰ

553 4276 643 4335 καὶ
666 4274 731 4334 τὰ
755 4274 858 4333 ὑπὸ
880 4274 1075 4333 τούτων
1098 4272 1507 4351 ὁμολογούμενα.
1595 4274 1763 4334 Κάλει
1802 4271 1859 4332 δέ
1889 4296 1978 4351 μοι
2004 4275 2105 4330 τῶν

554 4362 835 4443 εἰρημένων
859 4360 974 4429 τοὺς
1002 4361 1281 4443 μάρτυρας.

1156 4502 1500 4550 ΜΔΡΤΥΡΕΣ.

630 4639 704 4681 4·4.
750 4618 822 4680 Ἡ
852 4616 946 4697 μὲν
974 4618 1139 4678 τοίνυν
1182 4617 1568 4699 Στρατοκλέους
1602 4616 1750 4678 οὐσία
1782 4614 1871 4676 καὶ
1914 4615 2103 4675 πλείων

552 4708 745 4780 ταύτης
771 4706 925 4768 ἐστίν·
952 4706 1069 4765 ἀλλ’
1093 4706 1301 4787 ὕστερον
1327 4706 1443 4786 περὶ
1470 4709 1574 4765 τῶν
1596 4705 2105 4785 παρακλεπτομένων

552 4796 653 4857 ὑπὸ
674 4796 869 4856 τούτων
890 4794 1177 4873 ποιήσομαι
1199 4793 1316 4862 τοὺς
1341 4794 1546 4872 λόγους·
1575 4798 1609 4865 ἡ
1640 4794 1685 4851 δ’
1714 4792 1815 4870 ἐμὴ
1836 4792 1974 4864 πόση
2003 4815 2104 4865 τις,

551 4884 741 4967 χωρίον
766 4886 819 4943 ἐν
839 4882 999 4963 Οἰνόῃ
1022 4880 1460 4961 πεντακισχιλίων
1483 4880 1573 4940 καὶ
1596 4882 1940 4960 Προσπαλτοῖ
1963 4882 2106 4960 τρισ·

552 4974 753 5055 χιλίων,
783 4972 871 5031 καὶ
915 4971 1054 5032 οἰκία
1082 4974 1135 5030 ἐν
1162 4970 1308 5030 ἄστει
1350 4968 1639 5049 δισχιλίων,
1668 4966 1794 5049 πρὸς
1826 4968 1881 5028 δὲ
1910 4968 2106 5035 τούτοις

555 5044 795 5142 δ’κλῆρος
832 5060 888 5120 ὃν
916 5060 1121 5140 Ἁγνίας
1158 5059 1433 5132 κατέλιπε,
1477 5057 1596 5136 περὶ
1629 5055 1718 5115 δύο
1746 5056 2010 5117 τάλαντα·
2049 5060 2106 5115 οὗ

554 5150 655 5231 γὰρ
685 5150 746 5210 ἂν
778 5142 872 5209 οἷδ’
898 5147 977 5209 ὅτι
1002 5148 1158 5209 πλέον
1195 5147 1332 5231 εὕροι
1367 5146 1569 5211 τούτου.
1649 5146 1814 5225 Ταῦτ’
1842 5146 1953 5207 ἐστὶ
1987 5145 2106 5225 τρία

480 5264 530 5305 35
558 5238 787 5299 τάλαντα
830 5239 919 5301 καὶ
960 5237 1371 5321 τετρακισχίλιαι
1410 5235 1583 5317 μόνον,
1620 5234 1745 5297 δέκα
1787 5235 1878 5297 καὶ
1919 5232 2104 5295 ἑκατὸν

1440 456 1707 519 ΙΣΑΙΟΥ
1746 457 1797 517 0
1840 453 2026 518 lli-:Pl
2073 457 2226 517 ΤΟΥ
2275 458 2562 518 Armor
2605 451 2934 518 ΚΛΗΡΟῩ.

3439 458 3660 518 ἐτι-ἀὲ·-

3439 509 3452 535 γ
3589 506 3621 518 a
3649 507 3660 536 ⁸.

2191 596 2312 647 dans
2335 598 2516 647 nnllam
2539 598 2806 647 liberorum
2823 598 2930 660 ejus
2943 610 3110 647 curam
3127 610 3292 661 gerere
3313 598 3499 649 ridere.
3515 600 3669 663 (³9)Sia

2191 684 2354 731 autem
2399 682 2661 733 Stratocles
2691 682 2854 731 liberis
2885 681 3136 733 facultates
3167 682 3358 746 reliquit
3392 685 3439 732 et
3473 684 3672 746 ampliores

2193 776 2338 826 quam
2369 768 2484 815 sunt
2521 778 2644 813 meoe
2679 766 2730 813 et
2767 764 3022 825 certiores,
3063 777 3238 827 easque
3275 768 3428 815 tantas
3449 769 3501 814 ut
3529 766 3672 815 etmiae

2191 861 2304 897 cnm
2326 848 2440 898 dote
2464 847 2710 899 luculenta
2731 849 2916 911 possint
2935 849 3138 911 elocari,
3161 852 3212 899 et
3241 849 3368 899 tilius
3383 863 3485 899 cnm
3507 850 3574 911 iis,
3595 864 3674 913 quae

2193 932 2282 995 ipsi
2297 934 2555 995 supersunt
2569 968 2584 991 ‚
2613 932 2926 983 nihilominus
2945 934 3110 983 tamen
3137 932 3188 981 in
3210 933 3516 996 locupletibus
3533 933 3674 994 haberi,

2192 1027 2373 1077 egoque
2397 1014 2438 1064 si
2471 1015 2598 1065 bona
2625 1014 2708 1064 illa
2737 1015 2806 1065 sic
2838 1014 3119 1065 administro
3141 1016 3198 1065 ut
3232 1016 3389 1065 multo
3413 1016 3542 1065 etiam
3567 1018 3678 1078 magis

2191 1098 2559 1161 amplificentur,
2595 1098 2702 1147 tum
2748 1098 2921 1147 merito
2969 1110 3159 1147 caream
3199 1098 3572 1161 reprehensione,
3605 1112 3678 1147 rem

2193 1194 2350 1230 meam
2385 1182 2667 1231 familiarem
2701 1180 2893 1230 illorum
2925 1182 2995 1231 rei
3023 1180 3232 1242 adjicere
3265 1180 3454 1242 nolens,
3489 1183 3556 1241 et,
3585 1180 3680 1241 quod

2193 1276 2294 1313 rem
2323 1264 2512 1313 illorum
2547 1277 2645 1313 non
2677 1266 2816 1315 tuear
2834 1262 2980 1312 modo
3013 1262 3096 1312 sed
3127 1260 3414 1325 amplificem
3439 1276 3678 1325 qnoque‚ex

2191 1360 2250 1396 eo
2287 1346 2362 1395 rel
2401 1346 2569 1396 lauder
2591 1348 2783 1397 merito.
2853 1346 2952 1407 (40)
2987 1348 3108 1395 Rem
3143 1348 3310 1395 autem
3345 1345 3412 1393 ita
3439 1356 3509 1407 se,
3539 1348 3586 1395 ut
3605 1346 3680 1403 aio,

2193 1428 2394 1491 habere,
2417 1428 2558 1479 facile
2587 1430 2920 1480 demonstratu
2955 1428 3048 1479 est.
3113 1428 3332 1477 Primum
3367 1428 3518 1491 itaque
3545 1429 3626 1491 ipsa
3641 1426 3684 1475 de

2191 1514 2460 1564 substantia
2493 1515 2748 1583 Stratoclis
2788 1526 3054 1577 exponam,
3099 1514 3208 1561 tum
3253 1526 3450 1575 qnoque
3487 1526 3556 1562 me
3589 1518 3683 1561 reete

2191 1600 2438 1660 postulare
2471 1603 2526 1649 ut
2555 1600 2707 1649 tutela
2745 1598 2914 1661 pupilli
2943 1610 3090 1660 penoe
3127 1608 3210 1647 me
3249 1598 3458 1646 maneat.
3515 1594 3684 1645 Stratodi

2195 1684 2322 1733 enim
2344 1686 2490 1746 atque
2519 1682 2640 1732 mihi
2667 1682 3008 1745 patrimonium
3038 1682 3112 1731 est
3135 1680 3274 1744 quod
3293 1679 3494 1731 sufficiat
3511 1678 3682 1742 quidem.

2191 1764 2393 1815 edendis
2413 1768 2576 1815 autem
2609 1766 2788 1816 muniis
2811 1778 3122 1829 nequaqnam
3137 1777 3230 1828 par
3251 1765 3335 1815 sit.
3399 1766 3684 1813 Documentum

2192 1850 2353 1900 dabo:
2389 1850 2533 1900 ambo
2567 1862 2658 1900 nos
2697 1862 2810 1899 cum
2833 1863 2985 1900 uxore
3011 1852 3220 1913 quisque
3257 1862 3348 1901 sna
3381 1850 3555 1901 vicenas
3575 1847 3686 1897 ιιιὶιιιι

2193 1934 2394 1985 tulimus
2415 1936 2464 1983 in
2502 1934 2666 1985 dotem
2682 1972 2697 1997 ,
2713 1934 2980 1997 cujusmodi
3005 1933 3094 1983 doe
3133 1946 3234 1983 non
3277 1932 3416 1982 facile
3451 1932 3496 1980 in
3537 1930 3686 1979 domum

2192 2018 2482 2081 locupletem
2526 2018 2688 2068 detur.
2771 2018 2871 2079 (41)
2903 2016 2998 2069 Sed
3025 2016 3227 2079 contigit
3259 2015 3478 2067 Stratoeli
3513 2016 3560 2063 ut
3587 2010 3686 2075 patri·

2193 2096 2358 2146 monio
2395 2096 2710 2147 hereditatem
2755 2096 2910 2146 dnum
2940 2096 3238 2147 talentorum
3285 2108 3398 2145 cum
3435 2096 3601 2143 semisse
3626 2090 3684 2138 ad·

2187 2180 2422 2243 iungeret.
2503 2180 2770 2243 Theophon
2807 2180 2938 2229 enim
2969 2178 3074 2240 ejus
3107 2178 3280 2228 uxoris
3315 2178 3460 2227 frater
3489 2173 3685 2224 moribun-

2193 2260 2284 2309 dus
2311 2274 2374 2309 ex
2405 2260 2510 2321 ejus
2537 2260 2724 2309 filiabus
2741 2272 2890 2309 unam
2913 2258 3006 2309 sihi
3039 2270 3128 2321 pro
3161 2257 3264 2307 tilia
3305 2255 3564 2319 adoptavit,
3589 2252 3686 2313 eique-

2193 2337 2392 2387 donavit
2413 2337 2652 2399 prndium
2687 2336 2910 2387 Eleusine
2949 2334 3046 2385 duo
3081 2334 3268 2385 talenta
3299 2334 3487 2395 valens,
3503 2330 3687 2393 sexaginta

2191 2427 2334 2477 oves,
2351 2415 2548 2464 centum
2575 2414 2809 2477 capellaS,
2829 2412 3176 2476 supellectilem
3208 2410 3533 2471 domesticam,
3553 2420 3686 2471 equum
3741 2448 3743 2453 .

2191 2492 2492 2558 splendidum
2522 2492 2602 2543 cui
2630 2492 2837 2543 insidens
2865 2490 3186 2556 [Theophon]
3210 2490 3520 2553 phylarchum
3547 2488 3686 2549 egent,

2191 2575 2243 2622 et
2267 2584 2412 2621 omne
2443 2571 2680 2633 reliquum
2717 2568 3122 2629 instrumentum}
3153 2568 3262 2631 (42)
3291 2580 3493 2630 quarum
3525 2565 3688 2613 omnium

2193 2662 2358 2700 rerum
2385 2648 2468 2699 ille
2517 2647 2834 2713 [Stratocles]
2871 2646 3054 2710 potitus
3091 2658 3178 2709 per
3221 2645 3508 2695 novennium
3547 2640 3689 2701 reliquit

2191 2728 2507 2779 substantiam
2550 2726 2764 2789 quinque
2797 2725 2978 2775 talenta
3022 2724 3074 2774 et
3113 2722 3262 2773 semis
3287 2722 3518 2773 valentem
3551 2731 3688 2768 mnan-

2192 2806 2377 2855 merato
2395 2803 2681 2867 patrimonio
2694 2840 2710 2865 ,
2727 2802 2812 2853 sed
2829 2802 3026 2852 exclusa
3044 2800 3315 2853 hereditate
3333 2800 3413 2851 illa
3433 2812 3565 2863 quam
3583 2797 3690 2847 Thm-

2193 2882 2321 2946 phon
2339 2882 2487 2945 ipsius
2509 2881 2621 2931 filiae
2649 2880 2910 2931 donaverat
2937 2894 2949 2928 ι
2971 2879 3166 2942 reliquit
3185 2878 3318 2929 enim
3353 2877 3588 2929 Stratocles
3601 2886 3689 2937 pm-

2192 2961 2324 3011 dium
2339 2959 2609 3011 Thriasium
2628 2958 2724 3008 duo
2745 2958 2925 3007 talenta
2945 2970 3058 3006 cum
3075 2956 3281 3007 dimidio
3299 2956 3477 3017 valens,
3490 2954 3652 3002 domum
3659 2950 3690 2997 in

2191 3039 2300 3087 vico
2321 3037 2481 3089 Melite
2503 3036 2694 3099 triginta
2713 3036 2854 3085 minis
2875 3036 3108 3099 emptam,
3127 3032 3278 3083 aliam
3295 3032 3508 3083 Eleusine
3531 3030 3692 3093 quinque

2193 3116 2336 3165 minis
2343 3116 2571 3180 emptam.
2592 3116 2726 3164 Bona
2735 3114 2838 3163 haec
2855 3114 2970 3161 sunt
2981 3110 3268 3173 immobilia,
3287 3122 3490 3173 quorum
3500 3120 3631 3157 annua
3639 3118 3691 3150 ιε·

2193 3194 2381 3257 ctigalia
2397 3196 2503 3243 hoec
2525 3196 2666 3245 sunt:
2687 3192 2854 3256 praedii
2875 3192 3018 3241 minoe
3036 3190 3174 3240 denae
3185 3189 3564 3252 bina-,domuum
3574 3190 3691 3235 autem

2121 3314 2128 3319 .
2193 3274 2376 3334 ternae,
2415 3272 2463 3321 in
2495 3284 2685 3322 summa
2698 3271 2836 3319 denae
2859 3268 3022 3332 quinae
3055 3268 3108 3317 in
3133 3266 3504 3327 annnmminoe3
3527 3274 3692 3327 penum

2193 3350 2364 3401 t'oenori
2408 3350 2606 3400 elocatae
2637 3350 2809 3411 quater
2847 3347 2980 3396 mille
3019 3343 3214 3394 circiter
3233 3344 3503 3404 drachmae,
3537 3350 3692 3403 quatum

3741 2466 3743 2503 1

3742 2520 3743 2555 i

2193 3432 2407 3492 quastus
2431 3440 2620 3477 annuus
2641 3426 2951 3489 septingentae
2977 3424 3089 3473 sunt
3115 3424 3266 3484 atque
3300 3420 3463 3485 viginti
3487 3419 3692 3473 drachma,
3739 3428 3741 3487 ᾗ

2194 3508 2326 3557 mina
2345 3518 2538 3570 quaque
2559 3505 2610 3554 in
2639 3516 2852 3554 mensem
2869 3513 3086 3551 novenos
3103 3500 3278 3551 obolos
3295 3502 3517 3549 merente.
3539 3496 3620 3557 (43)
3643 3496 3694 3541 Ex

2193 3587 2270 3637 his
2285 3586 2430 3649 igitur
2447 3585 2595 3635 habes
2613 3584 2768 3633 minas
2789 3582 3006 3645 qua-stus
3030 3580 3180 3630 annui
3201 3586 3264 3630 22
3288 3582 3338 3630 et
3355 3592 3504 3641 super.
3533 3578 3692 3627 Praeter-

2193 3678 2250 3715 ea
2284 3662 2479 3725 reliquit
2513 3660 2892 3725 supellectilem,
2935 3671 3078 3718 oveS,
3111 3670 3290 3720 grana,
3328 3656 3516 3715 vinum,
3555 3654 3696 3701 fructus

2192 3741 2518 3799 autumnales,
2551 3738 2726 3801 quibus
2747 3735 2954 3787 venditis
2972 3734 3224 3785 redactum
3248 3736 3324 3785 est
3349 3734 3408 3783 ad
3432 3724 3694 3796 quatermille

2193 3820 2454 3881 nongentas
2499 3816 2768 3866 drachmas.
2795 3815 2980 3864 Paratoe
2997 3813 3216 3875 pecunioe
3237 3812 3444 3874 denique
3457 3810 3504 3859 in
3523 3820 3616 3857 arca
3631 3804 3695 3852 de·

2193 3896 2360 3959 positae
2377 3907 2550 3945 novem
2574 3894 2744 3943 minas.
2773 3890 2908 3941 Adde
2925 3902 2988 3939 ex
3013 3888 3170 3939 eranis
3182 3888 3380 3938 redacta
3397 3886 3564 3945 debita,
3583 3880 3696 3945 paulo

2195 3974 2352 4023 minus
2385 3986 2534 4036 quam
2557 3970 2689 4021 mille
2724 3969 3003 4029 drachmani,
3047 3979 3168 4030 quas
3203 3969 3362 4015 mater
3391 3962 3692 4029 pupillicoram

2193 4052 2395 4101 testibus
2429 4052 2642 4102 contensa
2663 4050 2713 4099 in
2752 4047 2944 4098 tabulas
2971 4044 3164 4095 curavit
3189 4044 3374 4098 inferri.
3457 4040 3694 4093 mentionem

2193 4130 2370 4180 faciens
2401 4128 2584 4179 nullam
2621 4141 2818 4189 eorum,
2855 4138 2966 4188 quie
2998 4122 3263 4174 Stratocles
3299 4120 3484 4185 reliquit
3515 4114 3690 4181 quidem.

2194 4208 2244 4258 hi
2266 4221 2380 4258 vero
2411 4208 2596 4269 celant,
2621 4208 2812 4256 tantum
2831 4204 2879 4253 in
2902 4202 3154 4267 propatulo
3171 4202 3328 4265 posita
3353 4206 3636 4251 commemoro
3656 4192 3693 4237 et

2193 4302 2250 4339 ea
2267 4302 2378 4351 quae
2399 4289 2452 4339 hi
2473 4288 2560 4351 ipsi
2593 4286 2902 4337 confitentur.
2967 4284 3076 4334 cita
3097 4286 3154 4334 tu
3183 4283 3307 4333 mihi
3334 4283 3474 4332 testes
3511 4290 3538 4326 ο
3555 4286 3616 4323 me
3631 4269 3688 4317 di·

2193 4371 2400 4419 ciorum.

2853 4490 3094 4533 TESTsss.

2255 4626 2331 4673 44.
2358 4622 2472 4671 Erat
2499 4620 2660 4683 itaque
2686 4616 2910 4669 Stratocli
2939 4615 3206 4667 substantia
3231 4615 3324 4664 hac
3351 4624 3489 4677 qnam
3509 4604 3592 4657 dixi
3609 4613 3686 4649 am·
3738 4664 3739 4673 ἦ

2193 4710 2315 4775 plior
2337 4728 2350 4760 ι
2375 4708 2458 4760 sed
2481 4708 2625 4771 paulo
2645 4708 2751 4770 post
2765 4704 2828 4755 de
2845 4706 2972 4755 hirto
2994 4704 3228 4767 decerptis
3247 4702 3523 4753 mentionem
3541 4690 3686 4743 faciam·

2193 4804 2300 4851 Mea
2333 4810 2450 4849 vero
2485 4810 2561 4846 res
2590 4794 2836 4845 familiaris
2865 4794 3098 4857 quantula
3123 4794 3224 4842 est!
3289 4788 3474 4853 Agellus
3501 4786 3541 4835 in
3571 4780 3689 4829 (ΕΜ

2193 4886 2556 4952 quinquaginta,
2576 4884 2851 4947 agellusque
2885 4881 3174 4945 Prospaltius
3205 4879 3397 4943 triginta
3424 4877 3468 4925 et
3497 4864 3689 4921 domusifl

2193 4977 2314 5026 urbe
2328 4974 2495 5037 viginti
2511 4973 2664 5023 minas
2680 4972 2868 5032 valens,
2888 4972 2994 5021 tum
3013 4968 3248 5019 hereditas
3263 4967 3324 5016 ab
3341 4963 3510 5027 Hagnia
3525 4955 3622 5008 mihi
3637 4964 3688 4999 re·

2191 5066 2307 5117 licta
2325 5063 2478 5114 dnum
2497 5060 2758 5113 admodum
2782 5060 3105 5120 talentorum3
3125 5070 3280 5120 neque
3299 5054 3422 5104 enim
3437 5048 3576 5100 norim
3591 5038 3688 5089 unde

2193 5154 2424 5217 majorem
2442 5150 2758 5203 substantiam
2777 5148 3032 5199 extuderit.
3097 5150 3288 5195 Summa
3306 5144 3376 5192 σει
3389 5141 3474 5190 tria
3489 5134 3640 5185 talenta
3653 5128 3690 5173 ei

2192 5240 2506 5308 quadraginta
2542 5238 2684 5289 minae
2695 5275 2712 5301 ,
2753 5238 2920 5289 decem
2946 5236 3067 5287 adeo
3102 5237 3152 5285 et
3187 5238 3377 5285 centum
3406 5222 3535 5277 minis
3565 5217 3686 5268 minor
