3825 5842
580 460 691 515 ⁸:72
1288 445 1550 508 ῙΣΑΙΟΥ
1594 451 1645 507 Ο
1692 448 1875 507 ΠΕΡΙ
1919 448 2074 508 ΤΟΥ
2121 450 2682 513 ΔῙΚΛῙΟΓΕΝΟΥΣ
2723 454 3048 515 ΚΛΗΡΟΥ.
3465 454 3681 537 (uo—1101*

578 579 777 641 σούτων
799 576 1153 659 γεγενημένων
1172 586 1301 637 πᾶσι
1327 581 1431 645 τοῖς
1452 577 1688 646 πολίταις
1714 581 1784 646 εἷς
1801 578 1887 639 τὸν
1905 579 2134 656 πόλεμον
2221 584 2297 641 tot
2335 591 2709 643 contributiones
2737 605 2890 655 quum
2949 592 3090 643 ractae
3120 591 3213 643 sint
3235 604 3266 641 a
3295 580 3461 643 civibiss
3488 594 3539 643 ad
3557 594 3685 648 bellum

577 669 668 728 καὶ
713 665 807 741 τὴν
848 666 1107 747 σωτηρίαν
1146 669 1238 737 τῆς
1260 664 1457 733 πόλεως
1498 664 1833 745 Δικαιογένης
1860 667 1956 726 οὐκ
1995 665 2136 725 ἔστιν
2223 680 2558 730 sustinendum
2577 680 2844 744 patriaeque
2868 681 3072 731 salutem
3093 680 3342 743 tuendam,
3361 680 3612 744 Dicaeogenes

580 755 763 828 ἥντινα
810 754 1118 833 εἰσενήνοχε·
1158 752 1294 825 πλὴν
1341 751 1426 813 ὅτε
1454 753 1681 834 Λέχαιον
1724 754 1889 828 ἑάλω,
1931 752 2139 827 κληθεὶς

579 842 681 903 ὓπὸ
704 848 878 926 ἑτερου
904 842 1161 901 ἐπέδωκεν
1188 845 1240 901 ἐν
1263 844 1338 922 τῷ
1363 839 1513 922 δήμῳ
1540 840 1841 922 τριακοσίας
1864 839 2138 923 δραχμάς,

580 931 793 991 ἔλαττον
820 928 855 1003 ἢ
890 930 1199 1007 Κλεώνυμος
1222 935 1250 990 ὁ
1277 928 1437 1009 Κρής·
1522 930 1613 1007 (aa)
1638 929 1729 988 καὶ
1754 934 1905 989 τοῦτο
1941 928 2138 989 ἐπέδω-

499 1042 553 1082 «o
582 1044 670 1079 κεν
690 1063 707 1093 ,
738 1024 830 1079 οὐκ
858 1017 1181 1096 εἰσήνεγκεν,
1206 1021 1321 1077 ἀλλ’
1361 1021 1443 1079 ἐπ’
1475 1016 1735 1099 αἰσχίστῳ
1776 1017 2138 1099 ἐπιγράμματι

580 1107 785 1180 ἐξετέθη
826 1108 983 1166 αὗτοῦ
1007 1106 1232 1185 τοῦνομα
1264 1106 1551 1188 ἔμπροσθεν
1574 1108 1678 1165 τῶν
1716 1106 2004 1184 ἐπωνύμων
2021 1150 2036 1180 ,
2060 1104 2140 1163 ὅτι

578 1194 685 1255 οἵδε
721 1197 791 1263 εἰς
828 1196 1087 1275 σωτηρίαν
1118 1200 1211 1267 τῆς
1251 1195 1449 1262 πόλεως
1486 1193 1833 1273 ὑποσχόμενοι
1871 1198 1948 1274 τῷ
1987 1191 2140 1270 δήμῳ

580 1283 819 1353 εἰσοίσειν
844 1281 1100 1362 χρήματα
1136 1283 1395 1341 ἐθελονταὶ
1423 1285 1516 1342 οὐκ
1547 1282 1868 1359 εἰσήνεγκαν.
1953 1281 2140 1341 Καίτοι

578 1373 689 1438 πῶς
714 1368 849 1439 ἄξιον
872 1368 1157 1446 θαυμάζειν
1172 1415 1188 1444 ,
1208 1359 1253 1429 ὦ
1282 1369 1461 1449 ἄνδρες
1476 1415 1492 1447 ,
1522 1372 1567 1429 εἰ
1592 1369 1683 1447 ἐμὲ
1703 1368 2025 1442 ἐξηπάτησεν
2047 1367 2138 1426 ἕνα

578 1456 732 1532 ὄντα,
764 1456 817 1526 ὃς
844 1460 980 1533 ὑμᾶς
1010 1456 1247 1525 ἅπαντας
1274 1456 1389 1535 ἅμα
1424 1458 1844 1536 συνειλεγμένους
1870 1459 1926 1516 ἐν
1957 1460 2022 1537 τῇ
2050 1457 2142 1515 ἐκ·

578 1545 772 1628 κλησίᾳ
794 1551 1011 1606 τοιαῦτα
1030 1546 1273 1622 ἐποίησε;
1291 1545 1400 1609 Καὶ
1429 1546 1623 1607 τούτων
1652 1549 1773 1624 ὑμῖν
1798 1544 1916 1613 τοὺς
1939 1544 2136 1626 μάρτυ·

584 1658 675 1717 ρας
701 1632 1014 1717 παρέξομαι.

1190 1777 1531 1826 Mammas.

500 1918 568 1969 55
666 1926 737 1968 39.
766 1906 860 1973 Εἰς
879 1903 973 1983 μὲν
994 1902 1089 1976 τὴν
1125 1901 1278 1963 πόλιν
1300 1902 1435 1963 οὕτω
1462 1903 1553 1962 καὶ
1586 1908 1817 1962 τοσαῦτα
1846 1898 2142 1980 λελειτούρ-

587 2018 715 2075 γηκε
762 1991 1099 2072 Δικαιογένης
1138 1991 1242 2051 ἀπὸ
1286 1989 1539 2051 τοσούτων
1580 1990 1889 2073 χρημάτων·
1930 1988 2050 2071 περὶ
2089 1984 2144 2046 δὲ

588 2082 706 2150 τοὺς
726 2080 1084 2162 προσήκοντας
1102 2078 1327 2148 τοιοῦτός
1351 2082 1488 2139 ἐστιν
1518 2071 1623 2139 οἶον
1652 2084 1807 2160 ὁρᾶτε
1823 2124 1840 2153 ,
1866 2075 2004 2137 ὥστε
2030 2075 2146 2144 τοὺς

593 2169 687 2249 μὲν
715 2174 869 2247 ἡμῶν
913 2168 1151 2251 ἀφείλετο
1192 2168 1287 2241 τὴν
1316 2166 1525 2241 οὐσίαν,
1558 2167 1639 2227 ὅτι
1684 2171 1855 2245 μεῖζον
1898 2164 2146 2239 ἐδυνήθη,

588 2256 705 2325 τοὺς
743 2256 797 2316 δὲ
816 2255 1074 2338 περιεώρα
1100 2258 1169 2322 εἷς
1193 2254 1309 2323 τοὺς
1341 2253 1624 2332 μισθωτοὺς
1648 2254 1816 2321 ἰόντας
1852 2255 1918 2312 δι’
1950 2250 2144 2312 ἔνδειαν

588 2349 689 2403 τῶν
716 2343 1042 2417 ἐπιτηδείων.
1128 2340 1241 2413 Τὴν
1278 2342 1332 2400 δὲ
1362 2342 1563 2421 μητέρα
1592 2340 1685 2413 τὴν
1714 2344 1871 2401 αὐτοῦ
1912 2338 2148 2419 καθημέ-

590 2456 682 2505 νην
712 2434 764 2491 ἐν
789 2435 864 2512 τῷ
893 2436 986 2504 τῆς
1020 2429 1299 2503 Εἰληθυίας
1319 2432 1440 2511 ἱερῷ
1464 2430 1652 2498 πάντες
1682 2429 1887 2510 ἑώρων,
1916 2428 2008 2487 καὶ
2031 2426 2152 2487 τού-

538 2538 565 2579 ὓ
590 2508 665 2603 τῳ
692 2520 1014 2599 ἐγκαλοῦσαν
1031 2518 1066 2577 ἃ
1083 2516 1187 2598 ἐγὼ
1206 2516 1519 2597 αἰσχύνομαι
1539 2518 1706 2594 λέγειν
1724 2562 1739 2592 ,
1763 2508 1904 2583 οὗτος
1921 2514 1974 2574 δὲ
1989 2519 2149 2574 ποιῶν

592 2612 687 2668 οὐκ
724 2605 999 2687 ᾐσχύνετο.
1086 2608 1178 2685 (ιο)
1210 2609 1331 2666 Τῶν
1379 2606 1423 2664 δ’
1452 2604 1755 2677 ἐπιτηδείων
1804 2605 2023 2665 Μέλανα
2055 2601 2150 2681 μὲν

590 2695 678 2753 τὸν
702 2696 990 2771 Αἰγύπτιον
1009 2738 1024 2765 ,
1054 2683 1098 2774 ᾧ
1128 2695 1187 2749 ἐκ
1217 2690 1489 2772 μειρακίου
1518 2692 1665 2772 φίλος
1706 2682 1768 2762 ἧν
1790 2734 1805 2764 ,
1832 2687 1959 2770 ὅπερ
1994 2688 2150 2748 ἔλαὸε

592 2782 721 2862 παρ’
752 2783 908 2841 αὐτοῦ
938 2780 1177 2860 ἀργύριον
1207 2778 1593 2859 ἀποστερήσας,
1622 2778 1855 2858 ἔχθιστός
1882 2780 2011 2835 ἐστι·
2047 2780 2152 2834 τῶν

594 2870 648 2931 δὲ
677 2870 849 2929 ἄλλων
877 2870 1035 2927 αὐτοῦ
1061 2866 1225 2948 φίλων
1259 2870 1306 2925 οἱ
1333 2864 1427 2944 μὲν
1456 2869 1547 2925 οὐκ
1576 2864 1840 2924 ἀπέλαὸον
1888 2864 1923 2922 ἃ
1961 2862 2154 2923 ἐδάνει·

591 2980 722 3036 σαν,
753 2960 799 3016 οἱ
828 2959 873 3015 δ’
902 2954 1332 3029 ἐξηπατήθησαν,
1367 2954 1459 3013 καὶ
1484 2956 1578 3013 οὐκ
1606 2954 1793 3013 ἔλαῧον
1826 2952 1861 3011 ἃ
1888 2951 2148 3031 ὑπέσχετο

594 3046 789 3118 αὖτοῖς,
814 3046 858 3102 εἰ
882 3044 1241 3102 ἐπιδικάσαιτο
1260 3047 1351 3101 τοῦ
1370 3040 1585 3123 κλήρου,
1604 3042 1808 3101 δώσειν.
1894 3043 1990 3120 (41)
2017 3038 2153 3101 Καί-

595 3155 707 3210 τοι,
736 3121 781 3191 ῶ
824 3126 1035 3212 ἄνδρες,
1072 3133 1118 3189 οἱ
1164 3129 1409 3210 ἡμέτεροι
1449 3129 1689 3211 πρόγονοι
1727 3133 1775 3188 οἳ
1814 3134 1982 3188 ταῦτα
2027 3148 2154 3197 κτη-

599 3220 815 3300 σάμενοι
841 3219 931 3279 καὶ
960 3218 1332 3285 καταλιπόντες
1359 3218 1533 3285 πάσας
1558 3217 1654 3295 μὲν
1684 3217 1935 3298 χορηγίας
1965 3214 2156 3295 ἐχορή-

600 3332 799 3388 γησαν,
824 3306 1126 3385 εἰσήνεγκαν
1162 3304 1215 3365 δὲ
1241 3310 1313 3375 εἰς
1334 3306 1419 3365 τὸν
1449 3306 1675 3385 πόλεμον
1706 3305 1961 3387 χρήματα
1986 3302 2158 3362 πολλὰ

602 3400 723 3476 ὑμῖν
743 3442 761 3474 ,
778 3396 867 3455 καὶ
894 3400 1327 3476 τριηραρχοῦντες
1346 3393 1530 3454 οὐδένα
1557 3394 1741 3475 χρόνον
1771 3393 2019 3453 διέλιπον.
2049 3391 2158 3453 Καὶ

601 3483 797 3543 τούτων
828 3482 1087 3563 μαρτύρια
1129 3486 1183 3541 ἐν
1209 3486 1314 3551 τοῖς
1339 3485 1494 3561 ἱεροῖς
1530 3481 1844 3559 ἀναθήματα
1882 3484 2068 3539 ἐκεῖνοι
2098 3482 2159 3538 ἐκ

608 3575 710 3631 τῶν
732 3571 1011 3651 περιόντων
1032 3614 1049 3647 ,
1075 3574 1305 3649 μνημεῖα
1329 3574 1421 3641 τῆς
1450 3573 1617 3629 αὑτῶν
1648 3573 1832 3651 ἀρετῆς
1849 3614 1866 3647 ,
1896 3568 2160 3641 ἀνέθεσαν,

608 3664 759 3718 τοῦτο
786 3657 881 3735 μὲν
908 3660 961 3717 ἐν
988 3657 1237 3717 Διονύσου
1265 3658 1543 3737 τρίποδας,
1589 3654 1677 3724 οὒς
1702 3663 2044 3738 χορηγοῦντες
2071 3655 2161 3717 καὶ

605 3750 844 3811 νικῶντες
886 3744 1104 3819 ἔλαὸον,
1148 3751 1301 3805 τοῦτο
1328 3746 1371 3804 δ’
1400 3747 1451 3803 ἐν
1495 3745 1709 3805 Πυθίου·
1795 3745 1889 3823 (⁴2)
1916 3744 1992 3803 ἐτι
2033 3746 2077 3803 δ’
2109 3748 2161 3804 ἐν

531 3855 576 3893 15
606 3836 884 3935 ἀκροπόλει
922 3832 1167 3914 ἀπαρχὰς
1192 3836 1295 3892 τῶν
1324 3832 1484 3892 ὄντων
1513 3834 1779 3901 ἀναθέντες
1818 3834 2028 3899 πολλοῖς
2043 3878 2062 3911 ,
2095 3836 2164 3900 ὥς

606 3916 709 3974 ἀπο
737 3914 869 3981 ἰδίας
890 3912 1121 3985 κτήσεως
1141 3958 1156 3987 ,
1189 3912 1461 3990 ἀγάλμασι
1484 3914 1699 3992 χαλκοῖς
1726 3912 1815 3972 καὶ
1841 3912 2047 3980 λιθίνοις
2073 3934 2162 3970 κε·-

604 4001 906 4075 κοσμήκασι
932 4000 993 4059 τὸ
1018 3999 1177 4081 ἱερόν.
1262 4000 1427 4060 Αὐτοὶ
1457 4001 1499 4059 δ’
1524 3999 1655 4082 ὑπὲρ
1676 4004 1769 4072 τῆς
1795 4000 2040 4081 πατρίδος
2061 4022 2164 4058 πο-

604 4092 881 4169 λεμοῦντες
906 4087 1191 4162 ἀπέθανον,
1221 4088 1560 4167 Δικαιογένης
1589 4086 1681 4167 μὲν
1707 4091 1734 4147 ὁ
1764 4086 2048 4157 Μενεξένου
2074 4094 2163 4147 τοῦ

607 4180 737 4255 ἐμοῦ
776 4178 997 4238 πάππου
1034 4176 1211 4257 πατὴρ
1259 4180 1563 4257 στρατηγῶν
1608 4176 1692 4235 ὅτε
1734 4180 1769 4248 ἠ
1804 4180 1857 4235 ἐν
1906 4176 2164 4237 Ἐλευσῖνι

609 4265 758 4345 μάχη
790 4266 1017 4344 ἐγένετο,
1067 4264 1347 4334 Μενέξενος
1373 4266 1418 4324 δ’
1448 4268 1476 4323 δ
1516 4263 1707 4324 ἐκείνου
1737 4264 1843 4332 υίὸς
1882 4266 2162 4345 φυλαρχῶν

606 4356 701 4424 τῆς
734 4352 983 4421 Ὀλυσίας
1005 4356 1057 4412 ἐν
1090 4353 1425 4435 Σπαρτώλῳ,
1451 4352 1786 4429 Δικαιογένης
1810 4352 1863 4411 δὲ
1892 4357 1920 4411 ὁ
1945 4351 2164 4421 Μενεξέ-

608 4463 696 4499 νου
743 4463 964 4521 τριηραρ
1006 4444 1076 4497 ῶν
1123 4445 1215 4512 τῆς
1255 4441 1510 4523 Παράλου
1564 4444 1614 4499 ἐν
1644 4442 1841 4520 Κνίδῳ.
1927 4442 2016 4518 (1³)
2059 4440 2165 4499 Τὸν

533 4548 585 4586 20
610 4526 703 4601 μὲν
732 4526 911 4586 τούτου
942 4551 969 4587 o
990 4550 1078 4587 κον
1099 4526 1183 4602 σύ,
1200 4517 1245 4586 ὦ
1272 4528 1616 4608 Δικαιόγενες,
1642 4524 1968 4607 παραλαόὼν
1995 4531 2168 4595 κακῶς

612 4613 705 4674 καὶ
728 4616 958 4695 αἰσχρῶς
986 4615 1317 4689 διολώλεκας,
1357 4615 1448 4675 καὶ
1476 4612 1940 4694 ἐξαργυρισάμενος
1982 4614 2164 4673 πενίαν

612 4700 799 4784 ὀδύρῃ,
824 4703 913 4761 ποῖ
939 4702 1238 4778 ἀναλώσας;
1264 4702 1379 4764 οὔτε
1408 4701 1508 4782 γὰρ
1538 4704 1609 4768 εἰς
1635 4700 1729 4770 τὴν
1762 4702 1913 4760 πόλιν
1953 4700 2070 4759 οὔτε
2099 4704 2168 4769 εἷς

617 4790 733 4858 τοὺς
758 4790 934 4873 φίλους
960 4792 1176 4874 φανερὸς
1212 4782 1260 4850 εἶ
1286 4789 1599 4861 δαπανηθεὶς
1626 4787 1791 4849 οὐδέν.
1876 4788 2035 4848 Ἀλλὰ
2063 4788 2166 4867 μὴν

613 4878 729 4938 οὐδὲ
765 4882 1275 4962 καθιπποτρόιρηκας·
1296 4880 1354 4937 οὗ
1382 4876 1483 4957 γὰρ
1526 4875 1738 4935 πώποτε
1765 4875 1974 4949 ἐκτήσω
2000 4875 2166 4936 ἵππον

611 4966 843 5035 πλείονος
867 4967 1004 5037 ἄξιον
1026 4966 1061 5039 ἢ
1091 4972 1247 5049 τριῶν
1278 4968 1437 5043 μνῶν·
1466 4963 1583 5023 οὔτε
1604 4964 2165 5047 κατεζευγοτρόφηκας,

612 5054 726 5114 ἐπεὶ
750 5056 867 5115 οὐδὲ
894 5059 1066 5136 ζεῦγος
1084 5054 1289 5125 ἐκτήσω
1315 5050 1487 5134 ὁρικὸν
1518 5052 1845 5113 οὐδεπώποτε
1874 5054 1961 5113 ἐπὶ
1982 5053 2167 5113 τοσού-

535 5162 584 5203 25
611 5165 717 5210 τοις
734 5146 908 5223 ἀγροῖς
930 5142 1020 5201 καὶ
1038 5141 1319 5218 κτήμασιν.
1406 5138 1495 5221 (u)
1522 5138 1664 5200 Ἀλλ’
1684 5142 1789 5201 οὐδ’
1811 5144 1870 5201 ἐκ
1892 5145 1994 5202 τῶν
2016 5144 2167 5201 πολε-

617 5228 751 5309 μίων
796 5229 965 5289 ἐλύσω
1008 5228 1209 5293 οὐδένα.
1292 5226 1439 5289 Ἀλλ’
1479 5227 1595 5290 οὐδὲ
1644 5228 1712 5290 τὰ
1756 5229 2068 5311 ἀναθήματα
2086 5278 2104 5307 ,
2131 5228 2168 5290 ἃ

2229 769 2376 818 semel
2400 769 2594 832 quidem
2627 770 2886 833 quicquam
2925 770 3155 832 contulit;
3191 769 3280 820 nisi
3307 770 3427 832 quod
3439 806 3452 831 ,
3479 784 3600 832 quum

2227 855 2418 905 chaeum
2451 858 2724 921 caperetur,
2747 859 3037 919 provocatus
3051 857 3114 907 ab
3135 858 3229 907 alio
3245 857 3465 920 pollicitus
3479 856 3589 906 estin
3606 870 3670 905 con

2231 942 2368 993 cione
2393 956 2446 994 se
2459 944 2700 995 trecentas
2719 944 3000 1009 drachmas,
3023 946 3184 996 minus
3195 946 3312 995 adeo
3329 958 3462 1009 quam
3475 946 3650 1005 electum

2227 1032 2465 1082 Cretensis
2474 1032 2626 1095 dedit,
2639 1046 2740 1083 esse
2757 1034 2982 1084 datumm
3001 1053 3015 1084 ι
3030 1034 3128 1097 (38)
3143 1036 3192 1083 at
3205 1033 3332 1097 quod
3342 1033 3548 1097 pollicitus
3560 1035 3613 1081 est

2229 1120 2452 1183 praestitit
2463 1158 2478 1183 ,
2499 1121 2583 1171 sed
2601 1122 2876 1185 turpissima
2893 1121 2954 1173 de
2971 1136 3114 1173 causa
3133 1135 3307 1172 nomen
3323 1121 3418 1183 eius
3437 1120 3544 1183 apud
3559 1124 3676 1181 Epony

2229 1220 2335 1257 mos
2369 1208 2420 1257 in
2454 1208 2622 1259 tabula
2645 1210 2838 1271 publica
2860 1210 3207 1274 proscriptum,
3233 1213 3287 1260 ut
3304 1222 3421 1259 unus
3451 1220 3588 1258 eorum
3617 1206 3693 1269 qui,

2227 1309 2372 1359 quam
2401 1296 2700 1360 largitionem
2741 1298 2804 1348 ad
2827 1300 3033 1349 salutem
3067 1299 3234 1362 patrie
3255 1298 3470 1349 tuendam
3491 1298 3624 1359 sponte
3638 1309 3709 1357 ειιι1

2228 1389 2426 1452 polliciti
2459 1391 2683 1455 fuissent,
2719 1406 2818 1443 non
2857 1393 3202 1457 pmtitissent.
3249 1394 3340 1451 Qut
3373 1392 3466 1454 jam
3497 1390 3694 1438 mirantum

2228 1470 2317 1534 sit,
2335 1484 2416 1521 me
2431 1472 2518 1535 qui
2537 1486 2662 1524 unus
2678 1475 2771 1524 sim
2788 1476 2850 1525 ab
2866 1490 2925 1527 eo
2947 1476 3196 1539 deceptum
3229 1488 3355 1537 esse,
3373 1472 3450 1537 qui
3469 1484 3544 1522 vos
3559 1474 3711 1520 mint-les«

2229 1556 2280 1605 iu
2297 1556 2578 1609 concionem
2595 1570 2867 1623 congressos
2881 1559 3150 1623 deceperit?
3212 1559 3364 1610 Etiam
3385 1558 3513 1621 hujus
3531 1555 3587 1605 rei
3599 1558 3694 1602 teies

2230 1639 2483 1701 prestabo.

2899 1784 3120 1827 TESTRS
3129 1811 3140 1826 ι

2293 1912 2371 1958 39.
2405 1910 2462 1958 In
2483 1921 2636 1972 remp.
2661 1922 2774 1972 ergo
2799 1910 3102 1974 Dicaeogenes
3127 1910 3224 1960 boc
3241 1912 3378 1974 pacto
3399 1913 3444 1961 et
3469 1914 3556 1960 tam
3581 1908 3686 1967 magni

2233 1990 2324 2042 tice
2339 2006 2368 2042 e
2383 2006 2437 2043 re
2461 1995 2564 2043 tam
2589 1995 2724 2045 lauta
2749 1995 2968 2058 erogavit
3010 2014 3024 2045 ι
3049 2008 3160 2059 erga
3183 1994 3466 2045 necessarios
3481 1996 3612 2042 autem
3628 2004 3696 2039 eum

2234 2090 2284 2127 se
2305 2078 2426 2140 gerit
2445 2092 2592 2142 quem
2611 2079 2808 2143 videtis;
2830 2094 2946 2130 nam
2967 2080 3089 2131 alios
3111 2084 3331 2131 nostrum
3355 2078 3538 2129 fortunis
3561 2074 3699 2126 enirm

2235 2156 2544 2220 proepollens,
2567 2160 2689 2209 alios
2712 2172 2854 2223 aequo
2881 2160 3043 2209 animo
3075 2160 3258 2209 serebat
3275 2160 3339 2209 ob
3365 2156 3582 2221 penuriam
3597 2154 3721 2201 vicinas

2235 2240 2503 2301 quotidiani
2530 2255 2723 2305 peregre
2739 2242 2974 2306 proficisci
2995 2242 3333 2293 mercenarios.
3365 2238 3572 2289 Viderunt
3593 2248 3702 2285 omne

2237 2328 2440 2373 matrem
2462 2325 2565 2387 ejus
2589 2326 2637 2374 in
2659 2326 2770 2375 fano
2789 2324 2990 2388 llitbyiae
3018 2324 3295 2387 sedentem,
3319 2323 3498 2385 filioque
3513 2320 3632 2371 scelus
3647 2330 3700 2363 ex-

2239 2406 2542 2467 probrantem
2561 2445 2574 2469 ,
2600 2408 2732 2470 quod
2764 2408 2976 2471 proferre
2997 2408 3320 2464 verecundor,
3351 2416 3594 2469 quanquam
3615 2401 3702 2449 illum

2239 2486 2539 2538 committere
2561 2488 2716 2537 scelus
2733 2488 2799 2537 nil
2819 2488 3006 2551 puduit.
3073 2488 3171 2551 (40)
3192 2488 3378 2539 Melane
3395 2484 3588 2548 AEgsptiO
3603 2493 3702 2543 (1υυιῦ

2239 2573 2363 2620 oeset
2393 2584 2422 2620 a
2443 2583 2590 2634 puero
2615 2572 2911 2622 familiariter
2941 2586 3090 2635 usus,
3125 2572 3273 2621 babet
3303 2584 3429 2621 nunc
3459 2572 3626 2619 eundem
3651 2562 3704 2610 sibi

2240 2656 2636 2721 inimicissimum,
2652 2657 2782 2719 quod
2805 2658 3058 2721 pecuniam
3073 2657 3136 2707 ab
3153 2657 3240 2706 illo
3257 2660 3423 2707 mutuo
3439 2656 3635 2715 sumptam
3647 2662 3704 2697 nors

2239 2736 2431 2788 reddit:
2461 2738 2754 2801 reliquorum
2774 2737 2858 2800 qui
2873 2737 3018 2786 amici
3044 2738 3152 2800 ejus
3173 2738 3398 2797 suerunt,
3426 2736 3498 2785 alii
3521 2746 3598 2783 non
3615 2742 3706 2777 reru·

2240 2822 2470 2881 perurunt
2487 2833 2712 2870 nummos
2729 2820 2818 2884 ipsi
2841 2823 3012 2870 mutuo
3031 2819 3169 2869 datos
3179 2856 3196 2883 ,
3223 2821 3306 2870 alii
3331 2818 3504 2882 decepti
3519 2814 3664 2867 suntab
3677 2826 3710 2859 u>

2241 2915 2340 2952 nou
2356 2907 2614 2967 praestante
2635 2918 2692 2954 ea
2714 2917 2824 2967 quae
2841 2918 2894 2953 se
2911 2902 3138 2953 daturum
3157 2903 3470 2967 promisisset,
3491 2904 3526 2953 εἰ
3541 2899 3710 2950 beredita-

2241 2986 2340 3032 tem
2371 2983 2422 3032 in
2447 2982 2624 3046 iudicio
2640 2982 2999 3045 adipisceretur.
3065 2982 3165 3045 (41)
3191 2983 3356 3033 Nostri
3387 2986 3535 3031 autem
3549 2979 3712 3041 umjons·

2243 3078 2273 3113 o
2283 3064 2484 3127 judices,
2499 3064 2582 3125 qui
2601 3064 2726 3113 bona
2735 3064 2870 3113 istaec
2878 3062 3176 3125 reliquerunt
3193 3064 3369 3114 sudore
3377 3076 3462 3113 suo
3477 3064 3607 3125 parta,
3617 3056 3714 3107 nullis

2243 3154 2340 3191 non
2358 3141 2690 3203 choregatibus
2703 3140 2916 3190 defuncti
2933 3142 3048 3189 sunt
3059 3177 3074 3202 ,
3089 3142 3411 3205 pecuniasque
3423 3138 3714 3203 quamplurimas

2245 3220 2307 3269 ad
2332 3232 2478 3269 onera
2492 3218 2604 3268 belli
2627 3218 2908 3281 perferenda
2925 3218 3256 3280 contulerunt,
3276 3231 3428 3281 neque
3439 3220 3599 3279 tempus
3613 3214 3716 3261 ullum

2245 3300 2434 3349 vacavit
2452 3300 2662 3363 ipsorum
2676 3298 3081 3350 trierarchatibus.
3147 3302 3366 3359 Quorum
3383 3299 3632 3348 documenta
3643 3295 3718 3342 sunt

2245 3378 2442 3429 donaria
2465 3379 2527 3428 ab
2547 3379 2639 3429 illis
2657 3378 2707 3427 in
2731 3379 2852 3429 sanis
2869 3379 3072 3429 deorum
3083 3416 3100 3443 ,
3119 3391 3182 3429 ex
3199 3394 3260 3429 eo
3277 3379 3405 3443 quod
3425 3378 3528 3441 ipsis
3549 3377 3598 3426 de
3611 3386 3718 3423 nerts-

2246 3462 2382 3512 sariis
2411 3462 2635 3525 impensis
2661 3460 2950 3511 redundaret
2979 3460 3227 3525 dedicata,
3253 3475 3352 3526 quo
3369 3462 3638 3511 monumenta
3652 3466 3719 3503 suae

2250 3542 2440 3593 virtutis
2457 3545 2638 3602 essent3
2659 3540 2896 3604 tripodes,
2919 3540 3001 3590 alii
3023 3540 3075 3589 in
3097 3542 3282 3604 templo
3308 3540 3474 3592 Bacchi
3495 3532 3720 3591 consecrati,

2247 3634 2370 3685 quos
2399 3621 2591 3685 choregi
2613 3633 2766 3684 quum
2795 3622 2977 3680 oesent,
2999 3621 3200 3683 proemia
3235 3620 3447 3671 victorias
3471 3616 3722 3671 abstulerant,

2248 3703 2328 3752 alii
2353 3704 2405 3753 in
2429 3704 2609 3765 templo
2635 3702 2792 3765 Pythii
2825 3702 3057 3765 Apollinis
3087 3702 3354 3752 consecrati
3391 3720 3403 3752 ι
3442 3702 3530 3761 (42)
3555 3700 3724 3760 piaeterea

2249 3793 2442 3845 quoque
2469 3780 2520 3830 in
2551 3793 2664 3831 arce
2685 3780 2918 3844 primitias
2939 3780 3243 3835 fortunarum
3277 3780 3581 3831 consecrantes
3605 3776 3724 3823 tanum

2249 3858 2380 3921 quod
2399 3860 2464 3909 ibi
2478 3862 2550 3911 est
2563 3860 2790 3909 Minervas
2807 3857 3076 3908 simulacris
3087 3858 3332 3921 aeneisque
3341 3856 3571 3917 saxeisqne
3577 3862 3724 3901 numeru

2251 3937 2442 4000 multis,
2463 3940 2518 3987 ut
2539 3951 2566 3987 e
2588 3951 2640 3987 re
2661 3936 2878 3987 familiari
2905 3936 3124 3999 privata,
3146 3937 3454 3985 exornarunt.
3512 3931 3592 3994 lpsi
3609 3930 3724 3979 sulm!

2249 4030 2337 4080 pro
2367 4018 2518 4080 patria
2537 4018 2820 4068 dimicantes
2857 4017 3216 4079 occubuerunt,
3267 4017 3550 4078 Dicaeogmae
3585 4008 3726 4074 quidem

2251 4100 2520 4163 Menexcni,
2540 4100 2619 4149 avi
2635 4100 2728 4151 mei
2748 4102 2902 4163 pater,
2927 4100 3118 4163 strategi
3141 4112 3255 4149 cum
3273 4099 3492 4162 dignitate
3506 4094 3610 4158 apud
3627 4092 3726 4141 Eleu·

2251 4179 2431 4243 sinem,
2469 4182 2758 4230 Menexenus
2787 4182 2950 4229 autem
2982 4178 3114 4228 filius
3151 4177 3282 4243 ejus,
3315 4178 3519 4243 equitum
3545 4172 3726 4233 magides,

2252 4266 2382 4331 apud
2419 4265 2694 4328 Spartolum
2731 4264 2783 4313 ln
2819 4263 3096 4326 olysiorum
3125 4263 3548 4328 (Olynthios-um)
3575 4256 3726 4337 ditionf.

2253 4346 2556 4407 Dicaeogenes
2601 4346 2764 4393 autem
2820 4340 2963 4404 hujus
3014 4344 3267 4392 Menexeui
3313 4342 3435 4392 filius
3473 4334 3660 4389 occubuit
3693 4342 3728 4379 1²

2254 4436 2411 4486 pugna
2442 4420 2571 4485 apud
2607 4418 2810 4470 cnidum
2828 4456 2843 4481 ,
2881 4418 3198 4469 trierarchatu
3234 4421 3431 4483 fungens
3458 4417 3574 4467 navis
3601 4408 3724 4461 Parali-

2254 4506 2353 4566 (43)
2379 4506 2512 4552 Hanc
2526 4504 2584 4552 tu
2605 4500 2833 4559 domum,
2855 4500 3165 4562 Dicoeogene,
3191 4512 3345 4562 quum
3369 4496 3638 4559 suscepisses,
3653 4500 3726 4550 μδ·

2252 4582 2373 4632 sime
2388 4593 2576 4630 summo
2595 4592 2707 4628 cum
2722 4576 2954 4627 dedecore
2973 4578 3332 4640 pessumdedisti
3345 4595 3360 4641 ;
3385 4590 3441 4627 ac
3455 4572 3604 4625 fundos
3619 4576 3728 4630 quum

2252 4658 2464 4708 nummis
2485 4654 2871 4717 commutantem,
2895 4655 3204 4706 nibilominus
3221 4656 3532 4719 paupertatem
3549 4640 3726 4711 quereris!

2253 4741 2366 4801 qul?
2393 4751 2491 4801 quo
2515 4736 2787 4800 impendisti
2819 4734 3102 4798 pecuniam?
3165 4740 3220 4785 ln
3237 4748 3386 4798 remp.
3407 4732 3579 4797 quidem
3594 4722 3730 4776 constal

2254 4816 2372 4866 nihil
2397 4820 2447 4867 te
2469 4816 2754 4879 impendisse
2779 4828 2935 4878 neque
2951 4814 3004 4865 in
3025 4814 3221 4865 amicoS.
3283 4818 3445 4877 Neque
3459 4810 3578 4873 equis
3597 4800 3731 4855 alendis

2255 4893 2512 4959 prodegisti
2541 4907 2670 4955 rem,
2697 4894 2782 4957 qui
2801 4907 3052 4957 nunquam
3075 4893 3296 4944 habueris
3317 4904 3488 4955 equum
3511 4888 3602 4951 plus
3619 4879 3732 4931 tribus

2261 4981 2401 5031 minis
2423 4982 2739 5042 veneuntem3
2763 4992 2920 5043 neque
2937 4979 3083 5031 etiam
3104 4978 3293 5041 inbigas
3313 4976 3512 5026 mulares
3523 4960 3732 5034 profudisti,

2254 5078 2374 5130 quas
2397 5078 2647 5129 nunquam
2681 5066 2958 5129 possedisti,
2981 5069 3084 5116 tam
3107 5066 3289 5129 amplos
3315 5061 3479 5112 fundos
3505 5058 3548 5106 et
3575 5056 3656 5101 tam
3681 5056 3732 5093 ιιι-

2255 5152 2464 5201 structos
2483 5150 2682 5202 habens.
2750 5149 2850 5214 (44)
2880 5150 3044 5213 Neque
3061 5162 3124 5200 ex
3145 5148 3356 5199 hostibus
3375 5143 3595 5207 captivum
3621 5131 3732 5221 ullum¹

2257 5234 2514 5287 redemisti.
2575 5238 2647 5288 Ne
2667 5236 2770 5301 ipsa
2787 5234 2982 5299 quidem
3006 5232 3088 5285 illa
3109 5232 3304 5287 donaria
3327 5230 3377 5281 in
3399 5226 3554 5279 urbem
3579 5214 3732 5269 inrum
