3825 5842
516 448 625 501 296

1381 428 1645 493 ΙΣΑΙΟΥ
1685 433 1735 492 0
1764 431 1951 492 ΠΕΡΙ
1992 430 2144 491 ΤΟΥ
2182 432 2523 495 ΚῙΡΩΝΟΣ
2564 432 2884 495 limpor.

3420 438 3641 517 (an—223

435 590 488 631 ao
515 568 773 649 ἐγγυτέρω
799 572 891 627 τοῦ
915 564 1085 646 γένους
1099 562 1234 639 ἐστί;
1250 565 1405 636 δῆλον
1421 561 1521 643 γὰρ
1541 560 1621 622 ὅτι
1641 561 1887 644 θυγάτηρ·
1907 565 1943 634 ἡ
1961 560 2064 641 ’μὲν
2153 577 2193 624 Α
2217 573 2391 624 Cirone
2419 575 2527 623 uter
2546 574 2741 637 propius
2756 574 2921 635 abest,
2950 572 3047 623 filia
3064 586 3131 623 an
3150 573 3329 625 frater?
3356 578 3467 627 Pilia
3486 582 3652 647 utique,

515 656 616 740 γὰρ
655 654 706 725 ἐξ
744 653 940 715 ἐκείνου
982 654 1206 733 γέγονεν,
1247 656 1274 711 ὁ
1316 652 1368 711 δὲ
1411 650 1521 729 μετ’
1542 650 1752 711 ἐκείνου.
1796 648 2068 730 Θυγατρὸς
2153 664 2265 701 nam
2287 664 2353 701 cx
2370 652 2471 715 ipso
2486 653 2597 701 nata
2615 654 2688 703 est
2706 653 2908 715 Cirone,
2928 654 3074 703 frater
3092 656 3259 705 autem
3275 656 3553 709 solummodo
3564 676 3657 715 cam
3706 677 3716 716 ¹.

519 744 572 804 δὲ
603 744 782 811 παῖδες
810 741 844 812 ἢ
874 740 1090 821 ἀδελφός
1107 765 1122 812 ;
1142 742 1322 809 παῖδες
1347 740 1615 811 δήπουθεν·
1642 736 1785 817 γένος
1815 737 1918 817 γὰρ
1950 739 2065 796 ἀλλ’
2158 729 2333 779 Gitone
2352 731 2495 780 natus
2512 733 2602 783 est.
2666 732 2730 781 At
2748 730 2858 780 lilim
2880 730 3019 781 liberi
3036 732 3343 795 propior-esne
3358 738 3489 795 sunt,
3520 741 3659 791 anfra-

519 832 636 913 οὐχὶ
662 830 927 910 συγγένεια
955 827 1091 887 τοῦτ’
1117 828 1276 887 ἐστίν.
1361 830 1428 887 Et
1452 826 1514 899 δὴ
1535 826 1826 907 προέχομεν
1847 827 2069 907 ἀδελφοῦ

522 925 785 995 τοσοῦτον,
835 909 870 989 ἧ
896 940 996 975 που
1035 915 1185 975 τοῦδέ
1226 918 1273 994 γ’
1318 913 1460 983 ὄντος
1505 916 1776 994 ἀδελφιδοῦ
1817 912 2071 991 πάμπολυ

520 1006 759 1087 πρότεροί
782 1008 958 1083 ἐσμενς
1006 1002 1094 1083 (8⁴)
1120 1004 1340 1065 Δέδοικα
1363 1002 1416 1062 δὲ
1441 1001 1518 1081 μὴ
1540 1002 1656 1062 λίαν
1680 998 2072 1081 ὁμολογούμενα

522 1096 685 1174 λέγων
716 1094 944 1173 ἐνοχλεῖν
973 1093 1094 1167 ὑμῖν
1119 1091 1272 1161 δόξω·
1293 1090 1484 1159 πάντες
1516 1089 1617 1171 γὰρ
1653 1094 1798 1169 ὑμεῖς
1836 1094 1941 1149 τῶν
1967 1112 2073 1148 πα-

520 1180 719 1263 τρῴων,
739 1182 842 1239 τῶν
861 1178 1155 1260 παππῴων,
1177 1182 1279 1237 τῶν
1298 1177 1373 1237 ἔτι
1393 1177 1682 1259 περαιτέρω
1706 1176 2075 1258 κληρονομεῖτε

442 1286 498 1323 ²⁵⁵
520 1271 580 1329 ἐκ
596 1268 768 1348 γένους
786 1267 1162 1348 παρειληφότες
1183 1266 1277 1339 τὴν
1307 1265 1610 1346 ἀγχιστείαν
1635 1264 1952 1345 ἀνεπίδικον,
1980 1264 2072 1324 καὶ

522 1360 616 1416 οὐκ
639 1346 732 1416 οἶδ’
757 1354 808 1415 εἴ
825 1377 924 1413 τινι
951 1352 1052 1434 πρὸ
1073 1360 1162 1413 τοῦ
1194 1353 1407 1414 πώποτε
1432 1358 1656 1420 τοιοῦτος
1697 1352 1836 1430 ἀγὼν
1875 1350 2077 1430 συμὸέ-

525 1445 703 1517 ὅηκεν.
789 1442 1061 1522 Ἀναγνοὺς
1093 1433 1180 1502 οὖν
1209 1441 1296 1501 τὸν
1336 1446 1428 1513 τῆς
1467 1440 1744 1506 κακώσεως
1783 1438 1962 1518 νόμον,
2004 1430 2076 1497 ὧν

525 1528 673 1591 ἕνεκα
699 1536 866 1590 ταῦτα
901 1530 1160 1611 γίγνεται,
1205 1528 1296 1588 καὶ
1338 1528 1482 1588 ταῦτ’
1516 1528 1617 1602 ἤδη
1654 1527 1973 1609 πειράσομαι
2004 1526 2078 1585 δι-

527 1618 756 1681 δάσκειν.

1179 1754 1423 1802 Nouos,

605 1906 681 1949 3⁸.
727 1885 902 1967 Κίρων
939 1884 1038 1966 γὰρ
1076 1883 1322 1957 ἐκέκτητο
1363 1884 1563 1964 οὐσίαν,
1604 1874 1648 1944 ὦ
1683 1885 1884 1966 ἄνδρες,
1924 1881 2079 1963 ἀγρὸν

539 1974 636 2054 μὶν
657 1974 898 2049 Φλυῆσι,
943 1973 1033 2033 καὶ
1067 1974 1324 2033 ταλάντου
1350 1970 1536 2055 ῥᾳδίως
1567 1969 1730 2047 ἄξιον,
1760 1968 1922 2038 οἰκίας
1960 1969 2005 2028 δ’
2028 1972 2081 2029 ἐν

531 2062 678 2122 ἄστει
706 2060 824 2135 δύο,
863 2058 960 2133 τὴν
1002 2060 1097 2138 μὲν
1140 2060 1264 2139 μίαν
1306 2064 1741 2141 μισθοφοροῦσαν,
1768 2058 1913 2139 παρὰ
1937 2057 1997 2117 τὸ
2026 2061 2079 2116 ἐν

451 2166 504 2205 40
533 2151 760 2229 Λίμναις
799 2149 1083 2224 Διονύσιον,
1107 2148 1360 2229 δισχιλίας
1390 2147 1742 2229 εὖρίσκουσαν,
1774 2146 1868 2218 τὴν
1897 2146 1941 2205 δ’
1972 2144 2083 2205 ἐτί-

532 2262 647 2320 ραν,
673 2232 785 2317 ἐνῇ
817 2237 967 2305 αὐτὸς
999 2237 1150 2320 ᾤκει,
1197 2240 1348 2317 τριῶν
1401 2236 1492 2297 καὶ
1534 2234 1658 2295 δέκα
1709 2239 1868 2313 μνῶν·
1909 2234 1987 2294 ἔτι
2027 2233 2081 2295 δὲ

532 2323 832 2405 ἀνδράποδα
877 2329 1288 2406 μισθοφοροῦντα
1335 2323 1425 2383 καὶ
1475 2320 1566 2383 δύο
1620 2321 1935 2399 θεραπαίνας
1994 2322 2083 2380 καὶ

530 2412 829 2484 παιδίσκην,
859 2412 948 2470 καὶ
982 2411 1176 2470 ἔπιπλα
1207 2414 1272 2471 δι’
1298 2402 1369 2470 ὧν
1397 2410 1522 2492 ᾤκει
1553 2407 1646 2482 τὴν
1675 2408 1859 2482 οἰκίαν,
1897 2408 2084 2488 σχεδὸν

534 2500 628 2557 σὺν
645 2502 749 2565 τοῖς
772 2496 1108 2577 ἀνδραπόδοις
1128 2498 1244 2567 ἄξια
1267 2498 1599 2579 τρισκαίδεκα
1621 2500 1780 2573 μνῶψ
1803 2494 2083 2574 σύμπαντα

534 2588 586 2645 δὲ
615 2584 714 2645 ὅσα
741 2584 939 2666 φανερὰ
965 2577 1047 2659 ἦν,
1071 2584 1282 2657 πλέονῆ
1314 2584 1614 2658 ἐνενήκοντα
1651 2588 1808 2662 μνῶν·
1841 2584 2002 2664 χωρὶς
2030 2582 2085 2641 δὲ

532 2674 724 2733 τούτων
750 2674 1070 2751 δανείσματα
1109 2677 1201 2733 οὐκ
1241 2673 1420 2753 ὀλίγα,
1455 2674 1546 2751 ἀφ’
1575 2664 1647 2733 ὧν
1684 2676 1874 2741 ἐκεῖνος
1911 2673 2087 2739 τόκους

535 2761 815 2838 ἐλάμὸανε.
917 2761 1004 2841 (36)
1044 2763 1259 2829 Τούτοις
1295 2765 1516 2835 Διοκλῆς
1557 2761 1689 2839 μετὰ
1730 2748 1824 2834 τῆς
1865 2762 2088 2842 ἀδελφῆς

448 2863 512 2913 73
535 2850 704 2909 πάλαι
741 2848 1099 2926 ἐπεὸούλευεν,
1147 2850 1321 2921 ἐπειδὴ
1359 2848 1584 2929 τάχιστα
1613 2852 1662 2909 οἱ
1683 2851 1864 2917 παῖδες
1900 2851 1949 2907 οἱ
1984 2848 2087 2911 Κί-

537 2960 693 3017 ρωνος
715 2932 1094 3009 ἐτελεύτησαν.
1178 2936 1416 3011 Ἐκείνην
1460 2938 1554 3013 μὲν
1596 2936 1696 3018 γὰρ
1732 2938 1826 2997 οὐκ
1867 2936 2087 3005 ἐξεδίδου

537 3022 824 3103 δυναμένην
853 3024 928 3085 ἔτι
955 3033 1120 3085 τεκεῖν
1160 3026 1352 3092 παῖδας
1378 3025 1432 3095 ἐξ
1457 3024 1630 3105 ἐτέρου
1659 3024 1864 3103 ἀνδρός,
1885 3024 1973 3083 ἵνα
2013 3023 2087 3101 μὴ

535 3111 878 3194 χωρισθείσης
923 3111 1045 3193 περὶ
1090 3116 1192 3171 τῶν
1239 3115 1398 3171 αὓτοῦ
1447 3112 1784 3192 βουλεύσαιτο
1851 3111 2087 3191 καθάπερ

535 3205 820 3282 προσῆκεν,
851 3200 1018 3261 ἔπειθε
1056 3198 1110 3258 δὲ
1154 3200 1324 3277 μένειν
1351 3199 1653 3279 φάσκουσαν
1683 3198 1734 3268 ἐξ
1765 3201 1923 3258 αὐτοῦ
1950 3206 2090 3257 κυεῖν

541 3288 766 3362 οἴεσθαι,
810 3286 1259 3366 προσποιουμένην
1299 3285 1352 3345 δὲ
1391 3286 1701 3368 διαφθείρειν
1731 3286 1979 3357 ἄκουσαν,
2020 3282 2087 3343 ἵν’

474 3398 499 3435 s
539 3376 755 3446 ἐλπίζων
787 3373 868 3433 ἀεὶ
894 3374 1202 3453 γενήσεσθαι
1230 3375 1420 3443 παῖδας
1456 3378 1596 3455 αὑτῷ
1635 3372 1915 3455 μηδέτερον
1943 3374 2093 3450 ἡμῶν

539 3462 897 3533 εἷσποιήσαιτο
928 3460 1053 3519 υἱόν·
1083 3460 1174 3520 καὶ
1201 3460 1290 3519 τὸν
1320 3460 1522 3541 πατέρα
1560 3452 1828 3519 δῖέὸαλλεν
1855 3460 1964 3533 ἀεί,
1993 3459 2092 3541 φά·

541 3574 679 3611 σκων
727 3548 880 3608 αὐτὸν
929 3547 1276 3608 ἐπιὸουλεύειν
1323 3554 1428 3615 τοῖς
1465 3547 1681 3611 ἐκείνου.
1769 3549 1861 3631 (37)
1905 3547 1995 3608 Τά
2038 3571 2093 3607 τε

543 3630 630 3699 οἶν
654 3638 787 3719 χρέα
807 3636 981 3695 πάντα
1004 3632 1102 3695 ὅσα
1123 3635 1373 3717 ὠφείλετο
1395 3638 1563 3715 αὐτῷ,
1581 3635 1673 3695 καὶ
1693 3635 1873 3704 τόκους
1901 3632 2093 3714 ἔπειθε,

543 3726 608 3785 τά
623 3748 680 3784 τε
699 3723 894 3806 φανερὰ
928 3724 994 3781 δι’
1015 3725 1174 3783 αὑτοῦ
1199 3726 1486 3800 ποιεῖσθαι,
1507 3722 1757 3805 παράγων
1787 3722 1950 3803 ἄνδρα
1968 3747 2097 3805 πρε-

546 3812 793 3893 σὸύτερον
823 3809 1118 3891 θεραπείαις
1158 3812 1248 3870 καὶ
1277 3810 1603 3888 κολακείαις,
1637 3810 1732 3879 ἕως
1779 3811 1991 3871 ἅπαντα
2030 3811 2097 3871 τὰ

547 3902 740 3961 ἐκείνου
765 3897 1093 3980 περιέλαὸεν.
1181 3899 1351 3971 Εἰδὼς
1373 3899 1427 3959 δὲ
1449 3898 1528 3959 ὅτι
1549 3898 1758 3959 πάντων
1779 3898 1881 3981 ἐγὼ
1903 3898 2099 3961 τούτων

545 3986 681 4049 κατὰ
708 3987 766 4047 τὸ
795 3990 1057 4068 προσῆκον
1087 3977 1217 4046 εἶναι
1245 3987 1416 4068 κύριος
1444 3985 1683 4067 ζητήσω,
1707 3986 1862 4048 ὁπότε
1895 3991 1923 4046 ὃ
1950 3988 2097 4047 πάπ-

469 4102 519 4142 ω
545 4100 640 4145 πος
692 4074 1046 4149 ἐτελεύτησεν,
1101 4074 1312 4134 εἰσιέναι
1367 4076 1463 4154 μέν
1520 4099 1586 4152 με
1643 4076 1734 4135 καὶ
1798 4074 2097 4157 θεραπεύειν

546 4166 736 4225 ἐκεῖνον
761 4163 852 4223 καὶ
880 4160 1256 4244 συνδιατρίὸειν
1283 4165 1377 4223 οὐκ
1410 4162 1630 4237 ἐκώλυε,
1659 4162 1835 4231 δεδιὼς
1864 4162 1938 4242 μὴ
1980 4186 2101 4242 τρα·

546 4251 748 4333 χυνθεὶς
769 4254 841 4318 εἰς
864 4249 1023 4330 ὀργὴν
1046 4250 1370 4324 κατασταίην
1399 4252 1522 4333 πρὸς
1545 4248 1728 4325 αὑτόν,
1744 4250 2099 4333 παρεσκεύαζε

548 4341 604 4398 δέ
632 4362 718 4417 μοι
751 4338 838 4398 τὸν
875 4337 1344 4420 ἀμφισὸητῆσοντα
1371 4344 1462 4411 τῆς
1485 4338 1660 4407 οὐσίας
1679 4384 1696 4418 ,
1727 4338 1880 4420 μέρος
1906 4340 2101 4398 πολλο-

550 4427 668 4487 στὸν
690 4426 857 4507 τούτῳ
882 4426 1182 4505 μεταδιδοὺς
1207 4429 1252 4486 εἰ
1274 4427 1664 4509 κατορθώσειεν,
1691 4431 1831 4508 αὑτῷ
1855 4426 1910 4486 δὲ
1933 4432 2101 4486 ταῦτα

549 4515 720 4575 πάντα
747 4518 1050 4595 περιποιῶν,
1080 4515 1168 4573 καὶ
1191 4514 1306 4575 οὐδὲ
1335 4516 1460 4597 πρὸς
1500 4522 1680 4576 τοῦτον
1719 4518 1985 4596 ὁμολογῶν
2013 4514 2100 4575 τὸν

549 4602 766 4663 πάππον
786 4602 1036 4681 χρήματα
1061 4603 1387 4681 καταλιπεῖν,
1409 4603 1528 4662 ἀλλ’
1551 4594 1682 4663 εἶναι
1702 4601 1912 4684 φάσκων
1932 4600 2097 4661 οὐδέν.

477 4718 524 4757 ιε
554 4692 644 4771 (38)
675 4690 786 4753 Καὶ
810 4690 988 4761 ἐπειδὴ
1023 4688 1245 4771 τάχιστα
1276 4690 1623 4766 ἐτελεύτησεν,
1651 4690 1867 4771 ἐντάφια
1889 4713 2102 4769 προπα-

553 4778 1001 4861 ρασκευασάμενος
1023 4778 1082 4837 τὸ
1102 4777 1195 4855 μὲν
1221 4780 1462 4860 ἀργύριον
1481 4779 1574 4857 ἐμὲ
1600 4780 1828 4839 ἐκέλευεν
1854 4782 2101 4856 ἐνεγκεῖν,

551 4872 621 4934 ὡς
644 4870 746 4926 τῶν
776 4866 1052 4946 μαρτύρων
1078 4866 1338 4939 ἠκούσατε
1387 4868 1846 4947 μαρτυρησάντων,
1877 4868 2098 4938 ἀπειλη-

553 4954 701 5036 φέναι
725 4954 778 5013 δὲ
807 4951 954 5033 παρὰ
971 4956 1120 5015 τοῦδε
1143 4963 1503 5035 προσεποιεῖτο
1518 5005 1534 5031 ,
1556 4957 1682 5037 παρ’
1707 4958 1834 5031 ἐμοῦ
1859 4954 1910 5013 δὲ
1934 4953 2104 5013 οὐκέτι

551 5044 730 5115 ἤθελεν
778 5041 1081 5117 ἀπολαὸεῖν,
1112 5047 1498 5126 ὓποπαρωθῶν,
1542 5042 1680 5112 ὅπως
1712 5046 1898 5109 ἐκεῖνος
1930 5041 2103 5117 δοκοίη

555 5131 768 5190 θάπτειν
797 5130 932 5190 ἀλλὰ
967 5130 1041 5207 μὴ
1071 5129 1170 5207 ἐγὼ
1199 5130 1284 5190 τὸν
1313 5130 1552 5192 πάππον.
1639 5130 2105 5213 Ἄμφισὸητοῦντος

556 5221 609 5278 δὲ
643 5219 822 5279 τούτου
863 5217 953 5279 καὶ
999 5224 1091 5294 τῆς
1131 5218 1292 5289 οἰκίας
1321 5219 1511 5294 ταύτης
1539 5220 1628 5281 καὶ
1668 5224 1769 5280 τῶν
1815 5218 1986 5279 ἄλλων
2032 5210 2103 5278 ὧν

2154 814 2265 862 ter?
2291 814 2449 863 Liberi
2472 814 2581 865 filiae
2600 816 2767 879 utique
2788 835 2800 865 ι
2823 817 2936 865 sunt
2970 816 3099 865 enim
3118 828 3282 879 qenus
3306 816 3379 867 vel
3402 820 3565 882 proles,
3584 838 3660 876 non

2158 900 2406 959 coquam.
2471 898 2649 957 Quodsi
2667 912 2777 962 ergo
2796 899 2943 949 fratre
2956 912 3125 951 sumus
3136 900 3347 963 potiores
3360 938 3375 963 ,
3390 904 3532 953 multo
3546 911 3666 969 magis

2158 982 2287 1031 hunc
2308 982 2644 1033 antecedamus
2658 1020 2673 1046 ,
2692 984 2777 1048 qul
2798 983 2988 1033 nonnisi
3006 984 3189 1034 sororis
3208 982 3337 1033 tilius
3362 988 3463 1035 est?
3482 987 3569 1052 (34)
3592 995 3665 1041 ve-

2160 1078 2269 1114 rum
2304 1078 2473 1116 vereor
2490 1079 2552 1116 ne
2572 1066 2713 1118 nimis
2734 1066 2937 1131 protrita
2952 1069 3204 1132 proferens
3224 1081 3313 1132 ego
3332 1070 3465 1121 vobis
3480 1073 3668 1127 molestus

2160 1152 2291 1203 tiam.
2357 1156 2536 1205 Omnes
2570 1153 2697 1203 enim
2721 1167 2811 1204 vos
2844 1156 3092 1220 paternas,
3128 1157 3288 1207 avitas
3312 1158 3363 1207 et
3393 1157 3433 1208 si
3460 1172 3559 1222 qum
3588 1164 3669 1216 aliae

2160 1230 2321 1279 adhuc
2346 1232 2607 1281 anteriores
2639 1233 2753 1282 sunt
2780 1231 3067 1284 hereditates
3082 1270 3098 1295 ,
3141 1232 3287 1284 aditis
3316 1236 3671 1299 propinquitatem

2162 1308 2321 1371 adepti
2352 1322 2411 1359 ex
2444 1322 2617 1373 genere
2650 1308 3061 1361 incontestabilem
3090 1330 3103 1362 ι
3134 1313 3187 1363 et
3222 1312 3436 1374 profecto
3468 1316 3606 1365 nascio
3626 1333 3673 1369 aa

2162 1392 2283 1441 nulli
2310 1392 2512 1443 antehac
2536 1392 2809 1456 hujusmodi
2845 1396 3086 1445 certamen
3118 1408 3340 1458 unquam
3378 1395 3673 1451 decertandum

2165 1478 2325 1527 fuerit.
2389 1478 2555 1528 Recita
2573 1480 2629 1529 tu
2652 1479 2805 1542 legem
2832 1479 2893 1529 de
2910 1478 3074 1530 liberis
3094 1482 3323 1544 parentoe
3352 1482 3475 1531 male
3494 1482 3673 1534 habenti-

2165 1563 2291 1613 bus:
2316 1576 2413 1627 quo
2441 1565 2569 1614 sacto
2590 1576 2678 1613 vos
2700 1564 2909 1627 docebo,
2928 1563 3143 1627 iudices,
3170 1563 3485 1629 quamobrem
3503 1568 3545 1617 in
3566 1570 3675 1631 hujus

2164 1642 2437 1694 certaminis
2454 1644 2721 1694 molestiam
2738 1644 2985 1707 coniectus
3016 1645 3212 1696 fuerim.

2867 1772 2981 1815 Lxx
2988 1799 3002 1814 ·

2232 1886 2309 1931 35.
2342 1880 2507 1932 Gitoni
2530 1882 2761 1933 nimirum
2778 1882 2887 1935 haec
2902 1884 3039 1935 erant
3058 1883 3110 1935 in
3128 1884 3441 1936 bonitatibus
3454 1904 3469 1935 ι
3488 1888 3679 1950 praedium

2170 1957 2219 2007 in
2267 1956 2572 2022 Phlyensium
2608 1973 2727 2023 pago
2772 1961 2912 2012 facile
2946 1962 3187 2013 talentum
3234 1964 3405 2015 valens
3417 1999 3434 2027 ,
3462 1967 3562 2017 tum
3594 1970 3680 2021 dua

2174 2036 2345 2086 domus
2387 2035 2438 2086 in
2478 2038 2627 2100 urbe,
2666 2039 2820 2090 altera
2862 2039 3100 2091 elocatitia
3116 2078 3132 2103 ‚
3179 2041 3313 2105 apud
3354 2042 3511 2093 fanum
3545 2048 3681 2097 Bacchi

2172 2113 2223 2163 in
2246 2114 2453 2175 Limnis,
2471 2114 2637 2177 viginti
2657 2116 2811 2165 minas
2830 2117 3022 2179 valens,
3051 2118 3235 2183 altera,
3262 2133 3409 2182 quam
3430 2120 3523 2184 ipse
3540 2123 3681 2177 incole·

2174 2192 2283 2254 bat,
2306 2192 2533 2244 tredecim
2555 2194 2711 2245 minas
2730 2195 2893 2246 valens
2914 2199 3180 2260 :praeterea
3204 2202 3443 2263 mancipia
3459 2206 3681 2255 mcroedem

2174 2270 2371 2321 ferentia
2388 2273 2437 2322 et
2450 2271 2559 2322 duae
2576 2273 2762 2324 ancillae
2796 2275 2846 2323 et
2864 2287 2959 2325 una
2975 2275 3136 2338 puella
3153 2278 3206 2329 et
3239 2279 3454 2342 supellex
3471 2280 3683 2333 domestica

2172 2350 2367 2401 tuendoe
2383 2351 2453 2402 rei
2476 2352 2693 2402 familiari
2710 2354 2973 2404 necessaria
2986 2390 3002 2413 ,
3023 2356 3259 2407 tredecim
3278 2358 3378 2408 fere
3396 2360 3539 2410 minas
3554 2363 3682 2413 valen·
3754 2392 3756 2405 2

2176 2429 2241 2480 tia
2266 2443 2363 2480 una
2392 2444 2505 2482 cum
2544 2432 2823 2495 mancipiis;
2842 2434 3062 2484 universa
3082 2438 3251 2486 autem
3282 2437 3409 2488 bona
3440 2439 3683 2501 immobilia,

2176 2507 2283 2572 plus
2298 2522 2445 2573 quam
2464 2510 2721 2573 nonaginta
2734 2510 2889 2561 minas
2906 2526 2918 2559 ι
2933 2511 3141 2576 denique
3154 2528 3466 2565 nummorum
3484 2522 3573 2568 erat
3588 2520 3683 2569 haud

2176 2604 2345 2655 parum
2367 2592 2538 2643 foenori
2554 2593 2793 2643 elocatum
2810 2631 2826 2656 ,
2846 2595 2975 2646 unde
2992 2610 3165 2647 usuras
3182 2598 3446 2649 auferebat.
3504 2600 3592 2663 (56)
3620 2606 3684 2653 Βο-
3758 2598 3760 2611 “

2176 2672 2250 2722 nis
2275 2671 2407 2723 hisce
2429 2672 2619 2723 Diocles
2642 2686 2738 2727 una
2754 2686 2867 2723 cum
2888 2688 3053 2727 sorore
3072 2675 3367 2739 jamdudum
3392 2679 3619 2730 insidiatus
3634 2686 3685 2732 est

2176 2754 2338 2805 statim
2371 2754 2483 2805 inde
2514 2755 2577 2805 ab
2598 2768 2656 2805 eo
2686 2756 2928 2819 tempore,
2950 2770 3051 2821 quo
3076 2756 3164 2807 tilii
3191 2757 3381 2809 cir-onis
3400 2762 3569 2811 mortui
3586 2766 3685 2812 suat.

2177 2839 2365 2889 Diocles
2393 2838 2523 2889 enim
2544 2852 2756 2890 sororem
2782 2840 2887 2891 viro
2909 2841 2991 2891 alii
3009 2879 3026 2906 ,
3050 2856 3114 2893 ex
3134 2856 3237 2907 quo
3262 2856 3434 2908 parere
3457 2846 3605 2897 adhuc
3622 2862 3686 2909 po-

2177 2928 2373 2991 tuisset,
2392 2927 2579 2978 elocare
2590 2930 2709 2977 tunc
2724 2928 2882 2980 noluit
2898 2966 2915 2993 ,
2934 2942 2998 2981 ne
3012 2930 3201 2982 scilicet
3216 2931 3421 2983 muliere
3435 2933 3521 2983 sibi
3535 2934 3685 2990 ablata.

2178 3015 2323 3065 Giton
2344 3016 2407 3066 de
2430 3016 2569 3067 bonis
2590 3015 2687 3065 suis
2716 3016 2790 3066 uti
2810 3029 2896 3080 par
2911 3017 3017 3068 erat
3037 3018 3386 3083 constitueret;
3404 3020 3487 3071 scd
3501 3023 3691 3083 persuasit

2179 3100 2328 3149 sorori
2348 3102 2403 3149 ut
2420 3112 2565 3163 penes
2587 3102 2813 3151 cirenem
2832 3101 3074 3162 maneret,
3098 3099 3365 3151 identidem
3382 3114 3567 3153 causans
3580 3117 3631 3152 ex
3648 3118 3691 3153 eo

2180 3204 2232 3243 se
2253 3191 2498 3254 gravidam
2526 3204 2655 3255 esse,
2678 3192 2763 3243 sed
2794 3190 3019 3243 abortum
3051 3204 3245 3255 passam
3272 3195 3327 3243 at
3360 3193 3549 3243 invitam
3578 3214 3591 3243 t
3618 3210 3693 3258 quo

2184 3278 2330 3329 Giron
2340 3290 2423 3341 spe
2435 3290 2573 3327 novae
2591 3277 2736 3341 prolis
2751 3275 3068 3340 adipiscenda}
3084 3289 3277 3339 semper
3292 3277 3493 3329 lactatus
3508 3282 3691 3329 neutrum

2184 3367 2400 3415 nostrum
2420 3364 2510 3413 sibi
2534 3362 2689 3413 lilium
2708 3362 2984 3426 adoptaret3
3004 3364 3189 3426 patrem
3217 3377 3419 3427 quoque
3437 3378 3586 3414 meum
3608 3366 3694 3415 Dio-

2183 3453 2280 3504 cles
2300 3466 2546 3517 nunquam
2568 3466 2667 3503 non
2692 3455 2967 3515 suspectum
2987 3452 3149 3503 Cironi
3178 3452 3505 3516 infestumque
3534 3454 3695 3505 reddere

2184 3538 2398 3601 studuit,
2420 3541 2477 3589 ut
2494 3538 2631 3588 bonis
2647 3538 2750 3601 ejus
2762 3537 3040 3587 inhiantem.
3078 3538 3175 3600 (3⁷)
3196 3541 3349 3587 Porro
3368 3538 3522 3589 cironi
3538 3553 3695 3603 persua·

2184 3625 2249 3676 sit
2264 3662 2279 3688 ,
2302 3627 2361 3675 ut
2384 3626 2491 3675 tum
2504 3624 2729 3687 pecunias
2740 3624 2791 3673 in
2808 3624 2964 3674 foenus
2980 3623 3187 3673 elocatas
3203 3636 3469 3688 usuraaque
3485 3627 3580 3674 tum
3596 3625 3697 3675 bona

2186 3710 2450 3762 immobilia
2474 3723 2504 3760 a
2524 3724 2575 3761 se
2592 3708 2911 3759 administrari
2934 3710 3195 3773 pateretur,
3224 3709 3467 3772 hominem
3496 3714 3600 3760 natu
3616 3712 3695 3773 jam

2186 3792 2485 3857 grandiorem
2503 3790 2841 3841 blandimentis
2856 3826 2871 3851 ,
2886 3790 3057 3840 studiis
3072 3792 3123 3840 et
3138 3792 3393 3843 sedulitate
3408 3805 3465 3843 eo
3479 3805 3615 3854 usqne
3626 3794 3697 3842 cir·

2188 3876 2495 3928 cumveniens
2510 3874 2629 3925 dum
2647 3874 2774 3924 bona
2792 3874 2978 3924 Cironis
2998 3874 3159 3923 omnia
3176 3874 3251 3923 sui
3268 3873 3393 3937 juris
3414 3874 3596 3926 fecisset.
3614 3881 3695 3925 Avo

2188 3962 2351 4011 autem
2374 3962 2567 4010 mortuo
2580 3995 2595 4021 ,
2616 3972 2768 4022 quum
2789 3958 2973 4007 videret
2994 3971 3073 4009 me
3090 3958 3405 4009 hereditatem
3422 3958 3517 4021 eius
3533 3960 3697 4011 univer-

2187 4056 2289 4095 sam
2313 4043 2572 4107 petiturum
2586 4078 2601 4105 ,
2630 4054 2726 4091 non
2750 4040 2883 4091 aditu
2906 4040 3102 4103 quidem
3126 4040 3209 4106 [ad
3240 4041 3501 4106 mortuum]
3528 4056 3595 4092 me
3624 4056 3694 4091 ex-

2190 4127 2362 4188 clusit,
2399 4138 2555 4189 neque
2578 4124 2822 4189 prohibuit
2839 4124 3097 4187 quominus
3114 4136 3228 4180 eum
3254 4123 3452 4189 [funeris
3472 4124 3614 4191 causa]
3630 4139 3696 4174 cu·

2190 4223 2345 4261 rarcm
2363 4211 2414 4260 et
2429 4222 2592 4259 secum
2610 4221 2708 4257 una
2722 4219 2935 4257 versarer
2951 4225 2967 4272 ;
2983 4208 3119 4258 metu
3136 4220 3199 4257 ne
3212 4207 3281 4257 ira
3296 4206 3499 4273 percitus
3513 4208 3557 4256 in
3570 4208 3693 4270 ipsum

2189 4295 2406 4347 saevirem
2430 4314 2443 4344 ι
2472 4295 2805 4343 verumtamen
2829 4292 3039 4356 aliquem
3062 4291 3180 4342 mihi
3210 4294 3484 4344 subornavit
3507 4294 3693 4355 competi·

2190 4380 2371 4439 torem,
2417 4377 2496 4427 cui
2536 4374 2812 4426 hereditatis
2846 4376 3035 4438 partem
3073 4375 3284 4438 promisit
3327 4376 3626 4433 millesimam,
3664 4374 3692 4421 si

2192 4474 2414 4526 prospere
2450 4473 2526 4511 res
2552 4460 2882 4520 successisset,
2908 4460 3063 4509 totam
3096 4458 3284 4508 sibimet
3308 4458 3397 4522 ἱρῇ
3424 4456 3691 4508 destinatione

2191 4564 2445 4614 arrogans3
2469 4552 2519 4602 et
2538 4563 2601 4600 ne
2626 4548 2691 4599 ad
2710 4548 2840 4599 hunc
2858 4547 3053 4612 quidem
3084 4547 3325 4597 fatebatur
3346 4560 3486 4597 avum
3516 4546 3559 4595 in
3586 4545 3693 4594 bonis

2192 4636 2451 4699 quicquam
2472 4635 2742 4698 reliquisse,
2760 4634 2845 4684 sed
2866 4642 3057 4697 prorsus
3078 4634 3279 4696 negabat
3296 4632 3541 4696 quicquam
3555 4644 3691 4692 super·

2192 4736 2311 4774 esse.
2394 4724 2495 4787 (³8)
2536 4725 2699 4781 Quum
2732 4721 2943 4784 primum
2976 4720 3123 4769 ciron
3166 4718 3375 4768 animam
3426 4713 3692 4771 reddidisset,

2194 4809 2373 4857 vestem
2396 4807 2439 4856 ei
2462 4806 2659 4855 feralem
2682 4804 2783 4866 ipse
2812 4802 3137 4866 comparavit,
3167 4800 3305 4861 cujus
3337 4799 3533 4864 pretium
3563 4797 3609 4844 ut
3626 4806 3693 4855 ego

2193 4890 2508 4955 dependerem
2546 4888 2667 4939 mihi
2693 4886 2953 4937 mandabat
2984 4898 3146 4935 coram
3178 4884 3401 4945 testibus,
3426 4892 3539 4944 quos
3560 4876 3611 4926 de
3636 4874 3697 4923 his

2192 4973 2440 5025 audivistis
2454 4988 2469 5034 ;
2490 4984 2655 5023 verum
2674 4974 2781 5035 post
2797 4969 3052 5021 simulabat
3068 4982 3119 5019 se
3139 4981 3235 5017 non
3256 4980 3392 5031 posse
3408 4965 3455 5015 id
3472 4978 3500 5014 a
3514 4975 3584 5011 me
3598 4955 3695 5009 acci‘

2194 5071 2305 5123 pere
2320 5094 2335 5120 ,
2354 5070 2467 5106 nam
2484 5056 2547 5105 ab
2558 5055 2654 5105 hoc
2670 5054 3001 5120 [competitore
3018 5051 3145 5117 meo]
3162 5050 3249 5102 sibi
3265 5051 3363 5114 jam
3378 5060 3477 5107 esse
3489 5046 3691 5100 refusum,

2194 5142 2263 5193 sic
2292 5141 2497 5191 latenter
2518 5152 2596 5189 me
2628 5136 2689 5190 de
2719 5139 2828 5201 iure
2866 5150 2974 5188 meo
3000 5134 3287 5197 detrudens»,
3316 5134 3371 5184 ut
3401 5144 3490 5183 non
3509 5140 3607 5191 03⁰·
3628 5120 3695 5173 ⁵01¹

2194 5226 2295 5290 ipse
2320 5226 2543 5276 cir-onem
2576 5221 2788 5288 sepeliisc
2807 5221 3065 5273 videretur.
3128 5215 3294 5271 Diocle
3317 5217 3469 5281 itaque
3492 5211 3547 5263 de
3574 5208 3693 5258 d⁰m⁰
