<?xml version="1.0" encoding="UTF-8"?>
<!DOCTYPE html PUBLIC "-//W3C//DTD XHTML 1.0 Transitional//EN"
    "http://www.w3.org/TR/xhtml1/DTD/xhtml1-transitional.dtd">
<html xmlns="http://www.w3.org/1999/xhtml" xml:lang="en" lang="en">
 <head>
  <title>
</title>
<meta http-equiv="Content-Type" content="text/html;charset=utf-8" />
  <meta name='ocr-system' content='tesseract 3.04.00' />
  <meta name='ocr-capabilities' content='ocr_page ocr_carea ocr_par ocr_line ocrx_word'/>
</head>
<body>
  <div class='ocr_page' id='page_1' title='image "./oratoresatticia03unkngoog/oratoresatticia03unkngoog_0229.png"; bbox 0 0 3825 5842; ppageno 0'>
   <div class='ocr_carea' id='block_1_1' title="bbox 140 495 390 579">
    <p class='ocr_par' dir='ltr' id='par_1_1' title="bbox 140 495 390 579">
     <span class='ocr_line' id='line_1_1' title="bbox 140 495 390 579; baseline -0.016 0"><span class='ocrx_word' id='word_1_1' title='bbox 140 495 390 579; x_wconf 68' lang='lat' dir='ltr'><strong>‹au-⁸10)</strong></span> 
     </span>
    </p>
   </div>
   <div class='ocr_carea' id='block_1_2' title="bbox 81 620 1674 5352">
    <p class='ocr_par' dir='ltr' id='par_1_2' title="bbox 81 620 1670 4741">
     <span class='ocr_line' id='line_1_2' title="bbox 136 620 1634 709; baseline -0.007 -20"><span class='ocrx_word' id='word_1_2' title='bbox 136 658 212 709; x_wconf 83' lang='grc' dir='ltr'>σιν,</span> <span class='ocrx_word' id='word_1_3' title='bbox 235 630 266 701; x_wconf 76' lang='grc' dir='ltr'><strong>ἦ</strong></span> <span class='ocrx_word' id='word_1_4' title='bbox 293 623 708 705; x_wconf 78' lang='grc' dir='ltr'>ἀπολογουμένων</span> <span class='ocrx_word' id='word_1_5' title='bbox 736 620 810 702; x_wconf 85' lang='grc' dir='ltr'>μὴ</span> <span class='ocrx_word' id='word_1_6' title='bbox 839 621 1170 692; x_wconf 79' lang='grc' dir='ltr'>ἐθελήσαντες</span> <span class='ocrx_word' id='word_1_7' title='bbox 1195 624 1442 693; x_wconf 87' lang='grc' dir='ltr'>ἀκοῦσαι,</span> <span class='ocrx_word' id='word_1_8' title='bbox 1469 643 1634 681; x_wconf 74' lang='grc' dir='ltr'>κατα·</span> 
     </span>
     <span class='ocr_line' id='line_1_3' title="bbox 81 707 1637 802; baseline -0.006 -24"><span class='ocrx_word' id='word_1_9' title='bbox 81 748 116 787; x_wconf 74' lang='lat'>²5</span> <span class='ocrx_word' id='word_1_10' title='bbox 133 718 440 802; x_wconf 73' lang='grc' dir='ltr'>ψηφισάμενοι</span> <span class='ocrx_word' id='word_1_11' title='bbox 465 716 566 772; x_wconf 83' lang='grc' dir='ltr'>τῶν</span> <span class='ocrx_word' id='word_1_12' title='bbox 591 710 833 793; x_wconf 77' lang='grc' dir='ltr'>ἐσχάτων</span> <span class='ocrx_word' id='word_1_13' title='bbox 853 710 1161 787; x_wconf 78' lang='grc' dir='ltr'>τιμήσαιτε,</span> <span class='ocrx_word' id='word_1_14' title='bbox 1192 712 1284 768; x_wconf 76' lang='grc' dir='ltr'>οὐκ</span> <span class='ocrx_word' id='word_1_15' title='bbox 1313 707 1374 767; x_wconf 78' lang='grc' dir='ltr'>ἂν</span> <span class='ocrx_word' id='word_1_16' title='bbox 1401 709 1637 789; x_wconf 80' lang='grc' dir='ltr'>ἀκρίτους</span> 
     </span>
     <span class='ocr_line' id='line_1_4' title="bbox 139 795 1636 877; baseline -0.009 -11"><span class='ocrx_word' id='word_1_17' title='bbox 139 805 284 873; x_wconf 61' lang='grc' dir='ltr'>αὐτοὺς</span> <span class='ocrx_word' id='word_1_18' title='bbox 309 800 652 877; x_wconf 77' lang='grc' dir='ltr'>ἀπολωλέναι,</span> <span class='ocrx_word' id='word_1_19' title='bbox 687 797 824 858; x_wconf 71' lang='grc' dir='ltr'>ἀλλὰ</span> <span class='ocrx_word' id='word_1_20' title='bbox 854 795 951 869; x_wconf 78' lang='grc' dir='ltr'>τὴν</span> <span class='ocrx_word' id='word_1_21' title='bbox 981 796 1346 877; x_wconf 73' lang='grc' dir='ltr'>προσήκουσαν</span> <span class='ocrx_word' id='word_1_22' title='bbox 1371 795 1518 867; x_wconf 88' lang='grc' dir='ltr'>δίκην</span> <span class='ocrx_word' id='word_1_23' title='bbox 1546 796 1636 854; x_wconf 82' lang='grc' dir='ltr'>δε-</span> 
     </span>
     <span class='ocr_line' id='line_1_5' title="bbox 140 875 1640 968; baseline -0.009 -13"><span class='ocrx_word' id='word_1_24' title='bbox 140 894 336 955; x_wconf 79' lang='grc' dir='ltr'>δωκέναι.</span> <span class='ocrx_word' id='word_1_25' title='bbox 415 894 496 952; x_wconf 85' lang='grc' dir='ltr'>Οὔ</span> <span class='ocrx_word' id='word_1_26' title='bbox 518 891 618 968; x_wconf 79' lang='grc' dir='ltr'>γὰρ</span> <span class='ocrx_word' id='word_1_27' title='bbox 645 879 782 947; x_wconf 69' lang='grc' dir='ltr'>οὗτοι</span> <span class='ocrx_word' id='word_1_28' title='bbox 807 884 1006 965; x_wconf 78' lang='grc' dir='ltr'>ἄκριτοί</span> <span class='ocrx_word' id='word_1_29' title='bbox 1024 888 1152 956; x_wconf 79' lang='grc' dir='ltr'>εἰσι,</span> <span class='ocrx_word' id='word_1_30' title='bbox 1172 884 1289 964; x_wconf 80' lang='grc' dir='ltr'>περὶ</span> <span class='ocrx_word' id='word_1_31' title='bbox 1312 875 1382 941; x_wconf 68' lang='grc' dir='ltr'>ὧν</span> <span class='ocrx_word' id='word_1_32' title='bbox 1409 883 1471 942; x_wconf 79' lang='grc' dir='ltr'>ἂν</span> <span class='ocrx_word' id='word_1_33' title='bbox 1495 884 1640 959; x_wconf 80' lang='grc' dir='ltr'>ὑμεῖς</span> 
     </span>
     <span class='ocr_line' id='line_1_6' title="bbox 141 968 1638 1059; baseline -0.011 -16"><span class='ocrx_word' id='word_1_34' title='bbox 141 985 288 1051; x_wconf 74' lang='grc' dir='ltr'>εἰδότες</span> <span class='ocrx_word' id='word_1_35' title='bbox 311 980 374 1040; x_wconf 78' lang='grc' dir='ltr'>τὰ</span> <span class='ocrx_word' id='word_1_36' title='bbox 397 976 695 1059; x_wconf 82' lang='grc' dir='ltr'>πραχθέντα</span> <span class='ocrx_word' id='word_1_37' title='bbox 733 972 1062 1055; x_wconf 73' lang='grc' dir='ltr'>ψηφίσησθε,</span> <span class='ocrx_word' id='word_1_38' title='bbox 1089 973 1204 1030; x_wconf 84' lang='grc' dir='ltr'>ἀλλ’</span> <span class='ocrx_word' id='word_1_39' title='bbox 1229 968 1408 1036; x_wconf 77' lang='grc' dir='ltr'>οἵτινες</span> <span class='ocrx_word' id='word_1_40' title='bbox 1446 968 1508 1029; x_wconf 77' lang='grc' dir='ltr'>ἂν</span> <span class='ocrx_word' id='word_1_41' title='bbox 1537 968 1638 1027; x_wconf 83' lang='grc' dir='ltr'>ὑπὸ</span> 
     </span>
     <span class='ocr_line' id='line_1_7' title="bbox 142 1052 1641 1150; baseline -0.011 -20"><span class='ocrx_word' id='word_1_42' title='bbox 142 1076 218 1129; x_wconf 82' lang='grc' dir='ltr'>τῶν</span> <span class='ocrx_word' id='word_1_43' title='bbox 231 1073 408 1150; x_wconf 86' lang='grc' dir='ltr'>ἐχθρῶν</span> <span class='ocrx_word' id='word_1_44' title='bbox 427 1064 782 1136; x_wconf 78' lang='grc' dir='ltr'>διαὸληθέντες</span> <span class='ocrx_word' id='word_1_45' title='bbox 799 1060 918 1140; x_wconf 74' lang='grc' dir='ltr'>περὶ</span> <span class='ocrx_word' id='word_1_46' title='bbox 936 1052 1009 1121; x_wconf 65' lang='grc' dir='ltr'>ὧν</span> <span class='ocrx_word' id='word_1_47' title='bbox 1033 1064 1179 1137; x_wconf 89' lang='grc' dir='ltr'>ὑμεῖς</span> <span class='ocrx_word' id='word_1_48' title='bbox 1203 1056 1277 1138; x_wconf 82' lang='grc' dir='ltr'>μὴ</span> <span class='ocrx_word' id='word_1_49' title='bbox 1295 1058 1428 1135; x_wconf 83' lang='grc' dir='ltr'>ἴστε,</span> <span class='ocrx_word' id='word_1_50' title='bbox 1451 1055 1641 1137; x_wconf 78' lang='grc' dir='ltr'>ἀκροά-</span> 
     </span>
     <span class='ocr_line' id='line_1_8' title="bbox 143 1146 1637 1235; baseline -0.012 -15"><span class='ocrx_word' id='word_1_51' title='bbox 143 1186 242 1225; x_wconf 80' lang='grc' dir='ltr'>σεως</span> <span class='ocrx_word' id='word_1_52' title='bbox 265 1156 332 1235; x_wconf 83' lang='grc' dir='ltr'>μὴ</span> <span class='ocrx_word' id='word_1_53' title='bbox 355 1155 576 1235; x_wconf 73' lang='grc' dir='ltr'>τύχωσι.</span> <span class='ocrx_word' id='word_1_54' title='bbox 629 1149 845 1212; x_wconf 76' lang='grc' dir='ltr'>Τούτων</span> <span class='ocrx_word' id='word_1_55' title='bbox 871 1148 924 1208; x_wconf 87' lang='grc' dir='ltr'>δὲ</span> <span class='ocrx_word' id='word_1_56' title='bbox 951 1148 1016 1207; x_wconf 82' lang='grc' dir='ltr'>τὰ</span> <span class='ocrx_word' id='word_1_57' title='bbox 1042 1148 1134 1225; x_wconf 82' lang='grc' dir='ltr'>μὲν</span> <span class='ocrx_word' id='word_1_58' title='bbox 1159 1146 1448 1226; x_wconf 80' lang='grc' dir='ltr'>πράγματα</span> <span class='ocrx_word' id='word_1_59' title='bbox 1475 1169 1637 1216; x_wconf 88' lang='grc' dir='ltr'>κατη-</span> 
     </span>
     <span class='ocr_line' id='line_1_9' title="bbox 145 1224 1642 1327; baseline -0.009 -21"><span class='ocrx_word' id='word_1_60' title='bbox 145 1250 278 1327; x_wconf 78' lang='grc' dir='ltr'>γορεῖ,</span> <span class='ocrx_word' id='word_1_61' title='bbox 311 1224 454 1321; x_wconf 69' lang='grc' dir='ltr'>ἡμεῖς</span> <span class='ocrx_word' id='word_1_62' title='bbox 482 1240 536 1301; x_wconf 79' lang='grc' dir='ltr'>δὲ</span> <span class='ocrx_word' id='word_1_63' title='bbox 562 1242 1096 1319; x_wconf 75' lang='grc' dir='ltr'>καταμαρτυροῦμεν·</span> <span class='ocrx_word' id='word_1_64' title='bbox 1179 1234 1245 1312; x_wconf 79' lang='lat'>(9)</span> <span class='ocrx_word' id='word_1_65' title='bbox 1277 1234 1366 1293; x_wconf 72' lang='grc' dir='ltr'>καὶ</span> <span class='ocrx_word' id='word_1_66' title='bbox 1403 1236 1462 1291; x_wconf 83' lang='grc' dir='ltr'>οὗ</span> <span class='ocrx_word' id='word_1_67' title='bbox 1492 1238 1642 1293; x_wconf 88' lang='grc' dir='ltr'>τοῦτο</span> 
     </span>
     <span class='ocr_line' id='line_1_10' title="bbox 87 1320 1640 1410; baseline -0.012 -14"><span class='ocrx_word' id='word_1_68' title='bbox 87 1360 124 1397; x_wconf 77' lang='grc' dir='ltr'>ιο</span> <span class='ocrx_word' id='word_1_69' title='bbox 144 1336 333 1410; x_wconf 76' lang='grc' dir='ltr'>δέδοικα,</span> <span class='ocrx_word' id='word_1_70' title='bbox 367 1336 432 1398; x_wconf 82' lang='grc' dir='ltr'>ὡς</span> <span class='ocrx_word' id='word_1_71' title='bbox 467 1328 558 1389; x_wconf 75' lang='grc' dir='ltr'>ἐὰν</span> <span class='ocrx_word' id='word_1_72' title='bbox 589 1330 844 1406; x_wconf 68' lang='grc' dir='ltr'>ἀκροῖσθε</span> <span class='ocrx_word' id='word_1_73' title='bbox 883 1327 1050 1383; x_wconf 78' lang='grc' dir='ltr'>αὐτῶν</span> <span class='ocrx_word' id='word_1_74' title='bbox 1088 1324 1490 1403; x_wconf 69' lang='grc' dir='ltr'>ἀποψηφιεῖσθε·</span> <span class='ocrx_word' id='word_1_75' title='bbox 1523 1320 1640 1377; x_wconf 89' lang='grc' dir='ltr'>ἀλλ’</span> 
     </span>
     <span class='ocr_line' id='line_1_11' title="bbox 145 1410 1644 1499; baseline -0.01 -18"><span class='ocrx_word' id='word_1_76' title='bbox 145 1426 214 1481; x_wconf 78' lang='grc' dir='ltr'>οὐκ</span> <span class='ocrx_word' id='word_1_77' title='bbox 231 1421 284 1480; x_wconf 69' lang='grc' dir='ltr'>ἂν</span> <span class='ocrx_word' id='word_1_78' title='bbox 299 1425 515 1499; x_wconf 83' lang='grc' dir='ltr'>ἠγοῦμαι</span> <span class='ocrx_word' id='word_1_79' title='bbox 539 1414 722 1481; x_wconf 76' lang='grc' dir='ltr'>αὖτοὺς</span> <span class='ocrx_word' id='word_1_80' title='bbox 739 1414 886 1484; x_wconf 88' lang='grc' dir='ltr'>δίκην</span> <span class='ocrx_word' id='word_1_81' title='bbox 906 1410 1052 1480; x_wconf 79' lang='grc' dir='ltr'>ἀξίαν</span> <span class='ocrx_word' id='word_1_82' title='bbox 1073 1410 1370 1487; x_wconf 77' lang='grc' dir='ltr'>δεδωκέναι,</span> <span class='ocrx_word' id='word_1_83' title='bbox 1396 1412 1440 1469; x_wconf 82' lang='grc' dir='ltr'>εἰ</span> <span class='ocrx_word' id='word_1_84' title='bbox 1461 1412 1644 1488; x_wconf 81' lang='grc' dir='ltr'>ἀκροα-</span> 
     </span>
     <span class='ocr_line' id='line_1_12' title="bbox 146 1487 1644 1587; baseline -0.009 -18"><span class='ocrx_word' id='word_1_85' title='bbox 146 1510 318 1587; x_wconf 76' lang='grc' dir='ltr'>σάμενοι</span> <span class='ocrx_word' id='word_1_86' title='bbox 353 1510 516 1565; x_wconf 81' lang='grc' dir='ltr'>αὐτῶν</span> <span class='ocrx_word' id='word_1_87' title='bbox 553 1500 1027 1581; x_wconf 73' lang='grc' dir='ltr'>καταψηφίσαισθε.</span> <span class='ocrx_word' id='word_1_88' title='bbox 1095 1502 1220 1565; x_wconf 86' lang='grc' dir='ltr'>Πῶς</span> <span class='ocrx_word' id='word_1_89' title='bbox 1247 1497 1375 1577; x_wconf 76' lang='grc' dir='ltr'>γάρ,</span> <span class='ocrx_word' id='word_1_90' title='bbox 1395 1487 1440 1555; x_wconf 72' lang='grc' dir='ltr'>ὦ</span> <span class='ocrx_word' id='word_1_91' title='bbox 1465 1496 1644 1576; x_wconf 84' lang='grc' dir='ltr'>ἄνδρες</span> 
     </span>
     <span class='ocr_line' id='line_1_13' title="bbox 146 1574 1643 1668; baseline -0.009 -12"><span class='ocrx_word' id='word_1_92' title='bbox 146 1595 367 1668; x_wconf 77' lang='grc' dir='ltr'>δικασταί,</span> <span class='ocrx_word' id='word_1_93' title='bbox 389 1585 458 1661; x_wconf 78' lang='grc' dir='ltr'>οἷς</span> <span class='ocrx_word' id='word_1_94' title='bbox 487 1590 606 1652; x_wconf 79' lang='grc' dir='ltr'>οὐδὲ</span> <span class='ocrx_word' id='word_1_95' title='bbox 629 1587 792 1648; x_wconf 77' lang='grc' dir='ltr'>ταύτὰ</span> <span class='ocrx_word' id='word_1_96' title='bbox 821 1586 911 1645; x_wconf 79' lang='grc' dir='ltr'>καὶ</span> <span class='ocrx_word' id='word_1_97' title='bbox 939 1591 1060 1663; x_wconf 81' lang='grc' dir='ltr'>ὑμῖν</span> <span class='ocrx_word' id='word_1_98' title='bbox 1085 1587 1364 1665; x_wconf 65' lang='grc' dir='ltr'>συμφέρεις</span> <span class='ocrx_word' id='word_1_99' title='bbox 1391 1574 1527 1643; x_wconf 71' lang='grc' dir='ltr'>οὗτοι</span> <span class='ocrx_word' id='word_1_100' title='bbox 1551 1582 1643 1661; x_wconf 78' lang='grc' dir='ltr'>μὲν</span> 
     </span>
     <span class='ocr_line' id='line_1_14' title="bbox 144 1670 1646 1765; baseline -0.01 -21"><span class='ocrx_word' id='word_1_101' title='bbox 144 1686 222 1765; x_wconf 79' lang='grc' dir='ltr'>γὰρ</span> <span class='ocrx_word' id='word_1_102' title='bbox 254 1687 298 1743; x_wconf 80' lang='grc' dir='ltr'>ἐν</span> <span class='ocrx_word' id='word_1_103' title='bbox 321 1687 389 1762; x_wconf 73' lang='grc' dir='ltr'>τῷ</span> <span class='ocrx_word' id='word_1_104' title='bbox 414 1680 632 1759; x_wconf 82' lang='grc' dir='ltr'>πολέμῳ</span> <span class='ocrx_word' id='word_1_105' title='bbox 669 1680 728 1736; x_wconf 81' lang='grc' dir='ltr'>ἐκ</span> <span class='ocrx_word' id='word_1_106' title='bbox 751 1673 986 1746; x_wconf 80' lang='grc' dir='ltr'>πενήτων</span> <span class='ocrx_word' id='word_1_107' title='bbox 1013 1673 1253 1732; x_wconf 80' lang='grc' dir='ltr'>πλούσιοι</span> <span class='ocrx_word' id='word_1_108' title='bbox 1279 1670 1548 1751; x_wconf 86' lang='grc' dir='ltr'>γεγόνασιν</span> <span class='ocrx_word' id='word_1_109' title='bbox 1586 1674 1646 1730; x_wconf 81' lang='grc' dir='ltr'>ἐκ</span> 
     </span>
     <span class='ocr_line' id='line_1_15' title="bbox 145 1759 1644 1850; baseline -0.008 -21"><span class='ocrx_word' id='word_1_110' title='bbox 145 1777 224 1831; x_wconf 78' lang='grc' dir='ltr'>τῶν</span> <span class='ocrx_word' id='word_1_111' title='bbox 237 1770 490 1850; x_wconf 83' lang='grc' dir='ltr'>ὑμετέρων,</span> <span class='ocrx_word' id='word_1_112' title='bbox 509 1770 660 1843; x_wconf 80' lang='grc' dir='ltr'>ὑμεῖς</span> <span class='ocrx_word' id='word_1_113' title='bbox 679 1764 734 1823; x_wconf 73' lang='grc' dir='ltr'>δὲ</span> <span class='ocrx_word' id='word_1_114' title='bbox 747 1762 833 1822; x_wconf 77' lang='grc' dir='ltr'>διά</span> <span class='ocrx_word' id='word_1_115' title='bbox 848 1760 1057 1827; x_wconf 78' lang='grc' dir='ltr'>τούτους</span> <span class='ocrx_word' id='word_1_116' title='bbox 1078 1759 1308 1833; x_wconf 85' lang='grc' dir='ltr'>πένητες.</span> <span class='ocrx_word' id='word_1_117' title='bbox 1390 1760 1410 1839; x_wconf 87' lang='grc'>(</span> <span class='ocrx_word' id='word_1_118' title='bbox 1420 1759 1486 1839; x_wconf 88' lang='grc' dir='ltr'>ιο)</span> <span class='ocrx_word' id='word_1_119' title='bbox 1511 1759 1644 1819; x_wconf 81' lang='grc' dir='ltr'>Καί·</span> 
     </span>
     <span class='ocr_line' id='line_1_16' title="bbox 143 1845 1644 1933; baseline -0.009 -17"><span class='ocrx_word' id='word_1_120' title='bbox 143 1882 205 1916; x_wconf 87' lang='grc' dir='ltr'>τοι</span> <span class='ocrx_word' id='word_1_121' title='bbox 222 1861 269 1917; x_wconf 81' lang='grc' dir='ltr'>οὗ</span> <span class='ocrx_word' id='word_1_122' title='bbox 292 1863 445 1915; x_wconf 89' lang='grc' dir='ltr'>ταῦτα</span> <span class='ocrx_word' id='word_1_123' title='bbox 477 1856 686 1933; x_wconf 77' lang='grc' dir='ltr'>ἀγαθῶν</span> <span class='ocrx_word' id='word_1_124' title='bbox 715 1850 1043 1927; x_wconf 82' lang='grc' dir='ltr'>δημαγωγῶν</span> <span class='ocrx_word' id='word_1_125' title='bbox 1070 1851 1209 1919; x_wconf 78' lang='grc' dir='ltr'>ἐστι,</span> <span class='ocrx_word' id='word_1_126' title='bbox 1240 1846 1308 1905; x_wconf 76' lang='grc' dir='ltr'>τὰ</span> <span class='ocrx_word' id='word_1_127' title='bbox 1336 1845 1558 1927; x_wconf 78' lang='grc' dir='ltr'>ὑμέτερα</span> <span class='ocrx_word' id='word_1_128' title='bbox 1590 1848 1644 1905; x_wconf 74' lang='grc' dir='ltr'>ἐν</span> 
     </span>
     <span class='ocr_line' id='line_1_17' title="bbox 144 1932 1645 2023; baseline -0.008 -20"><span class='ocrx_word' id='word_1_129' title='bbox 144 1950 232 2011; x_wconf 81' lang='grc' dir='ltr'>ταῖς</span> <span class='ocrx_word' id='word_1_130' title='bbox 251 1942 498 2023; x_wconf 74' lang='grc' dir='ltr'>ὑμετέραις</span> <span class='ocrx_word' id='word_1_131' title='bbox 527 1945 820 2019; x_wconf 81' lang='grc' dir='ltr'>συμφοραῖς</span> <span class='ocrx_word' id='word_1_132' title='bbox 845 1934 1157 2012; x_wconf 76' lang='grc' dir='ltr'>λαμὸιίνειν,</span> <span class='ocrx_word' id='word_1_133' title='bbox 1185 1933 1320 1992; x_wconf 79' lang='grc' dir='ltr'>ἀλλὰ</span> <span class='ocrx_word' id='word_1_134' title='bbox 1351 1932 1419 1992; x_wconf 80' lang='grc' dir='ltr'>τὰ</span> <span class='ocrx_word' id='word_1_135' title='bbox 1446 1936 1645 1992; x_wconf 81' lang='grc' dir='ltr'>ἑαυτῶν</span> 
     </span>
     <span class='ocr_line' id='line_1_18' title="bbox 91 2018 1642 2105; baseline -0.004 -20"><span class='ocrx_word' id='word_1_136' title='bbox 91 2046 128 2085; x_wconf 74' lang='lat' dir='ltr'>as</span> <span class='ocrx_word' id='word_1_137' title='bbox 147 2032 242 2105; x_wconf 78' lang='grc' dir='ltr'>ὑμῖν</span> <span class='ocrx_word' id='word_1_138' title='bbox 263 2030 456 2089; x_wconf 83' lang='grc' dir='ltr'>διδόναι.</span> <span class='ocrx_word' id='word_1_139' title='bbox 541 2025 650 2087; x_wconf 77' lang='grc' dir='ltr'>Καὶ</span> <span class='ocrx_word' id='word_1_140' title='bbox 677 2025 778 2102; x_wconf 79' lang='grc' dir='ltr'>γάρ</span> <span class='ocrx_word' id='word_1_141' title='bbox 806 2046 886 2083; x_wconf 89' lang='grc' dir='ltr'>τοι</span> <span class='ocrx_word' id='word_1_142' title='bbox 913 2024 984 2089; x_wconf 84' lang='grc' dir='ltr'>εἷς</span> <span class='ocrx_word' id='word_1_143' title='bbox 1002 2026 1243 2081; x_wconf 87' lang='grc' dir='ltr'>τοσοῦτον</span> <span class='ocrx_word' id='word_1_144' title='bbox 1277 2020 1492 2098; x_wconf 81' lang='grc' dir='ltr'>ἥκομεν,</span> <span class='ocrx_word' id='word_1_145' title='bbox 1519 2018 1642 2080; x_wconf 76' lang='grc' dir='ltr'>ὥσθ’</span> 
     </span>
     <span class='ocr_line' id='line_1_19' title="bbox 147 2107 1648 2197; baseline -0.006 -22"><span class='ocrx_word' id='word_1_146' title='bbox 147 2117 184 2175; x_wconf 77' lang='grc' dir='ltr'>οἳ</span> <span class='ocrx_word' id='word_1_147' title='bbox 212 2118 426 2197; x_wconf 81' lang='grc' dir='ltr'>πρότερον</span> <span class='ocrx_word' id='word_1_148' title='bbox 451 2118 502 2175; x_wconf 81' lang='grc' dir='ltr'>ἐν</span> <span class='ocrx_word' id='word_1_149' title='bbox 533 2120 604 2195; x_wconf 81' lang='grc' dir='ltr'>τῇ</span> <span class='ocrx_word' id='word_1_150' title='bbox 645 2112 822 2192; x_wconf 79' lang='grc' dir='ltr'>εἰρήνῃ</span> <span class='ocrx_word' id='word_1_151' title='bbox 863 2109 980 2169; x_wconf 78' lang='grc' dir='ltr'>οὐδὲ</span> <span class='ocrx_word' id='word_1_152' title='bbox 1025 2118 1158 2185; x_wconf 72' lang='grc' dir='ltr'>σφᾶς</span> <span class='ocrx_word' id='word_1_153' title='bbox 1191 2107 1372 2175; x_wconf 74' lang='grc' dir='ltr'>αὐτοὺς</span> <span class='ocrx_word' id='word_1_154' title='bbox 1407 2107 1648 2168; x_wconf 78' lang='grc' dir='ltr'>ἐδύναντο</span> 
     </span>
     <span class='ocr_line' id='line_1_20' title="bbox 146 2194 1650 2282; baseline -0.005 -21"><span class='ocrx_word' id='word_1_155' title='bbox 146 2204 325 2282; x_wconf 70' lang='grc' dir='ltr'>τρέφειν,</span> <span class='ocrx_word' id='word_1_156' title='bbox 355 2210 438 2261; x_wconf 87' lang='grc' dir='ltr'>νῦν</span> <span class='ocrx_word' id='word_1_157' title='bbox 465 2206 586 2280; x_wconf 81' lang='grc' dir='ltr'>ὑμῖν</span> <span class='ocrx_word' id='word_1_158' title='bbox 631 2196 870 2278; x_wconf 75' lang='grc' dir='ltr'>εἰσφορὰς</span> <span class='ocrx_word' id='word_1_159' title='bbox 909 2196 1198 2277; x_wconf 79' lang='grc' dir='ltr'>εἰσφέρουσι</span> <span class='ocrx_word' id='word_1_160' title='bbox 1235 2194 1324 2254; x_wconf 75' lang='grc' dir='ltr'>καὶ</span> <span class='ocrx_word' id='word_1_161' title='bbox 1363 2201 1650 2275; x_wconf 79' lang='grc' dir='ltr'>χορηγοῦσι</span> 
     </span>
     <span class='ocr_line' id='line_1_21' title="bbox 147 2282 1651 2369; baseline -0.006 -19"><span class='ocrx_word' id='word_1_162' title='bbox 147 2292 217 2350; x_wconf 77' lang='grc' dir='ltr'>καὶ</span> <span class='ocrx_word' id='word_1_163' title='bbox 235 2292 376 2359; x_wconf 79' lang='grc' dir='ltr'>οἰκίας</span> <span class='ocrx_word' id='word_1_164' title='bbox 391 2290 624 2369; x_wconf 84' lang='grc' dir='ltr'>μεγοίλας</span> <span class='ocrx_word' id='word_1_165' title='bbox 645 2289 866 2347; x_wconf 79' lang='grc' dir='ltr'>οἰκοῦσι.</span> <span class='ocrx_word' id='word_1_166' title='bbox 967 2288 1053 2362; x_wconf 84' lang='grc' dir='ltr'>(ιι)</span> <span class='ocrx_word' id='word_1_167' title='bbox 1082 2282 1270 2345; x_wconf 80' lang='grc' dir='ltr'>Καίτοι</span> <span class='ocrx_word' id='word_1_168' title='bbox 1293 2284 1486 2361; x_wconf 79' lang='grc' dir='ltr'>ἑτέροις</span> <span class='ocrx_word' id='word_1_169' title='bbox 1505 2286 1651 2359; x_wconf 86' lang='grc' dir='ltr'>ὑμεῖς</span> 
     </span>
     <span class='ocr_line' id='line_1_22' title="bbox 149 2372 1650 2457; baseline -0.005 -22"><span class='ocrx_word' id='word_1_170' title='bbox 149 2378 254 2437; x_wconf 83' lang='grc' dir='ltr'>ἔστιν</span> <span class='ocrx_word' id='word_1_171' title='bbox 270 2378 344 2438; x_wconf 81' lang='grc' dir='ltr'>ὅτε</span> <span class='ocrx_word' id='word_1_172' title='bbox 363 2378 426 2437; x_wconf 79' lang='grc' dir='ltr'>τὰ</span> <span class='ocrx_word' id='word_1_173' title='bbox 443 2380 669 2457; x_wconf 80' lang='grc' dir='ltr'>πατρῷα</span> <span class='ocrx_word' id='word_1_174' title='bbox 699 2372 1032 2450; x_wconf 67' lang='grc' dir='ltr'>κεκτημένοις</span> <span class='ocrx_word' id='word_1_175' title='bbox 1053 2377 1220 2430; x_wconf 87' lang='grc' dir='ltr'>ταῦτα</span> <span class='ocrx_word' id='word_1_176' title='bbox 1244 2377 1476 2430; x_wconf 91' lang='grc' dir='ltr'>ποιοῦσιν</span> <span class='ocrx_word' id='word_1_177' title='bbox 1505 2372 1650 2451; x_wconf 75' lang='grc' dir='ltr'>ἐφθο-</span> 
     </span>
     <span class='ocr_line' id='line_1_23' title="bbox 148 2448 1650 2537; baseline -0.005 -14"><span class='ocrx_word' id='word_1_178' title='bbox 148 2472 273 2525; x_wconf 85' lang='grc' dir='ltr'>νεῖτε·</span> <span class='ocrx_word' id='word_1_179' title='bbox 301 2474 377 2525; x_wconf 87' lang='grc' dir='ltr'>νῦν</span> <span class='ocrx_word' id='word_1_180' title='bbox 400 2466 440 2525; x_wconf 76' lang='grc' dir='ltr'>δ’</span> <span class='ocrx_word' id='word_1_181' title='bbox 468 2464 634 2531; x_wconf 73' lang='grc' dir='ltr'>οὕτως</span> <span class='ocrx_word' id='word_1_182' title='bbox 658 2467 693 2534; x_wconf 84' lang='grc' dir='ltr'>ἧ</span> <span class='ocrx_word' id='word_1_183' title='bbox 721 2463 871 2529; x_wconf 83' lang='grc' dir='ltr'>πόλις</span> <span class='ocrx_word' id='word_1_184' title='bbox 897 2460 1183 2537; x_wconf 74' lang='grc' dir='ltr'>διάκειται,</span> <span class='ocrx_word' id='word_1_185' title='bbox 1214 2458 1350 2517; x_wconf 79' lang='grc' dir='ltr'>ὥστε</span> <span class='ocrx_word' id='word_1_186' title='bbox 1381 2456 1552 2516; x_wconf 80' lang='grc' dir='ltr'>οὐκέτι</span> <span class='ocrx_word' id='word_1_187' title='bbox 1576 2448 1650 2515; x_wconf 68' lang='grc' dir='ltr'>ὧν</span> 
     </span>
     <span class='ocr_line' id='line_1_24' title="bbox 151 2538 1652 2633; baseline -0.007 -19"><span class='ocrx_word' id='word_1_188' title='bbox 151 2547 258 2613; x_wconf 65' lang='grc' dir='ltr'>οὗτοι</span> <span class='ocrx_word' id='word_1_189' title='bbox 277 2556 562 2614; x_wconf 73' lang='grc' dir='ltr'>κλέπτουσιν</span> <span class='ocrx_word' id='word_1_190' title='bbox 606 2553 892 2633; x_wconf 81' lang='grc' dir='ltr'>ὀργίζεσθε,</span> <span class='ocrx_word' id='word_1_191' title='bbox 924 2550 1040 2608; x_wconf 84' lang='grc' dir='ltr'>ἀλλ’</span> <span class='ocrx_word' id='word_1_192' title='bbox 1083 2538 1154 2607; x_wconf 71' lang='grc' dir='ltr'>ῶν</span> <span class='ocrx_word' id='word_1_193' title='bbox 1184 2547 1330 2606; x_wconf 79' lang='grc' dir='ltr'>αὐτοὶ</span> <span class='ocrx_word' id='word_1_194' title='bbox 1356 2544 1652 2623; x_wconf 75' lang='grc' dir='ltr'>λαμὸοίνετε</span> 
     </span>
     <span class='ocr_line' id='line_1_25' title="bbox 93 2634 1650 2722; baseline -0.01 -17"><span class='ocrx_word' id='word_1_195' title='bbox 93 2666 132 2705; x_wconf 75' lang='grc' dir='ltr'>ιο</span> <span class='ocrx_word' id='word_1_196' title='bbox 147 2643 268 2722; x_wconf 73' lang='grc' dir='ltr'>χάριν</span> <span class='ocrx_word' id='word_1_197' title='bbox 279 2642 404 2717; x_wconf 84' lang='grc' dir='ltr'>ίστε,</span> <span class='ocrx_word' id='word_1_198' title='bbox 419 2642 594 2720; x_wconf 74' lang='grc' dir='ltr'>ὥσπερ</span> <span class='ocrx_word' id='word_1_199' title='bbox 617 2643 764 2717; x_wconf 77' lang='grc' dir='ltr'>ὑμεῖς</span> <span class='ocrx_word' id='word_1_200' title='bbox 782 2637 848 2697; x_wconf 73' lang='grc' dir='ltr'>τὰ</span> <span class='ocrx_word' id='word_1_201' title='bbox 860 2636 1054 2696; x_wconf 75' lang='grc' dir='ltr'>τούτων</span> <span class='ocrx_word' id='word_1_202' title='bbox 1075 2639 1516 2716; x_wconf 77' lang='grc' dir='ltr'>μισθοφοροῦντες,</span> <span class='ocrx_word' id='word_1_203' title='bbox 1531 2634 1650 2691; x_wconf 77' lang='grc' dir='ltr'>ἀλλ’</span> 
     </span>
     <span class='ocr_line' id='line_1_26' title="bbox 148 2719 1651 2809; baseline -0.005 -22"><span class='ocrx_word' id='word_1_204' title='bbox 148 2733 192 2787; x_wconf 84' lang='grc' dir='ltr'>οὖ</span> <span class='ocrx_word' id='word_1_205' title='bbox 207 2731 370 2789; x_wconf 75' lang='grc' dir='ltr'>τούτων</span> <span class='ocrx_word' id='word_1_206' title='bbox 385 2729 450 2789; x_wconf 73' lang='grc' dir='ltr'>τὰ</span> <span class='ocrx_word' id='word_1_207' title='bbox 471 2728 700 2809; x_wconf 80' lang='grc' dir='ltr'>ὑμέτερα</span> <span class='ocrx_word' id='word_1_208' title='bbox 720 2724 1064 2787; x_wconf 80' lang='grc' dir='ltr'>κλεπτόντων.</span> <span class='ocrx_word' id='word_1_209' title='bbox 1151 2724 1240 2803; x_wconf 82' lang='lat'>(12)</span> <span class='ocrx_word' id='word_1_210' title='bbox 1267 2722 1346 2783; x_wconf 77' lang='grc' dir='ltr'>Τὸ</span> <span class='ocrx_word' id='word_1_211' title='bbox 1366 2719 1420 2780; x_wconf 79' lang='grc' dir='ltr'>δὲ</span> <span class='ocrx_word' id='word_1_212' title='bbox 1443 2720 1651 2780; x_wconf 75' lang='grc' dir='ltr'>πάντων</span> 
     </span>
     <span class='ocr_line' id='line_1_27' title="bbox 150 2806 1652 2899; baseline -0.007 -24"><span class='ocrx_word' id='word_1_213' title='bbox 150 2818 528 2899; x_wconf 77' lang='grc' dir='ltr'>ὑπερφυέστατον,</span> <span class='ocrx_word' id='word_1_214' title='bbox 547 2815 633 2875; x_wconf 80' lang='grc' dir='ltr'>ὅτι</span> <span class='ocrx_word' id='word_1_215' title='bbox 654 2817 707 2873; x_wconf 79' lang='grc' dir='ltr'>ἐν</span> <span class='ocrx_word' id='word_1_216' title='bbox 730 2813 821 2891; x_wconf 78' lang='grc' dir='ltr'>μὲν</span> <span class='ocrx_word' id='word_1_217' title='bbox 841 2814 946 2879; x_wconf 78' lang='grc' dir='ltr'>τοῖς</span> <span class='ocrx_word' id='word_1_218' title='bbox 973 2808 1119 2877; x_wconf 76' lang='grc' dir='ltr'>ἰδίοις</span> <span class='ocrx_word' id='word_1_219' title='bbox 1141 2812 1188 2868; x_wconf 74' lang='grc' dir='ltr'>οἱ</span> <span class='ocrx_word' id='word_1_220' title='bbox 1213 2806 1539 2885; x_wconf 80' lang='grc' dir='ltr'>ἀδικούμενοι</span> <span class='ocrx_word' id='word_1_221' title='bbox 1563 2808 1652 2865; x_wconf 85' lang='grc' dir='ltr'>δα·</span> 
     </span>
     <span class='ocr_line' id='line_1_28' title="bbox 149 2894 1652 2983; baseline -0.006 -21"><span class='ocrx_word' id='word_1_222' title='bbox 149 2905 317 2983; x_wconf 63' lang='grc' dir='ltr'>κρίνουσι</span> <span class='ocrx_word' id='word_1_223' title='bbox 338 2904 422 2965; x_wconf 82' lang='grc' dir='ltr'>καὶ</span> <span class='ocrx_word' id='word_1_224' title='bbox 449 2901 665 2963; x_wconf 77' lang='grc' dir='ltr'>ἐλεεινοί</span> <span class='ocrx_word' id='word_1_225' title='bbox 693 2903 840 2972; x_wconf 80' lang='grc' dir='ltr'>εἰσιν,</span> <span class='ocrx_word' id='word_1_226' title='bbox 870 2903 922 2959; x_wconf 79' lang='grc' dir='ltr'>ἐν</span> <span class='ocrx_word' id='word_1_227' title='bbox 949 2896 1005 2957; x_wconf 74' lang='grc' dir='ltr'>δὲ</span> <span class='ocrx_word' id='word_1_228' title='bbox 1029 2899 1136 2965; x_wconf 82' lang='grc' dir='ltr'>τοῖς</span> <span class='ocrx_word' id='word_1_229' title='bbox 1174 2895 1438 2973; x_wconf 85' lang='grc' dir='ltr'>δημοσίοις</span> <span class='ocrx_word' id='word_1_230' title='bbox 1465 2898 1512 2954; x_wconf 74' lang='grc' dir='ltr'>οἱ</span> <span class='ocrx_word' id='word_1_231' title='bbox 1557 2894 1652 2973; x_wconf 76' lang='grc' dir='ltr'>μὲν</span> 
     </span>
     <span class='ocr_line' id='line_1_29' title="bbox 153 2982 1648 3065; baseline -0.005 -16"><span class='ocrx_word' id='word_1_232' title='bbox 153 2994 393 3061; x_wconf 73' lang='grc' dir='ltr'>ἀδικοῦντες</span> <span class='ocrx_word' id='word_1_233' title='bbox 417 2989 632 3051; x_wconf 80' lang='grc' dir='ltr'>ἐλεεινοί</span> <span class='ocrx_word' id='word_1_234' title='bbox 643 3033 660 3063; x_wconf 93' lang='grc'>,</span> <span class='ocrx_word' id='word_1_235' title='bbox 677 2993 822 3065; x_wconf 77' lang='grc' dir='ltr'>ὑμεῖς</span> <span class='ocrx_word' id='word_1_236' title='bbox 845 2988 890 3045; x_wconf 89' lang='grc' dir='ltr'>δ’</span> <span class='ocrx_word' id='word_1_237' title='bbox 909 2989 956 3047; x_wconf 80' lang='grc' dir='ltr'>οἱ</span> <span class='ocrx_word' id='word_1_238' title='bbox 976 2982 1303 3061; x_wconf 81' lang='grc' dir='ltr'>ἀδικούμενοι</span> <span class='ocrx_word' id='word_1_239' title='bbox 1325 2984 1537 3045; x_wconf 81' lang='grc' dir='ltr'>ἐλεεῖτε.</span> <span class='ocrx_word' id='word_1_240' title='bbox 1557 2982 1648 3045; x_wconf 82' lang='grc' dir='ltr'>καὶ</span> 
     </span>
     <span class='ocr_line' id='line_1_30' title="bbox 151 3062 1654 3155; baseline -0.006 -18"><span class='ocrx_word' id='word_1_241' title='bbox 151 3084 216 3137; x_wconf 78' lang='grc' dir='ltr'>νῦν</span> <span class='ocrx_word' id='word_1_242' title='bbox 233 3080 338 3147; x_wconf 83' lang='grc' dir='ltr'>ἴσως</span> <span class='ocrx_word' id='word_1_243' title='bbox 356 3078 659 3151; x_wconf 78' lang='grc' dir='ltr'>ποιήσουσιν</span> <span class='ocrx_word' id='word_1_244' title='bbox 681 3074 815 3155; x_wconf 81' lang='grc' dir='ltr'>ἅπερ</span> <span class='ocrx_word' id='word_1_245' title='bbox 832 3073 922 3133; x_wconf 80' lang='grc' dir='ltr'>καὶ</span> <span class='ocrx_word' id='word_1_246' title='bbox 939 3072 1187 3153; x_wconf 85' lang='grc' dir='ltr'>πρότερον</span> <span class='ocrx_word' id='word_1_247' title='bbox 1206 3062 1340 3143; x_wconf 67' lang='grc' dir='ltr'>ἦσαν</span> <span class='ocrx_word' id='word_1_248' title='bbox 1359 3068 1654 3147; x_wconf 79' lang='grc' dir='ltr'>εἰθισμένοι,</span> 
     </span>
     <span class='ocr_line' id='line_1_31' title="bbox 153 3158 1656 3245; baseline -0.005 -23"><span class='ocrx_word' id='word_1_249' title='bbox 153 3168 220 3223; x_wconf 81' lang='grc' dir='ltr'>καὶ</span> <span class='ocrx_word' id='word_1_250' title='bbox 247 3167 448 3245; x_wconf 81' lang='grc' dir='ltr'>δημόται</span> <span class='ocrx_word' id='word_1_251' title='bbox 482 3167 572 3225; x_wconf 77' lang='grc' dir='ltr'>καὶ</span> <span class='ocrx_word' id='word_1_252' title='bbox 602 3162 748 3245; x_wconf 79' lang='grc' dir='ltr'>φίλοι</span> <span class='ocrx_word' id='word_1_253' title='bbox 792 3162 1054 3227; x_wconf 85' lang='grc' dir='ltr'>κλαίοντες</span> <span class='ocrx_word' id='word_1_254' title='bbox 1081 3158 1436 3228; x_wconf 78' lang='grc' dir='ltr'>ἐξαιτήσονται</span> <span class='ocrx_word' id='word_1_255' title='bbox 1471 3158 1656 3225; x_wconf 71' lang='grc' dir='ltr'>αὐτοὺς</span> 
     </span>
     <span class='ocr_line' id='line_1_32' title="bbox 151 3246 1657 3337; baseline -0.007 -24"><span class='ocrx_word' id='word_1_256' title='bbox 151 3262 247 3337; x_wconf 79' lang='grc' dir='ltr'>παρ’</span> <span class='ocrx_word' id='word_1_257' title='bbox 269 3263 413 3335; x_wconf 76' lang='grc' dir='ltr'>ὑμῶν.</span> <span class='ocrx_word' id='word_1_258' title='bbox 441 3257 531 3337; x_wconf 78' lang='lat'><strong>(13)</strong></span> <span class='ocrx_word' id='word_1_259' title='bbox 555 3252 708 3332; x_wconf 78' lang='grc' dir='ltr'>Ἐγὼ</span> <span class='ocrx_word' id='word_1_260' title='bbox 721 3252 764 3309; x_wconf 84' lang='grc' dir='ltr'>δ’</span> <span class='ocrx_word' id='word_1_261' title='bbox 785 3250 944 3318; x_wconf 74' lang='grc' dir='ltr'>οὕτως</span> <span class='ocrx_word' id='word_1_262' title='bbox 960 3250 1086 3319; x_wconf 82' lang='grc' dir='ltr'>ἀξιῶ</span> <span class='ocrx_word' id='word_1_263' title='bbox 1100 3246 1353 3326; x_wconf 87' lang='grc' dir='ltr'>γενέσθαι·</span> <span class='ocrx_word' id='word_1_264' title='bbox 1373 3249 1418 3304; x_wconf 81' lang='grc' dir='ltr'>εἷ</span> <span class='ocrx_word' id='word_1_265' title='bbox 1441 3246 1532 3324; x_wconf 77' lang='grc' dir='ltr'>μὲν</span> <span class='ocrx_word' id='word_1_266' title='bbox 1551 3248 1657 3305; x_wconf 84' lang='grc' dir='ltr'>ἀδι-</span> 
     </span>
     <span class='ocr_line' id='line_1_33' title="bbox 87 3334 1654 3420; baseline -0.005 -22"><span class='ocrx_word' id='word_1_267' title='bbox 87 3348 236 3401; x_wconf 76' lang='grc' dir='ltr'>Ιῒθκεῖν</span> <span class='ocrx_word' id='word_1_268' title='bbox 257 3344 445 3411; x_wconf 79' lang='grc' dir='ltr'>τούτους</span> <span class='ocrx_word' id='word_1_269' title='bbox 472 3343 640 3420; x_wconf 82' lang='grc' dir='ltr'>μηδὲν</span> <span class='ocrx_word' id='word_1_270' title='bbox 667 3338 980 3416; x_wconf 85' lang='grc' dir='ltr'>νομίζουσιν,</span> <span class='ocrx_word' id='word_1_271' title='bbox 1005 3334 1374 3404; x_wconf 78' lang='grc' dir='ltr'>ἀποδείξαντας</span> <span class='ocrx_word' id='word_1_272' title='bbox 1401 3336 1468 3399; x_wconf 79' lang='grc' dir='ltr'>ὡς</span> <span class='ocrx_word' id='word_1_273' title='bbox 1491 3336 1654 3413; x_wconf 80' lang='grc' dir='ltr'>ψευδῆ</span> 
     </span>
     <span class='ocr_line' id='line_1_34' title="bbox 153 3420 1655 3513; baseline -0.008 -25"><span class='ocrx_word' id='word_1_274' title='bbox 153 3431 204 3489; x_wconf 67' lang='grc' dir='ltr'>τὰ</span> <span class='ocrx_word' id='word_1_275' title='bbox 222 3432 626 3513; x_wconf 76' lang='grc' dir='ltr'>κατηγορημένα,</span> <span class='ocrx_word' id='word_1_276' title='bbox 653 3426 788 3486; x_wconf 75' lang='grc' dir='ltr'>οὕτω</span> <span class='ocrx_word' id='word_1_277' title='bbox 815 3426 1006 3485; x_wconf 88' lang='grc' dir='ltr'>πείθειν</span> <span class='ocrx_word' id='word_1_278' title='bbox 1037 3429 1171 3502; x_wconf 75' lang='grc' dir='ltr'>ὑμᾶς</span> <span class='ocrx_word' id='word_1_279' title='bbox 1207 3420 1655 3501; x_wconf 62' lang='grc' dir='ltr'>ἀποψηφίσασθαι·</span> 
     </span>
     <span class='ocr_line' id='line_1_35' title="bbox 153 3508 1655 3598; baseline -0.008 -21"><span class='ocrx_word' id='word_1_280' title='bbox 153 3523 189 3577; x_wconf 85' lang='grc' dir='ltr'>εἰ</span> <span class='ocrx_word' id='word_1_281' title='bbox 205 3521 247 3578; x_wconf 81' lang='grc' dir='ltr'>δὲ</span> <span class='ocrx_word' id='word_1_282' title='bbox 261 3522 542 3598; x_wconf 85' lang='grc' dir='ltr'>νομίσαντες</span> <span class='ocrx_word' id='word_1_283' title='bbox 561 3520 762 3577; x_wconf 78' lang='grc' dir='ltr'>ἀδικεῖν</span> <span class='ocrx_word' id='word_1_284' title='bbox 783 3514 1084 3585; x_wconf 81' lang='grc' dir='ltr'>αἰτήσονται</span> <span class='ocrx_word' id='word_1_285' title='bbox 1097 3556 1114 3588; x_wconf 89' lang='grc'>,</span> <span class='ocrx_word' id='word_1_286' title='bbox 1134 3512 1290 3582; x_wconf 77' lang='grc' dir='ltr'>δῆλον</span> <span class='ocrx_word' id='word_1_287' title='bbox 1314 3508 1394 3567; x_wconf 77' lang='grc' dir='ltr'>ὅτι</span> <span class='ocrx_word' id='word_1_288' title='bbox 1412 3516 1515 3575; x_wconf 87' lang='grc' dir='ltr'>τοῖς</span> <span class='ocrx_word' id='word_1_289' title='bbox 1544 3508 1655 3566; x_wconf 82' lang='grc' dir='ltr'>ἀδι-</span> 
     </span>
     <span class='ocr_line' id='line_1_36' title="bbox 155 3592 1658 3688; baseline -0.011 -22"><span class='ocrx_word' id='word_1_290' title='bbox 155 3615 292 3667; x_wconf 79' lang='grc' dir='ltr'>κοῦσιν</span> <span class='ocrx_word' id='word_1_291' title='bbox 312 3606 620 3688; x_wconf 79' lang='grc' dir='ltr'>εὖνούστεροί</span> <span class='ocrx_word' id='word_1_292' title='bbox 648 3599 828 3673; x_wconf 76' lang='grc' dir='ltr'>εἰσινῆ</span> <span class='ocrx_word' id='word_1_293' title='bbox 853 3601 974 3675; x_wconf 84' lang='grc' dir='ltr'>ὑμῖν</span> <span class='ocrx_word' id='word_1_294' title='bbox 994 3608 1098 3665; x_wconf 89' lang='grc' dir='ltr'>τοῖς</span> <span class='ocrx_word' id='word_1_295' title='bbox 1123 3594 1506 3673; x_wconf 81' lang='grc' dir='ltr'>ἀδικουμένοις,</span> <span class='ocrx_word' id='word_1_296' title='bbox 1531 3592 1658 3652; x_wconf 81' lang='grc' dir='ltr'>ὥστ’</span> 
     </span>
     <span class='ocr_line' id='line_1_37' title="bbox 155 3682 1662 3775; baseline -0.01 -23"><span class='ocrx_word' id='word_1_297' title='bbox 155 3698 199 3752; x_wconf 78' lang='grc' dir='ltr'>οὗ</span> <span class='ocrx_word' id='word_1_298' title='bbox 220 3695 404 3775; x_wconf 76' lang='grc' dir='ltr'>χάριτος</span> <span class='ocrx_word' id='word_1_299' title='bbox 429 3695 562 3765; x_wconf 79' lang='grc' dir='ltr'>ἄξιοι</span> <span class='ocrx_word' id='word_1_300' title='bbox 598 3699 778 3772; x_wconf 87' lang='grc' dir='ltr'>τυχεῖν</span> <span class='ocrx_word' id='word_1_301' title='bbox 813 3688 950 3747; x_wconf 82' lang='grc' dir='ltr'>ἀλλὰ</span> <span class='ocrx_word' id='word_1_302' title='bbox 973 3683 1257 3765; x_wconf 81' lang='grc' dir='ltr'>τιμωρίας,</span> <span class='ocrx_word' id='word_1_303' title='bbox 1293 3682 1488 3741; x_wconf 84' lang='grc' dir='ltr'>ὁπόταν</span> <span class='ocrx_word' id='word_1_304' title='bbox 1516 3683 1662 3757; x_wconf 83' lang='grc' dir='ltr'>ὑμεῖς</span> 
     </span>
     <span class='ocr_line' id='line_1_38' title="bbox 156 3766 1662 3862; baseline -0.008 -22"><span class='ocrx_word' id='word_1_305' title='bbox 156 3782 348 3855; x_wconf 75' lang='grc' dir='ltr'>δύνησθε.</span> <span class='ocrx_word' id='word_1_306' title='bbox 429 3786 514 3862; x_wconf 79' lang='lat' dir='ltr'>(u)</span> <span class='ocrx_word' id='word_1_307' title='bbox 540 3780 671 3842; x_wconf 85' lang='grc' dir='ltr'>Ἔτι</span> <span class='ocrx_word' id='word_1_308' title='bbox 705 3777 760 3837; x_wconf 84' lang='grc' dir='ltr'>δὲ</span> <span class='ocrx_word' id='word_1_309' title='bbox 795 3774 913 3843; x_wconf 75' lang='grc' dir='ltr'>τοὺς</span> <span class='ocrx_word' id='word_1_310' title='bbox 953 3772 1134 3841; x_wconf 75' lang='grc' dir='ltr'>αὐτοὺς</span> <span class='ocrx_word' id='word_1_311' title='bbox 1168 3774 1406 3850; x_wconf 81' lang='grc' dir='ltr'>ἡγεῖσθαι</span> <span class='ocrx_word' id='word_1_312' title='bbox 1433 3767 1536 3849; x_wconf 83' lang='grc' dir='ltr'>χρὴ</span> <span class='ocrx_word' id='word_1_313' title='bbox 1571 3766 1662 3825; x_wconf 71' lang='grc' dir='ltr'>καὶ</span> 
     </span>
     <span class='ocr_line' id='line_1_39' title="bbox 111 3854 1662 3951; baseline -0.011 -22"><span class='ocrx_word' id='word_1_314' title='bbox 111 3888 129 3923; x_wconf 72' lang='lat'><strong>⁶</strong></span> <span class='ocrx_word' id='word_1_315' title='bbox 157 3872 234 3928; x_wconf 79' lang='grc' dir='ltr'>τῶν</span> <span class='ocrx_word' id='word_1_316' title='bbox 252 3872 531 3951; x_wconf 85' lang='grc' dir='ltr'>κατηγόρων</span> <span class='ocrx_word' id='word_1_317' title='bbox 556 3868 758 3950; x_wconf 84' lang='grc' dir='ltr'>σφόδρα</span> <span class='ocrx_word' id='word_1_318' title='bbox 784 3865 1084 3936; x_wconf 86' lang='grc' dir='ltr'>δεήσεσθαι,</span> <span class='ocrx_word' id='word_1_319' title='bbox 1108 3860 1404 3937; x_wconf 84' lang='grc' dir='ltr'>νομίζοντας</span> <span class='ocrx_word' id='word_1_320' title='bbox 1430 3854 1562 3915; x_wconf 73' lang='grc' dir='ltr'>πολὺ</span> <span class='ocrx_word' id='word_1_321' title='bbox 1597 3854 1662 3912; x_wconf 79' lang='grc' dir='ltr'>ἂν</span> 
     </span>
     <span class='ocr_line' id='line_1_40' title="bbox 157 3943 1662 4041; baseline -0.009 -28"><span class='ocrx_word' id='word_1_322' title='bbox 157 3962 302 4017; x_wconf 67' lang='grc' dir='ltr'>θᾶττον</span> <span class='ocrx_word' id='word_1_323' title='bbox 321 3961 436 4041; x_wconf 89' lang='grc' dir='ltr'>παρ’</span> <span class='ocrx_word' id='word_1_324' title='bbox 459 3962 614 4037; x_wconf 75' lang='grc' dir='ltr'>ἡμῶν</span> <span class='ocrx_word' id='word_1_325' title='bbox 634 3954 822 4031; x_wconf 85' lang='grc' dir='ltr'>ὀλίγων</span> <span class='ocrx_word' id='word_1_326' title='bbox 839 3952 998 4011; x_wconf 80' lang='grc' dir='ltr'>ὄντων</span> <span class='ocrx_word' id='word_1_327' title='bbox 1016 3947 1210 4019; x_wconf 81' lang='grc' dir='ltr'>ταύτην</span> <span class='ocrx_word' id='word_1_328' title='bbox 1230 3944 1326 4017; x_wconf 78' lang='grc' dir='ltr'>τὴν</span> <span class='ocrx_word' id='word_1_329' title='bbox 1348 3943 1504 4025; x_wconf 80' lang='grc' dir='ltr'>χάριν</span> <span class='ocrx_word' id='word_1_330' title='bbox 1527 3944 1662 4017; x_wconf 88' lang='grc' dir='ltr'>λαμ-</span> 
     </span>
     <span class='ocr_line' id='line_1_41' title="bbox 157 4026 1662 4127; baseline -0.011 -26"><span class='ocrx_word' id='word_1_331' title='bbox 157 4045 296 4104; x_wconf 73' lang='grc' dir='ltr'>Εάνειν</span> <span class='ocrx_word' id='word_1_332' title='bbox 321 4048 350 4119; x_wconf 74' lang='grc' dir='ltr'>ἢ</span> <span class='ocrx_word' id='word_1_333' title='bbox 373 4049 494 4127; x_wconf 86' lang='grc' dir='ltr'>παρ’</span> <span class='ocrx_word' id='word_1_334' title='bbox 526 4048 696 4121; x_wconf 81' lang='grc' dir='ltr'>ὑμῶν,</span> <span class='ocrx_word' id='word_1_335' title='bbox 724 4040 801 4099; x_wconf 82' lang='grc' dir='ltr'>ἔτι</span> <span class='ocrx_word' id='word_1_336' title='bbox 833 4038 887 4097; x_wconf 86' lang='grc' dir='ltr'>δὲ</span> <span class='ocrx_word' id='word_1_337' title='bbox 920 4042 1040 4119; x_wconf 73' lang='grc' dir='ltr'>ῥᾷον</span> <span class='ocrx_word' id='word_1_338' title='bbox 1067 4036 1254 4100; x_wconf 80' lang='grc' dir='ltr'>ἄλλους</span> <span class='ocrx_word' id='word_1_339' title='bbox 1279 4030 1419 4099; x_wconf 67' lang='grc' dir='ltr'>τινὰς</span> <span class='ocrx_word' id='word_1_340' title='bbox 1448 4028 1511 4087; x_wconf 77' lang='grc' dir='ltr'>τά</span> <span class='ocrx_word' id='word_1_341' title='bbox 1533 4026 1662 4106; x_wconf 75' lang='grc' dir='ltr'>ὑμέ-</span> 
     </span>
     <span class='ocr_line' id='line_1_42' title="bbox 155 4117 1664 4215; baseline -0.015 -19"><span class='ocrx_word' id='word_1_342' title='bbox 155 4156 252 4214; x_wconf 71' lang='grc' dir='ltr'>τερα</span> <span class='ocrx_word' id='word_1_343' title='bbox 277 4135 706 4215; x_wconf 67' lang='grc' dir='ltr'>καταχαρίζεσθαι</span> <span class='ocrx_word' id='word_1_344' title='bbox 735 4128 771 4199; x_wconf 75' lang='grc' dir='ltr'>ἢ</span> <span class='ocrx_word' id='word_1_345' title='bbox 800 4132 936 4204; x_wconf 77' lang='grc' dir='ltr'>ὑμᾶς</span> <span class='ocrx_word' id='word_1_346' title='bbox 965 4122 1151 4191; x_wconf 80' lang='grc' dir='ltr'>αὐτούς</span> <span class='ocrx_word' id='word_1_347' title='bbox 1181 4144 1260 4200; x_wconf 89' lang='grc' dir='ltr'>γε.</span> <span class='ocrx_word' id='word_1_348' title='bbox 1345 4120 1437 4197; x_wconf 75' lang='lat'>(15)</span> <span class='ocrx_word' id='word_1_349' title='bbox 1477 4117 1664 4192; x_wconf 84' lang='grc' dir='ltr'>Ἡμεῖς</span> 
     </span>
     <span class='ocr_line' id='line_1_43' title="bbox 157 4202 1665 4295; baseline -0.012 -16"><span class='ocrx_word' id='word_1_350' title='bbox 157 4222 230 4294; x_wconf 79' lang='grc' dir='ltr'>μὲν</span> <span class='ocrx_word' id='word_1_351' title='bbox 245 4226 396 4282; x_wconf 81' lang='grc' dir='ltr'>τοίνυν</span> <span class='ocrx_word' id='word_1_352' title='bbox 411 4226 502 4281; x_wconf 80' lang='grc' dir='ltr'>οὔκ</span> <span class='ocrx_word' id='word_1_353' title='bbox 523 4216 857 4293; x_wconf 81' lang='grc' dir='ltr'>ἠθελήσαμεν</span> <span class='ocrx_word' id='word_1_354' title='bbox 877 4215 1155 4295; x_wconf 88' lang='grc' dir='ltr'>προδοῦναι</span> <span class='ocrx_word' id='word_1_355' title='bbox 1167 4254 1183 4281; x_wconf 99' lang='grc'>,</span> <span class='ocrx_word' id='word_1_356' title='bbox 1209 4206 1447 4283; x_wconf 83' lang='grc' dir='ltr'>ἀξιοῦμεν</span> <span class='ocrx_word' id='word_1_357' title='bbox 1465 4202 1518 4263; x_wconf 83' lang='grc' dir='ltr'>δὲ</span> <span class='ocrx_word' id='word_1_358' title='bbox 1540 4204 1665 4281; x_wconf 88' lang='grc' dir='ltr'>μηδ’</span> 
     </span>
     <span class='ocr_line' id='line_1_44' title="bbox 158 4290 1666 4388; baseline -0.017 -15"><span class='ocrx_word' id='word_1_359' title='bbox 158 4310 288 4385; x_wconf 71' lang='grc' dir='ltr'>ὖμᾶς,</span> <span class='ocrx_word' id='word_1_360' title='bbox 311 4308 704 4388; x_wconf 74' lang='grc' dir='ltr'>ἐνθυμουμένους</span> <span class='ocrx_word' id='word_1_361' title='bbox 722 4304 800 4363; x_wconf 77' lang='grc' dir='ltr'>ὅτι</span> <span class='ocrx_word' id='word_1_362' title='bbox 829 4301 1004 4384; x_wconf 85' lang='grc' dir='ltr'>σφόδρ’</span> <span class='ocrx_word' id='word_1_363' title='bbox 1037 4300 1100 4358; x_wconf 78' lang='grc' dir='ltr'>ἂν</span> <span class='ocrx_word' id='word_1_364' title='bbox 1125 4297 1250 4373; x_wconf 83' lang='grc' dir='ltr'>ἡμῖν</span> <span class='ocrx_word' id='word_1_365' title='bbox 1277 4293 1551 4374; x_wconf 82' lang='grc' dir='ltr'>ὠργίζεσθε</span> <span class='ocrx_word' id='word_1_366' title='bbox 1573 4290 1666 4349; x_wconf 81' lang='grc' dir='ltr'>καὶ</span> 
     </span>
     <span class='ocr_line' id='line_1_45' title="bbox 159 4379 1665 4478; baseline -0.013 -23"><span class='ocrx_word' id='word_1_367' title='bbox 159 4398 464 4478; x_wconf 78' lang='grc' dir='ltr'>ἐτιμωρεῖσθε,</span> <span class='ocrx_word' id='word_1_368' title='bbox 479 4396 610 4457; x_wconf 79' lang='grc' dir='ltr'>ὅπου</span> <span class='ocrx_word' id='word_1_369' title='bbox 625 4390 1044 4474; x_wconf 86' lang='grc' dir='ltr'>παρεπίπτομεν,</span> <span class='ocrx_word' id='word_1_370' title='bbox 1063 4390 1132 4453; x_wconf 79' lang='grc' dir='ltr'>ὡς</span> <span class='ocrx_word' id='word_1_371' title='bbox 1147 4382 1278 4451; x_wconf 82' lang='grc' dir='ltr'>εἰκὸς</span> <span class='ocrx_word' id='word_1_372' title='bbox 1295 4379 1412 4449; x_wconf 80' lang='grc' dir='ltr'>τοὺς</span> <span class='ocrx_word' id='word_1_373' title='bbox 1433 4382 1665 4439; x_wconf 78' lang='grc' dir='ltr'>ἀδικοῦν·</span> 
     </span>
     <span class='ocr_line' id='line_1_46' title="bbox 107 4466 1668 4563; baseline -0.019 -11"><span class='ocrx_word' id='word_1_374' title='bbox 107 4496 140 4534; x_wconf 76' lang='lat'>¹⁰</span> <span class='ocrx_word' id='word_1_375' title='bbox 158 4506 251 4557; x_wconf 55' lang='grc' dir='ltr'>τᾶς,</span> <span class='ocrx_word' id='word_1_376' title='bbox 272 4489 310 4543; x_wconf 80' lang='grc' dir='ltr'>εἰ</span> <span class='ocrx_word' id='word_1_377' title='bbox 326 4491 468 4563; x_wconf 71' lang='grc' dir='ltr'>ἡμεῖς</span> <span class='ocrx_word' id='word_1_378' title='bbox 489 4481 640 4563; x_wconf 66' lang='grc' dir='ltr'>παρὰ</span> <span class='ocrx_word' id='word_1_379' title='bbox 659 4478 852 4539; x_wconf 84' lang='grc' dir='ltr'>τούτων</span> <span class='ocrx_word' id='word_1_380' title='bbox 871 4476 906 4548; x_wconf 81' lang='grc' dir='ltr'>ἢ</span> <span class='ocrx_word' id='word_1_381' title='bbox 928 4475 1178 4557; x_wconf 85' lang='grc' dir='ltr'>χρήματα</span> <span class='ocrx_word' id='word_1_382' title='bbox 1198 4468 1442 4536; x_wconf 77' lang='grc' dir='ltr'>λαὸόντες</span> <span class='ocrx_word' id='word_1_383' title='bbox 1464 4466 1498 4540; x_wconf 83' lang='grc' dir='ltr'>ἢ</span> <span class='ocrx_word' id='word_1_384' title='bbox 1524 4467 1668 4546; x_wconf 81' lang='grc' dir='ltr'>ἄλλῳ</span> 
     </span>
     <span class='ocr_line' id='line_1_47' title="bbox 160 4555 1670 4655; baseline -0.011 -26"><span class='ocrx_word' id='word_1_385' title='bbox 160 4574 236 4631; x_wconf 78' lang='grc' dir='ltr'>τινὶ</span> <span class='ocrx_word' id='word_1_386' title='bbox 259 4574 419 4655; x_wconf 80' lang='grc' dir='ltr'>τρόπῳ</span> <span class='ocrx_word' id='word_1_387' title='bbox 451 4569 833 4645; x_wconf 77' lang='grc' dir='ltr'>διηλλάγημεν.</span> <span class='ocrx_word' id='word_1_388' title='bbox 915 4565 1102 4627; x_wconf 82' lang='grc' dir='ltr'>Καίτοι</span> <span class='ocrx_word' id='word_1_389' title='bbox 1143 4564 1188 4620; x_wconf 76' lang='grc' dir='ltr'>εἰ</span> <span class='ocrx_word' id='word_1_390' title='bbox 1214 4568 1318 4627; x_wconf 91' lang='grc' dir='ltr'>τοῖς</span> <span class='ocrx_word' id='word_1_391' title='bbox 1352 4556 1426 4636; x_wconf 71' lang='grc' dir='ltr'>μὴ</span> <span class='ocrx_word' id='word_1_392' title='bbox 1463 4555 1670 4622; x_wconf 89' lang='grc' dir='ltr'>δικαίως</span> 
     </span>
     <span class='ocr_line' id='line_1_48' title="bbox 165 4643 1670 4741; baseline -0.015 -19"><span class='ocrx_word' id='word_1_393' title='bbox 165 4661 398 4729; x_wconf 67' lang='grc' dir='ltr'>ἐπεξιοῦσιν</span> <span class='ocrx_word' id='word_1_394' title='bbox 437 4661 735 4741; x_wconf 85' lang='grc' dir='ltr'>ὀργίζεσθε,</span> <span class='ocrx_word' id='word_1_395' title='bbox 765 4647 800 4728; x_wconf 74' lang='grc' dir='ltr'>ἧ</span> <span class='ocrx_word' id='word_1_396' title='bbox 837 4677 937 4713; x_wconf 90' lang='grc' dir='ltr'>που</span> <span class='ocrx_word' id='word_1_397' title='bbox 965 4651 1160 4733; x_wconf 84' lang='grc' dir='ltr'>σφόδρα</span> <span class='ocrx_word' id='word_1_398' title='bbox 1195 4647 1302 4728; x_wconf 82' lang='grc' dir='ltr'>χρὴ</span> <span class='ocrx_word' id='word_1_399' title='bbox 1336 4644 1518 4712; x_wconf 72' lang='grc' dir='ltr'>αὐτοὺς</span> <span class='ocrx_word' id='word_1_400' title='bbox 1553 4643 1670 4709; x_wconf 81' lang='grc' dir='ltr'>τοὺς</span> 
     </span>
    </p>

    <p class='ocr_par' dir='ltr' id='par_1_3' title="bbox 85 4723 1672 5180">
     <span class='ocr_line' id='line_1_49' title="bbox 85 4723 1665 4828; baseline -0.013 -21"><span class='ocrx_word' id='word_1_401' title='bbox 85 4773 96 4787; x_wconf 85' lang='grc'><em>·</em></span> <span class='ocrx_word' id='word_1_402' title='bbox 167 4748 416 4818; x_wconf 74' lang='grc' dir='ltr'>ἀδικοῦντας</span> <span class='ocrx_word' id='word_1_403' title='bbox 431 4748 793 4828; x_wconf 81' lang='grc' dir='ltr'>τιμωρεῖσθαι.</span> <span class='ocrx_word' id='word_1_404' title='bbox 880 4743 966 4821; x_wconf 75' lang='grc'>(16)</span> <span class='ocrx_word' id='word_1_405' title='bbox 991 4744 1100 4802; x_wconf 84' lang='grc' dir='ltr'>Νῦν</span> <span class='ocrx_word' id='word_1_406' title='bbox 1119 4736 1308 4811; x_wconf 85' lang='grc' dir='ltr'>τοίνυν,</span> <span class='ocrx_word' id='word_1_407' title='bbox 1331 4723 1375 4793; x_wconf 68' lang='grc' dir='ltr'><em>ὦ</em></span> <span class='ocrx_word' id='word_1_408' title='bbox 1397 4733 1574 4811; x_wconf 86' lang='grc' dir='ltr'>ἄνδρες</span> <span class='ocrx_word' id='word_1_409' title='bbox 1593 4731 1665 4787; x_wconf 90' lang='grc' dir='ltr'>δι-</span> 
     </span>
     <span class='ocr_line' id='line_1_50' title="bbox 169 4818 1670 4919; baseline -0.014 -23"><span class='ocrx_word' id='word_1_410' title='bbox 169 4841 342 4913; x_wconf 69' lang='grc' dir='ltr'>κασταί,</span> <span class='ocrx_word' id='word_1_411' title='bbox 376 4833 862 4919; x_wconf 70' lang='grc' dir='ltr'>καταψηφισάμενοι</span> <span class='ocrx_word' id='word_1_412' title='bbox 903 4826 1247 4910; x_wconf 82' lang='grc' dir='ltr'>Ἐπικράτους</span> <span class='ocrx_word' id='word_1_413' title='bbox 1286 4826 1389 4882; x_wconf 85' lang='grc' dir='ltr'>τῶν</span> <span class='ocrx_word' id='word_1_414' title='bbox 1433 4818 1670 4899; x_wconf 77' lang='grc' dir='ltr'>ἐσχάτων</span> 
     </span>
     <span class='ocr_line' id='line_1_51' title="bbox 173 4903 1671 5004; baseline -0.013 -25"><span class='ocrx_word' id='word_1_415' title='bbox 173 4925 404 5001; x_wconf 58' lang='grc' dir='ltr'>τιμήσατε,</span> <span class='ocrx_word' id='word_1_416' title='bbox 421 4927 510 4987; x_wconf 76' lang='grc' dir='ltr'>καὶ</span> <span class='ocrx_word' id='word_1_417' title='bbox 535 4924 610 5004; x_wconf 80' lang='grc' dir='ltr'>μή</span> <span class='ocrx_word' id='word_1_418' title='bbox 625 4970 641 4995; x_wconf 87' lang='grc'>,</span> <span class='ocrx_word' id='word_1_419' title='bbox 667 4920 841 5000; x_wconf 78' lang='grc' dir='ltr'>ὥσπερ</span> <span class='ocrx_word' id='word_1_420' title='bbox 863 4922 913 4977; x_wconf 79' lang='grc' dir='ltr'>ἓν</span> <span class='ocrx_word' id='word_1_421' title='bbox 943 4922 1017 4999; x_wconf 82' lang='grc' dir='ltr'>τῷ</span> <span class='ocrx_word' id='word_1_422' title='bbox 1039 4915 1164 4981; x_wconf 82' lang='grc' dir='ltr'>τέως</span> <span class='ocrx_word' id='word_1_423' title='bbox 1189 4910 1362 4991; x_wconf 76' lang='grc' dir='ltr'>χρόνῳ</span> <span class='ocrx_word' id='word_1_424' title='bbox 1393 4903 1671 4982; x_wconf 79' lang='grc' dir='ltr'>εἰθισμένοι</span> 
     </span>
     <span class='ocr_line' id='line_1_52' title="bbox 179 4994 1668 5091; baseline -0.011 -25"><span class='ocrx_word' id='word_1_425' title='bbox 179 5011 286 5085; x_wconf 80' lang='grc' dir='ltr'>ἐστέ,</span> <span class='ocrx_word' id='word_1_426' title='bbox 313 5015 506 5074; x_wconf 68' lang='grc' dir='ltr'>ἐπειδὰν</span> <span class='ocrx_word' id='word_1_427' title='bbox 538 5006 1032 5091; x_wconf 76' lang='grc' dir='ltr'>καταψηφισάμενοι</span> <span class='ocrx_word' id='word_1_428' title='bbox 1074 4998 1369 5073; x_wconf 78' lang='grc' dir='ltr'>ἐξελέγξητε</span> <span class='ocrx_word' id='word_1_429' title='bbox 1409 4994 1526 5061; x_wconf 79' lang='grc' dir='ltr'>τοὺς</span> <span class='ocrx_word' id='word_1_430' title='bbox 1558 4994 1668 5051; x_wconf 84' lang='grc' dir='ltr'>ἀδι-</span> 
     </span>
     <span class='ocr_line' id='line_1_53' title="bbox 179 5080 1672 5180; baseline -0.008 -27"><span class='ocrx_word' id='word_1_431' title='bbox 179 5102 372 5179; x_wconf 71' lang='grc' dir='ltr'>κοῦντας,</span> <span class='ocrx_word' id='word_1_432' title='bbox 393 5104 442 5161; x_wconf 79' lang='grc' dir='ltr'>ἐν</span> <span class='ocrx_word' id='word_1_433' title='bbox 474 5103 550 5180; x_wconf 75' lang='grc' dir='ltr'>τῷ</span> <span class='ocrx_word' id='word_1_434' title='bbox 577 5096 840 5177; x_wconf 80' lang='grc' dir='ltr'>τιμήματι</span> <span class='ocrx_word' id='word_1_435' title='bbox 872 5091 1118 5169; x_wconf 85' lang='grc' dir='ltr'>ἀζημίους</span> <span class='ocrx_word' id='word_1_436' title='bbox 1143 5088 1349 5169; x_wconf 83' lang='grc' dir='ltr'>ἀφίετε,</span> <span class='ocrx_word' id='word_1_437' title='bbox 1375 5082 1586 5163; x_wconf 80' lang='grc' dir='ltr'>ἔχθραν,</span> <span class='ocrx_word' id='word_1_438' title='bbox 1614 5080 1672 5136; x_wconf 83' lang='grc' dir='ltr'>Οὖ</span> 
     </span>
    </p>

    <p class='ocr_par' dir='ltr' id='par_1_4' title="bbox 129 5170 1674 5352">
     <span class='ocr_line' id='line_1_54' title="bbox 129 5170 1674 5269; baseline -0.017 -20"><span class='ocrx_word' id='word_1_439' title='bbox 129 5190 162 5228; x_wconf 71' lang='lat'>¹⁸</span> <span class='ocrx_word' id='word_1_440' title='bbox 183 5182 292 5255; x_wconf 62' lang='grc' dir='ltr'>δίκην</span> <span class='ocrx_word' id='word_1_441' title='bbox 321 5188 451 5269; x_wconf 78' lang='grc' dir='ltr'>παρὰ</span> <span class='ocrx_word' id='word_1_442' title='bbox 486 5192 590 5246; x_wconf 83' lang='grc' dir='ltr'>τῶν</span> <span class='ocrx_word' id='word_1_443' title='bbox 621 5183 931 5243; x_wconf 82' lang='grc' dir='ltr'>ἀδικούντων</span> <span class='ocrx_word' id='word_1_444' title='bbox 963 5177 1349 5256; x_wconf 76' lang='grc' dir='ltr'>λαμὸάνοντες,</span> <span class='ocrx_word' id='word_1_445' title='bbox 1376 5170 1554 5248; x_wconf 78' lang='grc' dir='ltr'>ὥσπερ</span> <span class='ocrx_word' id='word_1_446' title='bbox 1583 5170 1674 5225; x_wconf 90' lang='grc' dir='ltr'>τοῦ</span> 
     </span>
     <span class='ocr_line' id='line_1_55' title="bbox 185 5251 1674 5352; baseline -0.012 -23"><span class='ocrx_word' id='word_1_447' title='bbox 185 5272 374 5347; x_wconf 75' lang='grc' dir='ltr'>ἆνιίδους,</span> <span class='ocrx_word' id='word_1_448' title='bbox 395 5280 505 5337; x_wconf 74' lang='grc' dir='ltr'>ἀλλ’</span> <span class='ocrx_word' id='word_1_449' title='bbox 525 5278 582 5335; x_wconf 81' lang='grc' dir='ltr'>οὗ</span> <span class='ocrx_word' id='word_1_450' title='bbox 603 5278 698 5347; x_wconf 79' lang='grc' dir='ltr'>τῆς</span> <span class='ocrx_word' id='word_1_451' title='bbox 719 5271 905 5352; x_wconf 81' lang='grc' dir='ltr'>ζημίας</span> <span class='ocrx_word' id='word_1_452' title='bbox 921 5268 1092 5349; x_wconf 80' lang='grc' dir='ltr'>αὖτοῗς</span> <span class='ocrx_word' id='word_1_453' title='bbox 1114 5264 1292 5343; x_wconf 82' lang='grc' dir='ltr'>μέλον,</span> <span class='ocrx_word' id='word_1_454' title='bbox 1316 5251 1371 5320; x_wconf 66' lang='grc' dir='ltr'>εὖ</span> <span class='ocrx_word' id='word_1_455' title='bbox 1391 5257 1578 5323; x_wconf 76' lang='grc' dir='ltr'>εἰδότες</span> <span class='ocrx_word' id='word_1_456' title='bbox 1597 5251 1674 5313; x_wconf 74' lang='grc' dir='ltr'>ὅτι</span> 
     </span>
    </p>
   </div>
   <div class='ocr_carea' id='block_1_3' title="bbox 883 488 2455 557">
    <p class='ocr_par' dir='ltr' id='par_1_5' title="bbox 883 488 2455 557">
     <span class='ocr_line' id='line_1_56' title="bbox 883 488 2455 557; baseline 0.002 -4"><span class='ocrx_word' id='word_1_457' title='bbox 883 488 1126 553; x_wconf 84' lang='lat' dir='ltr'>LYSIAE</span> <span class='ocrx_word' id='word_1_458' title='bbox 1165 488 1468 551; x_wconf 72' lang='lat' dir='ltr'><strong>CONTRA</strong></span> <span class='ocrx_word' id='word_1_459' title='bbox 1509 489 1955 552; x_wconf 75' lang='lat' dir='ltr'><strong>EPIGRATEM</strong></span> <span class='ocrx_word' id='word_1_460' title='bbox 1995 492 2455 557; x_wconf 77' lang='lat' dir='ltr'><strong>PEROBATIO.</strong></span> 
     </span>
    </p>
   </div>
   <div class='ocr_carea' id='block_1_4' title="bbox 3156 512 3269 565">
    <p class='ocr_par' dir='ltr' id='par_1_6' title="bbox 3156 512 3269 565">
     <span class='ocr_line' id='line_1_57' title="bbox 3156 512 3269 565; baseline 0.035 -4"><span class='ocrx_word' id='word_1_461' title='bbox 3156 512 3269 565; x_wconf 74' lang='lat'>218</span> 
     </span>
    </p>
   </div>
   <div class='ocr_carea' id='block_1_5' title="bbox 1723 632 3283 1274">
    <p class='ocr_par' dir='ltr' id='par_1_7' title="bbox 1723 632 3283 1274">
     <span class='ocr_line' id='line_1_58' title="bbox 1723 632 3275 700; baseline 0.008 -19"><span class='ocrx_word' id='word_1_462' title='bbox 1723 632 1960 693; x_wconf 83' lang='lat' dir='ltr'><strong>supplicio</strong></span> <span class='ocrx_word' id='word_1_463' title='bbox 1986 632 2268 696; x_wconf 75' lang='lat' dir='ltr'><strong>affeceritis,</strong></span> <span class='ocrx_word' id='word_1_464' title='bbox 2300 648 2383 685; x_wconf 87' lang='lat' dir='ltr'>eos</span> <span class='ocrx_word' id='word_1_465' title='bbox 2410 634 2694 697; x_wconf 72' lang='lat' dir='ltr'>injudicatos</span> <span class='ocrx_word' id='word_1_466' title='bbox 2718 638 2936 700; x_wconf 81' lang='lat' dir='ltr'><strong>periisse,</strong></span> <span class='ocrx_word' id='word_1_467' title='bbox 2971 639 3051 690; x_wconf 90' lang='lat' dir='ltr'>sed</span> <span class='ocrx_word' id='word_1_468' title='bbox 3085 643 3275 694; x_wconf 69' lang='lat' dir='ltr'><strong>meritas</strong></span> 
     </span>
     <span class='ocr_line' id='line_1_59' title="bbox 1725 822 3281 894; baseline 0.007 -23"><span class='ocrx_word' id='word_1_469' title='bbox 1725 836 1834 871; x_wconf 89' lang='lat' dir='ltr'>rum</span> <span class='ocrx_word' id='word_1_470' title='bbox 1855 822 2043 887; x_wconf 80' lang='lat' dir='ltr'><strong>flagitiis</strong></span> <span class='ocrx_word' id='word_1_471' title='bbox 2064 825 2353 888; x_wconf 71' lang='lat' dir='ltr'><strong>compertis»,</strong></span> <span class='ocrx_word' id='word_1_472' title='bbox 2378 839 2467 875; x_wconf 76' lang='lat' dir='ltr'>vos</span> <span class='ocrx_word' id='word_1_473' title='bbox 2502 826 2635 876; x_wconf 79' lang='lat' dir='ltr'><strong>fertis</strong></span> <span class='ocrx_word' id='word_1_474' title='bbox 2660 829 2970 890; x_wconf 84' lang='lat' dir='ltr'><strong>sententiam,</strong></span> <span class='ocrx_word' id='word_1_475' title='bbox 2996 831 3079 879; x_wconf 88' lang='lat' dir='ltr'>sed</span> <span class='ocrx_word' id='word_1_476' title='bbox 3110 833 3193 894; x_wconf 85' lang='lat' dir='ltr'>qui</span> <span class='ocrx_word' id='word_1_477' title='bbox 3220 833 3281 883; x_wconf 84' lang='lat' dir='ltr'>ab</span> 
     </span>
     <span class='ocr_line' id='line_1_60' title="bbox 1725 918 3280 985; baseline 0.006 -18"><span class='ocrx_word' id='word_1_478' title='bbox 1725 918 1928 969; x_wconf 87' lang='lat' dir='ltr'><strong>inimicis</strong></span> <span class='ocrx_word' id='word_1_479' title='bbox 1962 920 2176 970; x_wconf 75' lang='lat' dir='ltr'><strong>infamati</strong></span> <span class='ocrx_word' id='word_1_480' title='bbox 2209 921 2271 969; x_wconf 90' lang='lat' dir='ltr'>de</span> <span class='ocrx_word' id='word_1_481' title='bbox 2297 921 2437 970; x_wconf 85' lang='lat' dir='ltr'><strong>rebus</strong></span> <span class='ocrx_word' id='word_1_482' title='bbox 2472 934 2592 983; x_wconf 85' lang='lat' dir='ltr'><strong>quas</strong></span> <span class='ocrx_word' id='word_1_483' title='bbox 2613 935 2709 971; x_wconf 86' lang='lat' dir='ltr'>non</span> <span class='ocrx_word' id='word_1_484' title='bbox 2732 924 2957 985; x_wconf 83' lang='lat' dir='ltr'><strong>novistis,</strong></span> <span class='ocrx_word' id='word_1_485' title='bbox 2986 926 3047 975; x_wconf 87' lang='lat' dir='ltr'>ad</span> <span class='ocrx_word' id='word_1_486' title='bbox 3087 940 3280 978; x_wconf 81' lang='lat' dir='ltr'><strong>causam</strong></span> 
     </span>
     <span class='ocr_line' id='line_1_61' title="bbox 1725 1011 3281 1081; baseline 0.007 -21"><span class='ocrx_word' id='word_1_487' title='bbox 1725 1011 1977 1062; x_wconf 77' lang='lat' dir='ltr'>dicendam</span> <span class='ocrx_word' id='word_1_488' title='bbox 1994 1026 2091 1063; x_wconf 87' lang='lat' dir='ltr'>non</span> <span class='ocrx_word' id='word_1_489' title='bbox 2112 1012 2443 1065; x_wconf 78' lang='lat' dir='ltr'><strong>admittantur.</strong></span> <span class='ocrx_word' id='word_1_490' title='bbox 2468 1017 2591 1065; x_wconf 81' lang='lat' dir='ltr'><strong>istos</strong></span> <span class='ocrx_word' id='word_1_491' title='bbox 2607 1030 2723 1066; x_wconf 81' lang='lat' dir='ltr'><strong>vero</strong></span> <span class='ocrx_word' id='word_1_492' title='bbox 2741 1018 2857 1079; x_wconf 84' lang='lat' dir='ltr'><strong>ipsae</strong></span> <span class='ocrx_word' id='word_1_493' title='bbox 2875 1030 2950 1068; x_wconf 84' lang='lat' dir='ltr'>res</span> <span class='ocrx_word' id='word_1_494' title='bbox 2968 1022 3112 1081; x_wconf 66' lang='lat' dir='ltr'><strong>gaetoe</strong></span> <span class='ocrx_word' id='word_1_495' title='bbox 3134 1034 3281 1071; x_wconf 88' lang='lat' dir='ltr'><strong>accu-</strong></span> 
     </span>
     <span class='ocr_line' id='line_1_62' title="bbox 1727 1099 3281 1178; baseline 0.006 -21"><span class='ocrx_word' id='word_1_496' title='bbox 1727 1110 1860 1169; x_wconf 87' lang='lat' dir='ltr'><strong>sant,</strong></span> <span class='ocrx_word' id='word_1_497' title='bbox 1884 1121 1974 1158; x_wconf 88' lang='lat' dir='ltr'>nos</span> <span class='ocrx_word' id='word_1_498' title='bbox 1992 1108 2228 1159; x_wconf 74' lang='lat' dir='ltr'><strong>duntaxat</strong></span> <span class='ocrx_word' id='word_1_499' title='bbox 2246 1110 2573 1160; x_wconf 84' lang='lat' dir='ltr'><strong>testimonium</strong></span> <span class='ocrx_word' id='word_1_500' title='bbox 2594 1099 2812 1162; x_wconf 58' lang='lat' dir='ltr'><strong>dicimusss</strong></span> <span class='ocrx_word' id='word_1_501' title='bbox 2866 1112 2933 1176; x_wconf 85' lang='lat'>(9)</span> <span class='ocrx_word' id='word_1_502' title='bbox 2957 1117 3122 1178; x_wconf 85' lang='lat' dir='ltr'>Neque</span> <span class='ocrx_word' id='word_1_503' title='bbox 3137 1116 3189 1165; x_wconf 90' lang='lat' dir='ltr'>id</span> <span class='ocrx_word' id='word_1_504' title='bbox 3204 1130 3281 1167; x_wconf 80' lang='lat' dir='ltr'>ve·</span> 
     </span>
     <span class='ocr_line' id='line_1_63' title="bbox 1730 1205 3283 1274; baseline 0.006 -21"><span class='ocrx_word' id='word_1_505' title='bbox 1730 1217 1837 1253; x_wconf 87' lang='lat' dir='ltr'><strong>reor</strong></span> <span class='ocrx_word' id='word_1_506' title='bbox 1857 1217 1935 1266; x_wconf 87' lang='lat' dir='ltr'>ne,</span> <span class='ocrx_word' id='word_1_507' title='bbox 1948 1205 1986 1253; x_wconf 87' lang='lat' dir='ltr'>si</span> <span class='ocrx_word' id='word_1_508' title='bbox 2002 1205 2117 1255; x_wconf 86' lang='lat' dir='ltr'><strong>istos</strong></span> <span class='ocrx_word' id='word_1_509' title='bbox 2132 1205 2354 1269; x_wconf 85' lang='lat' dir='ltr'><strong>audiatis,</strong></span> <span class='ocrx_word' id='word_1_510' title='bbox 2372 1206 2655 1270; x_wconf 79' lang='lat' dir='ltr'><strong>absolvatis;</strong></span> <span class='ocrx_word' id='word_1_511' title='bbox 2674 1221 2841 1259; x_wconf 81' lang='lat' dir='ltr'><strong>verum</strong></span> <span class='ocrx_word' id='word_1_512' title='bbox 2860 1210 3030 1272; x_wconf 85' lang='lat' dir='ltr'>opinor</span> <span class='ocrx_word' id='word_1_513' title='bbox 3044 1212 3167 1274; x_wconf 89' lang='lat' dir='ltr'><strong>ipsos</strong></span> <span class='ocrx_word' id='word_1_514' title='bbox 3184 1226 3283 1263; x_wconf 88' lang='lat' dir='ltr'>non</span> 
     </span>
    </p>
   </div>
   <div class='ocr_carea' id='block_1_6' title="bbox 1730 1300 3317 5314">
    <p class='ocr_par' dir='ltr' id='par_1_8' title="bbox 1730 1300 3313 4369">
     <span class='ocr_line' id='line_1_64' title="bbox 1730 1300 3281 1367; baseline 0.005 -16"><span class='ocrx_word' id='word_1_515' title='bbox 1730 1300 1845 1351; x_wconf 85' lang='lat' dir='ltr'><strong>satis</strong></span> <span class='ocrx_word' id='word_1_516' title='bbox 1858 1300 2011 1362; x_wconf 79' lang='lat' dir='ltr'><strong>iustas</strong></span> <span class='ocrx_word' id='word_1_517' title='bbox 2036 1314 2202 1364; x_wconf 86' lang='lat' dir='ltr'><strong>poenas</strong></span> <span class='ocrx_word' id='word_1_518' title='bbox 2217 1302 2487 1367; x_wconf 86' lang='lat' dir='ltr'><strong>subituros,</strong></span> <span class='ocrx_word' id='word_1_519' title='bbox 2514 1304 2555 1354; x_wconf 87' lang='lat' dir='ltr'>si</span> <span class='ocrx_word' id='word_1_520' title='bbox 2576 1303 2704 1354; x_wconf 88' lang='lat' dir='ltr'><strong>dieta</strong></span> <span class='ocrx_word' id='word_1_521' title='bbox 2732 1319 2876 1356; x_wconf 88' lang='lat' dir='ltr'><strong>causa</strong></span> <span class='ocrx_word' id='word_1_522' title='bbox 2898 1308 3281 1359; x_wconf 79' lang='lat' dir='ltr'><strong>condemnaveri-</strong></span> 
     </span>
     <span class='ocr_line' id='line_1_65' title="bbox 1731 1394 3285 1467; baseline 0.005 -24"><span class='ocrx_word' id='word_1_523' title='bbox 1731 1394 1806 1444; x_wconf 83' lang='lat' dir='ltr'><strong>tis.</strong></span> <span class='ocrx_word' id='word_1_524' title='bbox 1874 1396 2127 1453; x_wconf 87' lang='lat' dir='ltr'><strong>Quomodo</strong></span> <span class='ocrx_word' id='word_1_525' title='bbox 2144 1396 2271 1447; x_wconf 88' lang='lat' dir='ltr'><strong>enim</strong></span> <span class='ocrx_word' id='word_1_526' title='bbox 2285 1434 2301 1460; x_wconf 89' lang='lat'>‚</span> <span class='ocrx_word' id='word_1_527' title='bbox 2316 1397 2524 1461; x_wconf 84' lang='lat' dir='ltr'><strong>judices,</strong></span> <span class='ocrx_word' id='word_1_528' title='bbox 2548 1412 2645 1448; x_wconf 90' lang='lat' dir='ltr'>non</span> <span class='ocrx_word' id='word_1_529' title='bbox 2660 1400 2787 1462; x_wconf 73' lang='lat' dir='ltr'><strong>iuste</strong></span> <span class='ocrx_word' id='word_1_530' title='bbox 2808 1403 3091 1464; x_wconf 81' lang='lat' dir='ltr'><strong>punirentur</strong></span> <span class='ocrx_word' id='word_1_531' title='bbox 3108 1404 3285 1467; x_wconf 81' lang='lat' dir='ltr'><strong>quibus</strong></span> 
     </span>
     <span class='ocr_line' id='line_1_66' title="bbox 1731 1492 3285 1561; baseline 0.003 -20"><span class='ocrx_word' id='word_1_532' title='bbox 1731 1506 1828 1541; x_wconf 92' lang='lat' dir='ltr'>non</span> <span class='ocrx_word' id='word_1_533' title='bbox 1847 1492 1974 1542; x_wconf 91' lang='lat' dir='ltr'><strong>idem</strong></span> <span class='ocrx_word' id='word_1_534' title='bbox 1992 1492 2125 1555; x_wconf 89' lang='lat' dir='ltr'><strong>quod</strong></span> <span class='ocrx_word' id='word_1_535' title='bbox 2142 1492 2279 1542; x_wconf 82' lang='lat' dir='ltr'><strong>vobis</strong></span> <span class='ocrx_word' id='word_1_536' title='bbox 2296 1493 2521 1555; x_wconf 82' lang='lat' dir='ltr'><strong>expedit?</strong></span> <span class='ocrx_word' id='word_1_537' title='bbox 2536 1495 2618 1545; x_wconf 82' lang='lat' dir='ltr'><strong>isti</strong></span> <span class='ocrx_word' id='word_1_538' title='bbox 2637 1496 2813 1559; x_wconf 84' lang='lat' dir='ltr'><strong>quippe</strong></span> <span class='ocrx_word' id='word_1_539' title='bbox 2830 1498 2879 1547; x_wconf 90' lang='lat' dir='ltr'>in</span> <span class='ocrx_word' id='word_1_540' title='bbox 2897 1497 3025 1547; x_wconf 86' lang='lat' dir='ltr'><strong>bello</strong></span> <span class='ocrx_word' id='word_1_541' title='bbox 3043 1511 3102 1549; x_wconf 85' lang='lat' dir='ltr'>ex</span> <span class='ocrx_word' id='word_1_542' title='bbox 3127 1502 3285 1561; x_wconf 76' lang='lat' dir='ltr'><strong>egenis</strong></span> 
     </span>
     <span class='ocr_line' id='line_1_67' title="bbox 1731 1586 3285 1657; baseline 0.005 -21"><span class='ocrx_word' id='word_1_543' title='bbox 1731 1586 1904 1637; x_wconf 84' lang='lat' dir='ltr'><strong>divites</strong></span> <span class='ocrx_word' id='word_1_544' title='bbox 1925 1590 2039 1637; x_wconf 87' lang='lat' dir='ltr'><strong>sunt</strong></span> <span class='ocrx_word' id='word_1_545' title='bbox 2061 1588 2175 1637; x_wconf 75' lang='lat' dir='ltr'><strong>tacti</strong></span> <span class='ocrx_word' id='word_1_546' title='bbox 2200 1601 2263 1637; x_wconf 82' lang='lat' dir='ltr'>ex</span> <span class='ocrx_word' id='word_1_547' title='bbox 2292 1588 2463 1638; x_wconf 81' lang='lat' dir='ltr'><strong>vestris</strong></span> <span class='ocrx_word' id='word_1_548' title='bbox 2490 1587 2748 1650; x_wconf 78' lang='lat' dir='ltr'><strong>reditibus3</strong></span> <span class='ocrx_word' id='word_1_549' title='bbox 2784 1603 2871 1639; x_wconf 81' lang='lat' dir='ltr'>vos</span> <span class='ocrx_word' id='word_1_550' title='bbox 2892 1594 3054 1640; x_wconf 87' lang='lat' dir='ltr'><strong>autem</strong></span> <span class='ocrx_word' id='word_1_551' title='bbox 3090 1596 3285 1657; x_wconf 88' lang='lat' dir='ltr'><strong>propter</strong></span> 
     </span>
     <span class='ocr_line' id='line_1_68' title="bbox 1731 1680 3287 1750; baseline 0.003 -19"><span class='ocrx_word' id='word_1_552' title='bbox 1731 1680 1872 1744; x_wconf 88' lang='lat' dir='ltr'><strong>istos,</strong></span> <span class='ocrx_word' id='word_1_553' title='bbox 1899 1680 2049 1745; x_wconf 82' lang='lat' dir='ltr'><strong>egeni.</strong></span> <span class='ocrx_word' id='word_1_554' title='bbox 2114 1680 2212 1743; x_wconf 85' lang='grc'>(10)</span> <span class='ocrx_word' id='word_1_555' title='bbox 2237 1682 2297 1731; x_wconf 75' lang='lat' dir='ltr'>At</span> <span class='ocrx_word' id='word_1_556' title='bbox 2320 1680 2450 1731; x_wconf 85' lang='lat' dir='ltr'><strong>enim</strong></span> <span class='ocrx_word' id='word_1_557' title='bbox 2471 1694 2569 1731; x_wconf 85' lang='lat' dir='ltr'>non</span> <span class='ocrx_word' id='word_1_558' title='bbox 2588 1682 2681 1732; x_wconf 86' lang='lat' dir='ltr'><strong>hoc</strong></span> <span class='ocrx_word' id='word_1_559' title='bbox 2702 1684 2773 1733; x_wconf 66' lang='lat' dir='ltr'>est</span> <span class='ocrx_word' id='word_1_560' title='bbox 2798 1682 3089 1745; x_wconf 82' lang='lat' dir='ltr'><strong>optimorum</strong></span> <span class='ocrx_word' id='word_1_561' title='bbox 3122 1688 3287 1750; x_wconf 87' lang='lat' dir='ltr'><strong>populi</strong></span> 
     </span>
     <span class='ocr_line' id='line_1_69' title="bbox 1732 1774 3284 1841; baseline 0.004 -17"><span class='ocrx_word' id='word_1_562' title='bbox 1732 1775 1942 1835; x_wconf 83' lang='lat' dir='ltr'><strong>ducum,</strong></span> <span class='ocrx_word' id='word_1_563' title='bbox 1968 1776 2017 1825; x_wconf 90' lang='lat' dir='ltr'>in</span> <span class='ocrx_word' id='word_1_564' title='bbox 2052 1774 2223 1825; x_wconf 81' lang='lat' dir='ltr'><strong>vestris</strong></span> <span class='ocrx_word' id='word_1_565' title='bbox 2250 1774 2603 1825; x_wconf 73' lang='lat' dir='ltr'><strong>calamitatibus</strong></span> <span class='ocrx_word' id='word_1_566' title='bbox 2631 1778 2791 1825; x_wconf 78' lang='lat' dir='ltr'><strong>vestra</strong></span> <span class='ocrx_word' id='word_1_567' title='bbox 2820 1778 3081 1841; x_wconf 81' lang='lat' dir='ltr'><strong>surripere,</strong></span> <span class='ocrx_word' id='word_1_568' title='bbox 3113 1792 3284 1830; x_wconf 78' lang='lat' dir='ltr'><strong>verum</strong></span> 
     </span>
     <span class='ocr_line' id='line_1_70' title="bbox 1735 1866 3289 1931; baseline 0.001 -13"><span class='ocrx_word' id='word_1_569' title='bbox 1735 1882 1824 1918; x_wconf 89' lang='lat' dir='ltr'>sua</span> <span class='ocrx_word' id='word_1_570' title='bbox 1841 1867 1977 1917; x_wconf 78' lang='lat' dir='ltr'><strong>vobis</strong></span> <span class='ocrx_word' id='word_1_571' title='bbox 1998 1866 2255 1929; x_wconf 88' lang='lat' dir='ltr'><strong>impertire.</strong></span> <span class='ocrx_word' id='word_1_572' title='bbox 2280 1868 2451 1929; x_wconf 86' lang='lat' dir='ltr'><strong>Itaque</strong></span> <span class='ocrx_word' id='word_1_573' title='bbox 2474 1867 2525 1915; x_wconf 87' lang='lat' dir='ltr'>in</span> <span class='ocrx_word' id='word_1_574' title='bbox 2550 1867 2599 1916; x_wconf 89' lang='lat' dir='ltr'>id</span> <span class='ocrx_word' id='word_1_575' title='bbox 2624 1866 2907 1930; x_wconf 86' lang='lat' dir='ltr'><strong>recidimus,</strong></span> <span class='ocrx_word' id='word_1_576' title='bbox 2932 1868 3087 1931; x_wconf 86' lang='lat' dir='ltr'><strong>utqui</strong></span> <span class='ocrx_word' id='word_1_577' title='bbox 3106 1868 3219 1919; x_wconf 89' lang='lat' dir='ltr'><strong>olim</strong></span> <span class='ocrx_word' id='word_1_578' title='bbox 3240 1870 3289 1919; x_wconf 90' lang='lat' dir='ltr'>in</span> 
     </span>
     <span class='ocr_line' id='line_1_71' title="bbox 1732 1961 3289 2028; baseline -0.001 -14"><span class='ocrx_word' id='word_1_579' title='bbox 1732 1976 1852 2028; x_wconf 83' lang='lat' dir='ltr'><strong>pace</strong></span> <span class='ocrx_word' id='word_1_580' title='bbox 1875 1975 1929 2013; x_wconf 86' lang='lat' dir='ltr'>se</span> <span class='ocrx_word' id='word_1_581' title='bbox 1942 1963 2071 2025; x_wconf 82' lang='lat' dir='ltr'><strong>ipsos</strong></span> <span class='ocrx_word' id='word_1_582' title='bbox 2088 1962 2219 2013; x_wconf 87' lang='lat' dir='ltr'><strong>alere</strong></span> <span class='ocrx_word' id='word_1_583' title='bbox 2235 1963 2584 2024; x_wconf 79' lang='lat' dir='ltr'><strong>nequiverunt,</strong></span> <span class='ocrx_word' id='word_1_584' title='bbox 2605 1974 2736 2011; x_wconf 86' lang='lat' dir='ltr'><strong>nunc</strong></span> <span class='ocrx_word' id='word_1_585' title='bbox 2756 1961 2937 2013; x_wconf 86' lang='lat' dir='ltr'><strong>tributa</strong></span> <span class='ocrx_word' id='word_1_586' title='bbox 2956 1962 3093 2013; x_wconf 78' lang='lat' dir='ltr'><strong>vobis</strong></span> <span class='ocrx_word' id='word_1_587' title='bbox 3108 1963 3289 2026; x_wconf 84' lang='lat' dir='ltr'><strong>persol-</strong></span> 
     </span>
     <span class='ocr_line' id='line_1_72' title="bbox 1737 2055 3291 2123; baseline -0.001 -15"><span class='ocrx_word' id='word_1_588' title='bbox 1737 2059 1878 2120; x_wconf 82' lang='lat' dir='ltr'><strong>vant,</strong></span> <span class='ocrx_word' id='word_1_589' title='bbox 1897 2058 2141 2118; x_wconf 75' lang='lat' dir='ltr'><strong>eboregias</strong></span> <span class='ocrx_word' id='word_1_590' title='bbox 2166 2057 2448 2117; x_wconf 75' lang='lat' dir='ltr'><strong>exerceant,</strong></span> <span class='ocrx_word' id='word_1_591' title='bbox 2466 2056 2648 2120; x_wconf 82' lang='lat' dir='ltr'><strong>amplas</strong></span> <span class='ocrx_word' id='word_1_592' title='bbox 2663 2055 2834 2107; x_wconf 84' lang='lat' dir='ltr'><strong>domos</strong></span> <span class='ocrx_word' id='word_1_593' title='bbox 2857 2056 3143 2118; x_wconf 75' lang='lat' dir='ltr'><strong>possideant.</strong></span> <span class='ocrx_word' id='word_1_594' title='bbox 3192 2058 3291 2123; x_wconf 92' lang='grc'>(11)</span> 
     </span>
     <span class='ocr_line' id='line_1_73' title="bbox 1739 2150 3292 2214; baseline -0.001 -11"><span class='ocrx_word' id='word_1_595' title='bbox 1739 2154 1964 2203; x_wconf 79' lang='lat' dir='ltr'><strong>Attamen</strong></span> <span class='ocrx_word' id='word_1_596' title='bbox 1982 2153 2087 2201; x_wconf 86' lang='lat' dir='ltr'><strong>crat</strong></span> <span class='ocrx_word' id='word_1_597' title='bbox 2108 2151 2191 2201; x_wconf 87' lang='lat' dir='ltr'>ubi</span> <span class='ocrx_word' id='word_1_598' title='bbox 2219 2150 2493 2201; x_wconf 77' lang='lat' dir='ltr'><strong>invideretis</strong></span> <span class='ocrx_word' id='word_1_599' title='bbox 2510 2150 2580 2200; x_wconf 85' lang='lat' dir='ltr'>eis</span> <span class='ocrx_word' id='word_1_600' title='bbox 2598 2164 2627 2200; x_wconf 88' lang='lat' dir='ltr'>e</span> <span class='ocrx_word' id='word_1_601' title='bbox 2643 2152 2803 2200; x_wconf 68' lang='lat' dir='ltr'><strong>vestro</strong></span> <span class='ocrx_word' id='word_1_602' title='bbox 2820 2164 3022 2201; x_wconf 89' lang='lat' dir='ltr'><strong>numero</strong></span> <span class='ocrx_word' id='word_1_603' title='bbox 3044 2152 3128 2214; x_wconf 89' lang='lat' dir='ltr'>qui</span> <span class='ocrx_word' id='word_1_604' title='bbox 3154 2150 3292 2202; x_wconf 87' lang='lat' dir='ltr'><strong>bonis</strong></span> 
     </span>
     <span class='ocr_line' id='line_1_74' title="bbox 1739 2244 3289 2309; baseline 0 -14"><span class='ocrx_word' id='word_1_605' title='bbox 1739 2245 1901 2309; x_wconf 86' lang='lat' dir='ltr'><strong>patriis</strong></span> <span class='ocrx_word' id='word_1_606' title='bbox 1918 2246 2128 2296; x_wconf 78' lang='lat' dir='ltr'><strong>fruentes</strong></span> <span class='ocrx_word' id='word_1_607' title='bbox 2152 2245 2220 2295; x_wconf 82' lang='lat' dir='ltr'>ita</span> <span class='ocrx_word' id='word_1_608' title='bbox 2242 2247 2461 2307; x_wconf 75' lang='lat' dir='ltr'><strong>agerent3</strong></span> <span class='ocrx_word' id='word_1_609' title='bbox 2486 2256 2615 2293; x_wconf 86' lang='lat' dir='ltr'><strong>nunc</strong></span> <span class='ocrx_word' id='word_1_610' title='bbox 2637 2244 2707 2293; x_wconf 80' lang='lat' dir='ltr'>ita</span> <span class='ocrx_word' id='word_1_611' title='bbox 2733 2245 3008 2307; x_wconf 83' lang='lat' dir='ltr'><strong>comparata</strong></span> <span class='ocrx_word' id='word_1_612' title='bbox 3026 2246 3099 2294; x_wconf 74' lang='lat' dir='ltr'>ost</span> <span class='ocrx_word' id='word_1_613' title='bbox 3121 2258 3289 2308; x_wconf 81' lang='lat' dir='ltr'><strong>respu-</strong></span> 
     </span>
     <span class='ocr_line' id='line_1_75' title="bbox 1737 2338 3293 2403; baseline -0.001 -13"><span class='ocrx_word' id='word_1_614' title='bbox 1737 2340 1860 2391; x_wconf 74' lang='lat' dir='ltr'><strong>blioe</strong></span> <span class='ocrx_word' id='word_1_615' title='bbox 1874 2378 1889 2403; x_wconf 95' lang='lat'><strong>,</strong></span> <span class='ocrx_word' id='word_1_616' title='bbox 1907 2342 1967 2390; x_wconf 87' lang='lat' dir='ltr'>ut</span> <span class='ocrx_word' id='word_1_617' title='bbox 1994 2354 2092 2390; x_wconf 91' lang='lat' dir='ltr'>non</span> <span class='ocrx_word' id='word_1_618' title='bbox 2114 2339 2318 2401; x_wconf 88' lang='lat' dir='ltr'><strong>amplius</strong></span> <span class='ocrx_word' id='word_1_619' title='bbox 2346 2339 2411 2389; x_wconf 90' lang='lat' dir='ltr'>ob</span> <span class='ocrx_word' id='word_1_620' title='bbox 2440 2352 2497 2389; x_wconf 87' lang='lat' dir='ltr'>ea</span> <span class='ocrx_word' id='word_1_621' title='bbox 2518 2352 2629 2403; x_wconf 74' lang='lat' dir='ltr'><strong>quae</strong></span> <span class='ocrx_word' id='word_1_622' title='bbox 2651 2338 2729 2389; x_wconf 86' lang='lat' dir='ltr'><strong>isti</strong></span> <span class='ocrx_word' id='word_1_623' title='bbox 2754 2340 2979 2389; x_wconf 78' lang='lat' dir='ltr'><strong>auferunt</strong></span> <span class='ocrx_word' id='word_1_624' title='bbox 3012 2352 3293 2389; x_wconf 82' lang='lat' dir='ltr'><strong>succensea-</strong></span> 
     </span>
     <span class='ocr_line' id='line_1_76' title="bbox 1737 2432 3291 2497; baseline -0.001 -12"><span class='ocrx_word' id='word_1_625' title='bbox 1737 2436 1826 2497; x_wconf 86' lang='lat' dir='ltr'><strong>tis,</strong></span> <span class='ocrx_word' id='word_1_626' title='bbox 1846 2434 1931 2485; x_wconf 86' lang='lat' dir='ltr'>sed</span> <span class='ocrx_word' id='word_1_627' title='bbox 1948 2448 2114 2484; x_wconf 89' lang='lat' dir='ltr'><strong>eorum</strong></span> <span class='ocrx_word' id='word_1_628' title='bbox 2132 2446 2243 2497; x_wconf 72' lang='lat' dir='ltr'><strong>quaa</strong></span> <span class='ocrx_word' id='word_1_629' title='bbox 2264 2446 2352 2483; x_wconf 81' lang='lat' dir='ltr'>vos</span> <span class='ocrx_word' id='word_1_630' title='bbox 2367 2434 2429 2483; x_wconf 90' lang='lat' dir='ltr'>ab</span> <span class='ocrx_word' id='word_1_631' title='bbox 2448 2434 2557 2497; x_wconf 80' lang='lat' dir='ltr'><strong>ipsis</strong></span> <span class='ocrx_word' id='word_1_632' title='bbox 2590 2433 2805 2496; x_wconf 83' lang='lat' dir='ltr'><strong>accipitis</strong></span> <span class='ocrx_word' id='word_1_633' title='bbox 2825 2434 3027 2496; x_wconf 79' lang='lat' dir='ltr'><strong>gratiam</strong></span> <span class='ocrx_word' id='word_1_634' title='bbox 3052 2432 3291 2496; x_wconf 83' lang='lat' dir='ltr'><strong>habeatis,</strong></span> 
     </span>
     <span class='ocr_line' id='line_1_77' title="bbox 1737 2506 3292 2594; baseline -0.002 -15"><span class='ocrx_word' id='word_1_635' title='bbox 1737 2530 1876 2594; x_wconf 84' lang='lat' dir='ltr'><strong>quasi</strong></span> <span class='ocrx_word' id='word_1_636' title='bbox 1915 2541 2005 2580; x_wconf 88' lang='lat' dir='ltr'>sua</span> <span class='ocrx_word' id='word_1_637' title='bbox 2036 2528 2173 2578; x_wconf 79' lang='lat' dir='ltr'><strong>vobis</strong></span> <span class='ocrx_word' id='word_1_638' title='bbox 2217 2526 2499 2590; x_wconf 78' lang='lat' dir='ltr'><strong>largiantur,</strong></span> <span class='ocrx_word' id='word_1_639' title='bbox 2538 2506 2637 2577; x_wconf 84' lang='lat' dir='ltr'>non</span> <span class='ocrx_word' id='word_1_640' title='bbox 2668 2528 2829 2578; x_wconf 81' lang='lat' dir='ltr'><strong>vestra</strong></span> <span class='ocrx_word' id='word_1_641' title='bbox 2872 2528 3111 2577; x_wconf 76' lang='lat' dir='ltr'><strong>furentur.</strong></span> <span class='ocrx_word' id='word_1_642' title='bbox 3194 2525 3292 2589; x_wconf 78' lang='lat'>(12)</span> 
     </span>
     <span class='ocr_line' id='line_1_78' title="bbox 1739 2617 3297 2682; baseline -0.003 -8"><span class='ocrx_word' id='word_1_643' title='bbox 1739 2622 1882 2682; x_wconf 85' lang='lat' dir='ltr'><strong>Quod</strong></span> <span class='ocrx_word' id='word_1_644' title='bbox 1903 2624 1975 2673; x_wconf 82' lang='lat' dir='ltr'>est</span> <span class='ocrx_word' id='word_1_645' title='bbox 1992 2624 2154 2671; x_wconf 87' lang='lat' dir='ltr'><strong>autem</strong></span> <span class='ocrx_word' id='word_1_646' title='bbox 2177 2620 2396 2671; x_wconf 86' lang='lat' dir='ltr'><strong>omnium</strong></span> <span class='ocrx_word' id='word_1_647' title='bbox 2412 2618 2625 2669; x_wconf 83' lang='lat' dir='ltr'><strong>maxime</strong></span> <span class='ocrx_word' id='word_1_648' title='bbox 2640 2618 2961 2682; x_wconf 84' lang='lat' dir='ltr'><strong>prodigiosum</strong></span> <span class='ocrx_word' id='word_1_649' title='bbox 2976 2655 2991 2680; x_wconf 93' lang='lat'><strong>,</strong></span> <span class='ocrx_word' id='word_1_650' title='bbox 3020 2617 3073 2667; x_wconf 85' lang='lat' dir='ltr'>in</span> <span class='ocrx_word' id='word_1_651' title='bbox 3097 2618 3297 2681; x_wconf 79' lang='lat' dir='ltr'><strong>privatis</strong></span> 
     </span>
     <span class='ocr_line' id='line_1_79' title="bbox 1739 2709 3297 2778; baseline -0.004 -15"><span class='ocrx_word' id='word_1_652' title='bbox 1739 2714 1935 2778; x_wconf 87' lang='lat' dir='ltr'><strong>quidem</strong></span> <span class='ocrx_word' id='word_1_653' title='bbox 1954 2714 2123 2775; x_wconf 88' lang='lat' dir='ltr'><strong>rebus,</strong></span> <span class='ocrx_word' id='word_1_654' title='bbox 2156 2713 2190 2762; x_wconf 89' lang='lat' dir='ltr'>ii</span> <span class='ocrx_word' id='word_1_655' title='bbox 2212 2712 2297 2776; x_wconf 87' lang='lat' dir='ltr'>qui</span> <span class='ocrx_word' id='word_1_656' title='bbox 2320 2711 2566 2762; x_wconf 68' lang='lat' dir='ltr'><strong>laeduntur</strong></span> <span class='ocrx_word' id='word_1_657' title='bbox 2586 2710 2648 2761; x_wconf 88' lang='lat' dir='ltr'>ad</span> <span class='ocrx_word' id='word_1_658' title='bbox 2678 2710 2907 2761; x_wconf 85' lang='lat' dir='ltr'><strong>lacrimas</strong></span> <span class='ocrx_word' id='word_1_659' title='bbox 2932 2709 3215 2772; x_wconf 70' lang='lat' dir='ltr'><strong>confugiunt</strong></span> <span class='ocrx_word' id='word_1_660' title='bbox 3246 2710 3297 2759; x_wconf 87' lang='lat' dir='ltr'>et</span> 
     </span>
     <span class='ocr_line' id='line_1_80' title="bbox 1741 2794 3299 2865; baseline -0.006 -12"><span class='ocrx_word' id='word_1_661' title='bbox 1741 2804 2115 2855; x_wconf 85' lang='lat' dir='ltr'><strong>misericordiam</strong></span> <span class='ocrx_word' id='word_1_662' title='bbox 2134 2803 2354 2865; x_wconf 84' lang='lat' dir='ltr'><strong>captant;</strong></span> <span class='ocrx_word' id='word_1_663' title='bbox 2375 2800 2426 2849; x_wconf 88' lang='lat' dir='ltr'>in</span> <span class='ocrx_word' id='word_1_664' title='bbox 2448 2798 2652 2862; x_wconf 87' lang='lat' dir='ltr'><strong>publicis</strong></span> <span class='ocrx_word' id='word_1_665' title='bbox 2668 2811 2785 2847; x_wconf 77' lang='lat' dir='ltr'><strong>vero</strong></span> <span class='ocrx_word' id='word_1_666' title='bbox 2796 2832 2813 2859; x_wconf 90' lang='lat'><strong>,</strong></span> <span class='ocrx_word' id='word_1_667' title='bbox 2828 2796 2861 2845; x_wconf 87' lang='lat' dir='ltr'>ii</span> <span class='ocrx_word' id='word_1_668' title='bbox 2877 2796 2991 2846; x_wconf 89' lang='lat' dir='ltr'><strong>sunt</strong></span> <span class='ocrx_word' id='word_1_669' title='bbox 3006 2794 3299 2845; x_wconf 81' lang='lat' dir='ltr'><strong>miserabiles</strong></span> 
     </span>
     <span class='ocr_line' id='line_1_81' title="bbox 1739 2888 3295 2962; baseline -0.006 -13"><span class='ocrx_word' id='word_1_670' title='bbox 1739 2900 1824 2962; x_wconf 86' lang='lat' dir='ltr'>qui</span> <span class='ocrx_word' id='word_1_671' title='bbox 1842 2898 2065 2960; x_wconf 80' lang='lat' dir='ltr'><strong>iniuriam</strong></span> <span class='ocrx_word' id='word_1_672' title='bbox 2088 2898 2329 2959; x_wconf 78' lang='lat' dir='ltr'><strong>fecerunt,</strong></span> <span class='ocrx_word' id='word_1_673' title='bbox 2358 2898 2407 2945; x_wconf 89' lang='lat' dir='ltr'>et</span> <span class='ocrx_word' id='word_1_674' title='bbox 2432 2908 2520 2943; x_wconf 77' lang='lat' dir='ltr'>vos</span> <span class='ocrx_word' id='word_1_675' title='bbox 2537 2894 2619 2956; x_wconf 90' lang='lat' dir='ltr'>qui</span> <span class='ocrx_word' id='word_1_676' title='bbox 2642 2890 2917 2955; x_wconf 84' lang='lat' dir='ltr'><strong>accepistis,</strong></span> <span class='ocrx_word' id='word_1_677' title='bbox 2950 2888 3295 2940; x_wconf 72' lang='lat' dir='ltr'><strong>misericordes.</strong></span> 
     </span>
     <span class='ocr_line' id='line_1_82' title="bbox 1740 2982 3295 3053; baseline -0.008 -11"><span class='ocrx_word' id='word_1_678' title='bbox 1740 2993 1805 3042; x_wconf 83' lang='lat' dir='ltr'>Et</span> <span class='ocrx_word' id='word_1_679' title='bbox 1829 3004 1963 3041; x_wconf 86' lang='lat' dir='ltr'><strong>nunc</strong></span> <span class='ocrx_word' id='word_1_680' title='bbox 1978 2990 2178 3041; x_wconf 78' lang='lat' dir='ltr'><strong>fortasse</strong></span> <span class='ocrx_word' id='word_1_681' title='bbox 2194 2990 2321 3039; x_wconf 91' lang='lat' dir='ltr'><strong>idem</strong></span> <span class='ocrx_word' id='word_1_682' title='bbox 2345 2987 2521 3037; x_wconf 76' lang='lat' dir='ltr'><strong>sacient</strong></span> <span class='ocrx_word' id='word_1_683' title='bbox 2542 2983 2674 3048; x_wconf 90' lang='lat' dir='ltr'><strong>quod</strong></span> <span class='ocrx_word' id='word_1_684' title='bbox 2695 2984 2745 3033; x_wconf 89' lang='lat' dir='ltr'>et</span> <span class='ocrx_word' id='word_1_685' title='bbox 2767 2983 2899 3053; x_wconf 82' lang='lat' dir='ltr'><strong>prius</strong></span> <span class='ocrx_word' id='word_1_686' title='bbox 2917 2982 3073 3031; x_wconf 74' lang='lat' dir='ltr'><strong>faeere</strong></span> <span class='ocrx_word' id='word_1_687' title='bbox 3094 2994 3295 3031; x_wconf 89' lang='lat' dir='ltr'><strong>consue·</strong></span> 
     </span>
     <span class='ocr_line' id='line_1_83' title="bbox 1742 3076 3301 3142; baseline -0.009 -4"><span class='ocrx_word' id='word_1_688' title='bbox 1742 3088 1920 3139; x_wconf 81' lang='lat' dir='ltr'><strong>verunt</strong></span> <span class='ocrx_word' id='word_1_689' title='bbox 1941 3086 2149 3136; x_wconf 80' lang='lat' dir='ltr'><strong>demotae</strong></span> <span class='ocrx_word' id='word_1_690' title='bbox 2174 3086 2225 3134; x_wconf 85' lang='lat' dir='ltr'>et</span> <span class='ocrx_word' id='word_1_691' title='bbox 2258 3082 2428 3142; x_wconf 85' lang='lat' dir='ltr'><strong>amici,</strong></span> <span class='ocrx_word' id='word_1_692' title='bbox 2462 3082 2515 3130; x_wconf 91' lang='lat' dir='ltr'>ut</span> <span class='ocrx_word' id='word_1_693' title='bbox 2537 3079 2634 3129; x_wconf 86' lang='lat' dir='ltr'><strong>suis</strong></span> <span class='ocrx_word' id='word_1_694' title='bbox 2658 3076 2870 3127; x_wconf 82' lang='lat' dir='ltr'><strong>lacrimis</strong></span> <span class='ocrx_word' id='word_1_695' title='bbox 2891 3076 3097 3127; x_wconf 78' lang='lat' dir='ltr'><strong>vestram</strong></span> <span class='ocrx_word' id='word_1_696' title='bbox 3115 3076 3301 3129; x_wconf 87' lang='lat' dir='ltr'><strong>iracun-</strong></span> 
     </span>
     <span class='ocr_line' id='line_1_84' title="bbox 1743 3168 3299 3243; baseline -0.01 -12"><span class='ocrx_word' id='word_1_697' title='bbox 1743 3181 1871 3231; x_wconf 88' lang='lat' dir='ltr'><strong>diam</strong></span> <span class='ocrx_word' id='word_1_698' title='bbox 1897 3180 2225 3243; x_wconf 84' lang='lat' dir='ltr'><strong>deprecentur.</strong></span> <span class='ocrx_word' id='word_1_699' title='bbox 2261 3175 2360 3239; x_wconf 77' lang='grc'>(13)</span> <span class='ocrx_word' id='word_1_700' title='bbox 2377 3178 2479 3237; x_wconf 81' lang='lat' dir='ltr'>Ego</span> <span class='ocrx_word' id='word_1_701' title='bbox 2492 3174 2657 3223; x_wconf 87' lang='lat' dir='ltr'><strong>autem</strong></span> <span class='ocrx_word' id='word_1_702' title='bbox 2683 3171 2750 3220; x_wconf 85' lang='lat' dir='ltr'>ita</span> <span class='ocrx_word' id='word_1_703' title='bbox 2767 3183 2820 3219; x_wconf 88' lang='lat' dir='ltr'>se</span> <span class='ocrx_word' id='word_1_704' title='bbox 2845 3182 2948 3219; x_wconf 88' lang='lat' dir='ltr'>rem</span> <span class='ocrx_word' id='word_1_705' title='bbox 2970 3168 3146 3218; x_wconf 84' lang='lat' dir='ltr'><strong>babere</strong></span> <span class='ocrx_word' id='word_1_706' title='bbox 3163 3180 3299 3230; x_wconf 87' lang='lat' dir='ltr'><strong>opor·</strong></span> 
     </span>
     <span class='ocr_line' id='line_1_85' title="bbox 1743 3262 3300 3338; baseline -0.012 -11"><span class='ocrx_word' id='word_1_707' title='bbox 1743 3278 1845 3327; x_wconf 88' lang='lat' dir='ltr'><strong>tere</strong></span> <span class='ocrx_word' id='word_1_708' title='bbox 1869 3276 2064 3338; x_wconf 81' lang='lat' dir='ltr'><strong>judico:</strong></span> <span class='ocrx_word' id='word_1_709' title='bbox 2094 3272 2134 3321; x_wconf 84' lang='lat' dir='ltr'>si</span> <span class='ocrx_word' id='word_1_710' title='bbox 2156 3284 2238 3321; x_wconf 82' lang='lat' dir='ltr'>eos</span> <span class='ocrx_word' id='word_1_711' title='bbox 2266 3268 2385 3319; x_wconf 84' lang='lat' dir='ltr'><strong>nihil</strong></span> <span class='ocrx_word' id='word_1_712' title='bbox 2403 3265 2671 3330; x_wconf 82' lang='lat' dir='ltr'><strong>quidquam</strong></span> <span class='ocrx_word' id='word_1_713' title='bbox 2688 3262 2806 3312; x_wconf 88' lang='lat' dir='ltr'><strong>mali</strong></span> <span class='ocrx_word' id='word_1_714' title='bbox 2832 3263 3129 3325; x_wconf 79' lang='lat' dir='ltr'><strong>perpetrasse</strong></span> <span class='ocrx_word' id='word_1_715' title='bbox 3154 3262 3300 3309; x_wconf 87' lang='lat' dir='ltr'><strong>autu-</strong></span> 
     </span>
     <span class='ocr_line' id='line_1_86' title="bbox 1744 3354 3303 3429; baseline -0.012 -9"><span class='ocrx_word' id='word_1_716' title='bbox 1744 3370 1906 3429; x_wconf 82' lang='lat' dir='ltr'><strong>ment,</strong></span> <span class='ocrx_word' id='word_1_717' title='bbox 1924 3370 2043 3417; x_wconf 85' lang='lat' dir='ltr'><strong>tunc</strong></span> <span class='ocrx_word' id='word_1_718' title='bbox 2063 3362 2496 3415; x_wconf 64' lang='lat' dir='ltr'><strong>commonstrantes</strong></span> <span class='ocrx_word' id='word_1_719' title='bbox 2514 3359 2631 3408; x_wconf 75' lang='lat' dir='ltr'><strong>falsa</strong></span> <span class='ocrx_word' id='word_1_720' title='bbox 2652 3369 2755 3407; x_wconf 88' lang='lat' dir='ltr'><strong>esse</strong></span> <span class='ocrx_word' id='word_1_721' title='bbox 2773 3368 2884 3418; x_wconf 78' lang='lat' dir='ltr'>quae</span> <span class='ocrx_word' id='word_1_722' title='bbox 2906 3354 3217 3417; x_wconf 83' lang='lat' dir='ltr'><strong>objiciuntur,</strong></span> <span class='ocrx_word' id='word_1_723' title='bbox 3236 3354 3303 3407; x_wconf 84' lang='lat' dir='ltr'>ita</span> 
     </span>
     <span class='ocr_line' id='line_1_87' title="bbox 1747 3446 3306 3512; baseline -0.01 0"><span class='ocrx_word' id='word_1_724' title='bbox 1747 3476 1834 3512; x_wconf 80' lang='lat' dir='ltr'>vos</span> <span class='ocrx_word' id='word_1_725' title='bbox 1854 3462 2047 3511; x_wconf 84' lang='lat' dir='ltr'><strong>flectere</strong></span> <span class='ocrx_word' id='word_1_726' title='bbox 2059 3458 2292 3507; x_wconf 87' lang='lat' dir='ltr'><strong>conentur</strong></span> <span class='ocrx_word' id='word_1_727' title='bbox 2308 3453 2373 3503; x_wconf 88' lang='lat' dir='ltr'>ad</span> <span class='ocrx_word' id='word_1_728' title='bbox 2388 3451 2737 3503; x_wconf 84' lang='lat' dir='ltr'><strong>absolutionem</strong></span> <span class='ocrx_word' id='word_1_729' title='bbox 2756 3468 2769 3499; x_wconf 72' lang='grc' dir='ltr'>ι</span> <span class='ocrx_word' id='word_1_730' title='bbox 2791 3448 2865 3498; x_wconf 85' lang='lat' dir='ltr'>sin</span> <span class='ocrx_word' id='word_1_731' title='bbox 2878 3446 3017 3497; x_wconf 82' lang='lat' dir='ltr'><strong>vobis</strong></span> <span class='ocrx_word' id='word_1_732' title='bbox 3036 3446 3306 3509; x_wconf 85' lang='lat' dir='ltr'><strong>supplicent</strong></span> 
     </span>
     <span class='ocr_line' id='line_1_88' title="bbox 1748 3534 3307 3613; baseline -0.013 -7"><span class='ocrx_word' id='word_1_733' title='bbox 1748 3556 1838 3606; x_wconf 89' lang='lat' dir='ltr'><strong>rati</strong></span> <span class='ocrx_word' id='word_1_734' title='bbox 1877 3568 1959 3604; x_wconf 83' lang='lat' dir='ltr'>eos</span> <span class='ocrx_word' id='word_1_735' title='bbox 1988 3550 2265 3613; x_wconf 79' lang='lat' dir='ltr'><strong>deliquisse,</strong></span> <span class='ocrx_word' id='word_1_736' title='bbox 2292 3545 2597 3597; x_wconf 78' lang='lat' dir='ltr'><strong>manifestum</strong></span> <span class='ocrx_word' id='word_1_737' title='bbox 2631 3544 2705 3593; x_wconf 71' lang='lat' dir='ltr'>est</span> <span class='ocrx_word' id='word_1_738' title='bbox 2738 3541 2864 3603; x_wconf 85' lang='lat' dir='ltr'><strong>ipsos</strong></span> <span class='ocrx_word' id='word_1_739' title='bbox 2897 3534 3307 3591; x_wconf 79' lang='lat' dir='ltr'><strong>benevolentiores</strong></span> 
     </span>
     <span class='ocr_line' id='line_1_89' title="bbox 1747 3634 3309 3711; baseline -0.013 -9"><span class='ocrx_word' id='word_1_740' title='bbox 1747 3666 1850 3704; x_wconf 80' lang='lat' dir='ltr'><strong>esse</strong></span> <span class='ocrx_word' id='word_1_741' title='bbox 1883 3648 2108 3711; x_wconf 85' lang='lat' dir='ltr'><strong>injuriam</strong></span> <span class='ocrx_word' id='word_1_742' title='bbox 2132 3642 2415 3696; x_wconf 74' lang='lat' dir='ltr'><strong>facientibus</strong></span> <span class='ocrx_word' id='word_1_743' title='bbox 2444 3653 2593 3704; x_wconf 89' lang='lat' dir='ltr'><strong>quam</strong></span> <span class='ocrx_word' id='word_1_744' title='bbox 2628 3636 2767 3687; x_wconf 82' lang='lat' dir='ltr'><strong>vobis</strong></span> <span class='ocrx_word' id='word_1_745' title='bbox 2792 3634 3084 3698; x_wconf 78' lang='lat' dir='ltr'><strong>patientibus</strong></span> <span class='ocrx_word' id='word_1_746' title='bbox 3119 3653 3133 3683; x_wconf 83' lang='grc' dir='ltr'>ι</span> <span class='ocrx_word' id='word_1_747' title='bbox 3161 3634 3231 3682; x_wconf 87' lang='lat' dir='ltr'>ita</span> <span class='ocrx_word' id='word_1_748' title='bbox 3252 3634 3309 3683; x_wconf 89' lang='lat' dir='ltr'>ut</span> 
     </span>
     <span class='ocr_line' id='line_1_90' title="bbox 1749 3727 3309 3806; baseline -0.012 -12"><span class='ocrx_word' id='word_1_749' title='bbox 1749 3757 1846 3795; x_wconf 88' lang='lat' dir='ltr'>non</span> <span class='ocrx_word' id='word_1_750' title='bbox 1863 3742 2065 3806; x_wconf 83' lang='lat' dir='ltr'><strong>gratiam</strong></span> <span class='ocrx_word' id='word_1_751' title='bbox 2078 3776 2093 3801; x_wconf 90' lang='lat'><strong><em>‚</em></strong></span> <span class='ocrx_word' id='word_1_752' title='bbox 2112 3736 2195 3787; x_wconf 83' lang='lat' dir='ltr'>sed</span> <span class='ocrx_word' id='word_1_753' title='bbox 2214 3747 2403 3799; x_wconf 90' lang='lat' dir='ltr'><strong>poenam</strong></span> <span class='ocrx_word' id='word_1_754' title='bbox 2416 3770 2432 3796; x_wconf 93' lang='lat'>‚</span> <span class='ocrx_word' id='word_1_755' title='bbox 2456 3730 2649 3796; x_wconf 82' lang='lat' dir='ltr'><strong>quando</strong></span> <span class='ocrx_word' id='word_1_756' title='bbox 2662 3744 2807 3793; x_wconf 84' lang='lat' dir='ltr'><strong>penes</strong></span> <span class='ocrx_word' id='word_1_757' title='bbox 2826 3742 2910 3779; x_wconf 80' lang='lat' dir='ltr'>vos</span> <span class='ocrx_word' id='word_1_758' title='bbox 2928 3728 3046 3791; x_wconf 87' lang='lat' dir='ltr'><strong>erit,</strong></span> <span class='ocrx_word' id='word_1_759' title='bbox 3064 3728 3195 3789; x_wconf 78' lang='lat' dir='ltr'><strong>digni</strong></span> <span class='ocrx_word' id='word_1_760' title='bbox 3210 3727 3309 3777; x_wconf 84' lang='lat' dir='ltr'><strong>sint</strong></span> 
     </span>
     <span class='ocr_line' id='line_1_91' title="bbox 1751 3824 3308 3899; baseline -0.013 -10"><span class='ocrx_word' id='word_1_761' title='bbox 1751 3836 1992 3899; x_wconf 87' lang='lat' dir='ltr'><strong>consequi.</strong></span> <span class='ocrx_word' id='word_1_762' title='bbox 2061 3834 2157 3895; x_wconf 73' lang='grc'>(14)</span> <span class='ocrx_word' id='word_1_763' title='bbox 2184 3830 2421 3881; x_wconf 81' lang='lat' dir='ltr'><strong>Proeterea</strong></span> <span class='ocrx_word' id='word_1_764' title='bbox 2443 3826 2636 3878; x_wconf 79' lang='lat' dir='ltr'><strong>eosdem</strong></span> <span class='ocrx_word' id='word_1_765' title='bbox 2658 3824 2932 3875; x_wconf 75' lang='lat' dir='ltr'><strong>existimare</strong></span> <span class='ocrx_word' id='word_1_766' title='bbox 2954 3824 3145 3885; x_wconf 83' lang='lat' dir='ltr'><strong>oportet</strong></span> <span class='ocrx_word' id='word_1_767' title='bbox 3160 3835 3308 3872; x_wconf 85' lang='lat' dir='ltr'><strong>accu-</strong></span> 
     </span>
     <span class='ocr_line' id='line_1_92' title="bbox 1751 3914 3309 3991; baseline -0.013 -8"><span class='ocrx_word' id='word_1_768' title='bbox 1751 3936 1931 3983; x_wconf 83' lang='lat' dir='ltr'><strong>satores</strong></span> <span class='ocrx_word' id='word_1_769' title='bbox 1964 3925 2223 3991; x_wconf 82' lang='lat' dir='ltr'><strong>impensius</strong></span> <span class='ocrx_word' id='word_1_770' title='bbox 2260 3920 2583 3973; x_wconf 84' lang='lat' dir='ltr'><strong>sollicitavisse</strong></span> <span class='ocrx_word' id='word_1_771' title='bbox 2596 3954 2611 3979; x_wconf 87' lang='lat'><strong>,</strong></span> <span class='ocrx_word' id='word_1_772' title='bbox 2646 3916 2903 3967; x_wconf 86' lang='lat' dir='ltr'><strong>arbitratos</strong></span> <span class='ocrx_word' id='word_1_773' title='bbox 2924 3915 3077 3964; x_wconf 89' lang='lat' dir='ltr'><strong>multo</strong></span> <span class='ocrx_word' id='word_1_774' title='bbox 3104 3914 3245 3963; x_wconf 87' lang='lat' dir='ltr'><strong>citius</strong></span> <span class='ocrx_word' id='word_1_775' title='bbox 3280 3928 3309 3962; x_wconf 91' lang='lat' dir='ltr'>a</span> 
     </span>
     <span class='ocr_line' id='line_1_93' title="bbox 1753 4010 3307 4089; baseline -0.014 -10"><span class='ocrx_word' id='word_1_776' title='bbox 1753 4028 1890 4079; x_wconf 89' lang='lat' dir='ltr'><strong>nobis</strong></span> <span class='ocrx_word' id='word_1_777' title='bbox 1915 4026 1999 4089; x_wconf 88' lang='lat' dir='ltr'>qui</span> <span class='ocrx_word' id='word_1_778' title='bbox 2021 4020 2162 4085; x_wconf 85' lang='lat' dir='ltr'><strong>pauci</strong></span> <span class='ocrx_word' id='word_1_779' title='bbox 2190 4030 2383 4078; x_wconf 88' lang='lat' dir='ltr'><strong>sumus,</strong></span> <span class='ocrx_word' id='word_1_780' title='bbox 2409 4014 2535 4063; x_wconf 86' lang='lat' dir='ltr'><strong>hanc</strong></span> <span class='ocrx_word' id='word_1_781' title='bbox 2564 4011 2765 4074; x_wconf 83' lang='lat' dir='ltr'><strong>gratiam</strong></span> <span class='ocrx_word' id='word_1_782' title='bbox 2793 4023 2844 4059; x_wconf 85' lang='lat' dir='ltr'>se</span> <span class='ocrx_word' id='word_1_783' title='bbox 2868 4022 3003 4072; x_wconf 87' lang='lat' dir='ltr'><strong>posse</strong></span> <span class='ocrx_word' id='word_1_784' title='bbox 3038 4010 3307 4071; x_wconf 87' lang='lat' dir='ltr'><strong>reportare,</strong></span> 
     </span>
     <span class='ocr_line' id='line_1_94' title="bbox 1752 4096 3309 4185; baseline -0.016 -15"><span class='ocrx_word' id='word_1_785' title='bbox 1752 4131 1899 4185; x_wconf 84' lang='lat' dir='ltr'><strong>quam</strong></span> <span class='ocrx_word' id='word_1_786' title='bbox 1924 4130 1955 4165; x_wconf 86' lang='lat' dir='ltr'>a</span> <span class='ocrx_word' id='word_1_787' title='bbox 1984 4113 2149 4173; x_wconf 79' lang='lat' dir='ltr'><strong>vobis;</strong></span> <span class='ocrx_word' id='word_1_788' title='bbox 2174 4112 2281 4159; x_wconf 90' lang='lat' dir='ltr'>tum</span> <span class='ocrx_word' id='word_1_789' title='bbox 2298 4108 2462 4156; x_wconf 88' lang='lat' dir='ltr'><strong>autem</strong></span> <span class='ocrx_word' id='word_1_790' title='bbox 2484 4103 2669 4153; x_wconf 77' lang='lat' dir='ltr'><strong>facilius</strong></span> <span class='ocrx_word' id='word_1_791' title='bbox 2687 4100 2805 4150; x_wconf 87' lang='lat' dir='ltr'><strong>alios</strong></span> <span class='ocrx_word' id='word_1_792' title='bbox 2822 4101 2982 4149; x_wconf 61' lang='lat' dir='ltr'><strong>vestra</strong></span> <span class='ocrx_word' id='word_1_793' title='bbox 3008 4096 3309 4148; x_wconf 87' lang='lat' dir='ltr'><strong>condonatu-</strong></span> 
     </span>
     <span class='ocr_line' id='line_1_95' title="bbox 1754 4192 3309 4273; baseline -0.019 -9"><span class='ocrx_word' id='word_1_794' title='bbox 1754 4226 1860 4272; x_wconf 86' lang='lat' dir='ltr'><strong>ros,</strong></span> <span class='ocrx_word' id='word_1_795' title='bbox 1893 4220 2038 4273; x_wconf 90' lang='lat' dir='ltr'><strong>quam</strong></span> <span class='ocrx_word' id='word_1_796' title='bbox 2066 4200 2397 4261; x_wconf 78' lang='lat' dir='ltr'><strong>vosmetipsos.</strong></span> <span class='ocrx_word' id='word_1_797' title='bbox 2464 4195 2562 4257; x_wconf 82' lang='grc'>(15)</span> <span class='ocrx_word' id='word_1_798' title='bbox 2594 4192 2845 4243; x_wconf 86' lang='lat' dir='ltr'><strong>Noluimus</strong></span> <span class='ocrx_word' id='word_1_799' title='bbox 2866 4202 2956 4239; x_wconf 85' lang='lat' dir='ltr'>nos</span> <span class='ocrx_word' id='word_1_800' title='bbox 2984 4202 3179 4239; x_wconf 86' lang='lat' dir='ltr'><strong>causam</strong></span> <span class='ocrx_word' id='word_1_801' title='bbox 3203 4202 3309 4253; x_wconf 86' lang='lat' dir='ltr'><strong>pro·</strong></span> 
     </span>
     <span class='ocr_line' id='line_1_96' title="bbox 1753 4284 3313 4369; baseline -0.015 -11"><span class='ocrx_word' id='word_1_802' title='bbox 1753 4310 1892 4369; x_wconf 80' lang='lat' dir='ltr'><strong>dere3</strong></span> <span class='ocrx_word' id='word_1_803' title='bbox 1913 4307 1964 4354; x_wconf 87' lang='lat' dir='ltr'>et</span> <span class='ocrx_word' id='word_1_804' title='bbox 1981 4314 2066 4351; x_wconf 86' lang='lat' dir='ltr'>vos</span> <span class='ocrx_word' id='word_1_805' title='bbox 2082 4308 2329 4362; x_wconf 82' lang='lat' dir='ltr'><strong>speramus</strong></span> <span class='ocrx_word' id='word_1_806' title='bbox 2340 4292 2470 4342; x_wconf 86' lang='lat' dir='ltr'><strong>idem</strong></span> <span class='ocrx_word' id='word_1_807' title='bbox 2486 4290 2703 4339; x_wconf 79' lang='lat' dir='ltr'><strong>facturos</strong></span> <span class='ocrx_word' id='word_1_808' title='bbox 2716 4300 2819 4337; x_wconf 65' lang='lat' dir='ltr'><strong>esse</strong></span> <span class='ocrx_word' id='word_1_809' title='bbox 2830 4322 2846 4348; x_wconf 89' lang='lat'><strong>,</strong></span> <span class='ocrx_word' id='word_1_810' title='bbox 2862 4284 3313 4347; x_wconf 85' lang='lat' dir='ltr'><strong>existimaturosque</strong></span> 
     </span>
    </p>

    <p class='ocr_par' dir='ltr' id='par_1_9' title="bbox 1755 4376 3317 5314">
     <span class='ocr_line' id='line_1_97' title="bbox 1755 4376 3310 4465; baseline -0.018 -17"><span class='ocrx_word' id='word_1_811' title='bbox 1755 4398 1885 4465; x_wconf 86' lang='lat' dir='ltr'><strong>quod</strong></span> <span class='ocrx_word' id='word_1_812' title='bbox 1920 4394 2058 4445; x_wconf 85' lang='lat' dir='ltr'><strong>nobis</strong></span> <span class='ocrx_word' id='word_1_813' title='bbox 2096 4388 2308 4439; x_wconf 74' lang='lat' dir='ltr'><strong>maxime</strong></span> <span class='ocrx_word' id='word_1_814' title='bbox 2344 4380 2715 4442; x_wconf 76' lang='lat' dir='ltr'><strong>succenseretis,</strong></span> <span class='ocrx_word' id='word_1_815' title='bbox 2753 4380 2900 4441; x_wconf 89' lang='lat' dir='ltr'><strong>atque</strong></span> <span class='ocrx_word' id='word_1_816' title='bbox 2935 4376 3080 4425; x_wconf 89' lang='lat' dir='ltr'><strong>etiam</strong></span> <span class='ocrx_word' id='word_1_817' title='bbox 3118 4388 3310 4439; x_wconf 66' lang='lat' dir='ltr'><strong>pamas,</strong></span> 
     </span>
     <span class='ocr_line' id='line_1_98' title="bbox 1755 4466 3316 4560; baseline -0.018 -15"><span class='ocrx_word' id='word_1_818' title='bbox 1755 4492 1949 4560; x_wconf 84' lang='lat' dir='ltr'><strong>quando</strong></span> <span class='ocrx_word' id='word_1_819' title='bbox 1966 4491 2016 4541; x_wconf 89' lang='lat' dir='ltr'>in</span> <span class='ocrx_word' id='word_1_820' title='bbox 2040 4496 2208 4537; x_wconf 84' lang='lat' dir='ltr'><strong>manus</strong></span> <span class='ocrx_word' id='word_1_821' title='bbox 2229 4482 2411 4531; x_wconf 77' lang='lat' dir='ltr'><strong>vestras</strong></span> <span class='ocrx_word' id='word_1_822' title='bbox 2433 4474 2778 4533; x_wconf 85' lang='lat' dir='ltr'><strong>incideremus,</strong></span> <span class='ocrx_word' id='word_1_823' title='bbox 2802 4472 3034 4531; x_wconf 85' lang='lat' dir='ltr'><strong>tanquam</strong></span> <span class='ocrx_word' id='word_1_824' title='bbox 3050 4480 3080 4517; x_wconf 86' lang='lat' dir='ltr'>a</span> <span class='ocrx_word' id='word_1_825' title='bbox 3097 4466 3316 4517; x_wconf 81' lang='lat' dir='ltr'><strong>sontibus</strong></span> 
     </span>
     <span class='ocr_line' id='line_1_99' title="bbox 1755 4562 3314 4646; baseline -0.021 -2"><span class='ocrx_word' id='word_1_826' title='bbox 1755 4588 2033 4646; x_wconf 88' lang='lat' dir='ltr'><strong>sumeretis,</strong></span> <span class='ocrx_word' id='word_1_827' title='bbox 2060 4583 2101 4633; x_wconf 88' lang='lat' dir='ltr'>si</span> <span class='ocrx_word' id='word_1_828' title='bbox 2121 4592 2211 4630; x_wconf 87' lang='lat' dir='ltr'>nos</span> <span class='ocrx_word' id='word_1_829' title='bbox 2238 4590 2351 4628; x_wconf 89' lang='lat' dir='ltr'>cum</span> <span class='ocrx_word' id='word_1_830' title='bbox 2378 4573 2481 4624; x_wconf 82' lang='lat' dir='ltr'><strong>istis</strong></span> <span class='ocrx_word' id='word_1_831' title='bbox 2512 4571 2589 4621; x_wconf 80' lang='lat' dir='ltr'>vel</span> <span class='ocrx_word' id='word_1_832' title='bbox 2618 4566 2823 4632; x_wconf 85' lang='lat' dir='ltr'><strong>pecunia</strong></span> <span class='ocrx_word' id='word_1_833' title='bbox 2857 4564 3077 4628; x_wconf 83' lang='lat' dir='ltr'><strong>accepta,</strong></span> <span class='ocrx_word' id='word_1_834' title='bbox 3108 4563 3185 4615; x_wconf 85' lang='lat' dir='ltr'>vel</span> <span class='ocrx_word' id='word_1_835' title='bbox 3218 4562 3314 4612; x_wconf 86' lang='lat' dir='ltr'><strong>alio</strong></span> 
     </span>
     <span class='ocr_line' id='line_1_100' title="bbox 1756 4655 3316 4750; baseline -0.019 -15"><span class='ocrx_word' id='word_1_836' title='bbox 1756 4684 1927 4750; x_wconf 82' lang='lat' dir='ltr'><strong>quovis</strong></span> <span class='ocrx_word' id='word_1_837' title='bbox 1942 4677 2087 4729; x_wconf 90' lang='lat' dir='ltr'><strong>modo</strong></span> <span class='ocrx_word' id='word_1_838' title='bbox 2100 4712 2115 4737; x_wconf 91' lang='lat'><strong>,</strong></span> <span class='ocrx_word' id='word_1_839' title='bbox 2134 4675 2184 4724; x_wconf 87' lang='lat' dir='ltr'>in</span> <span class='ocrx_word' id='word_1_840' title='bbox 2206 4670 2405 4736; x_wconf 82' lang='lat' dir='ltr'><strong>gratiam</strong></span> <span class='ocrx_word' id='word_1_841' title='bbox 2426 4665 2783 4717; x_wconf 85' lang='lat' dir='ltr'><strong>reduceremur.</strong></span> <span class='ocrx_word' id='word_1_842' title='bbox 2807 4662 3031 4710; x_wconf 78' lang='lat' dir='ltr'><strong>Attamen</strong></span> <span class='ocrx_word' id='word_1_843' title='bbox 3056 4658 3097 4707; x_wconf 87' lang='lat' dir='ltr'>si</span> <span class='ocrx_word' id='word_1_844' title='bbox 3114 4658 3181 4707; x_wconf 87' lang='lat' dir='ltr'>eis</span> <span class='ocrx_word' id='word_1_845' title='bbox 3198 4655 3316 4706; x_wconf 88' lang='lat' dir='ltr'><strong>indi-</strong></span> 
     </span>
     <span class='ocr_line' id='line_1_101' title="bbox 1757 4750 3317 4844; baseline -0.022 -13"><span class='ocrx_word' id='word_1_846' title='bbox 1757 4774 2021 4844; x_wconf 79' lang='lat' dir='ltr'><strong>gnaremini</strong></span> <span class='ocrx_word' id='word_1_847' title='bbox 2036 4771 2119 4835; x_wconf 85' lang='lat' dir='ltr'><strong>qui</strong></span> <span class='ocrx_word' id='word_1_848' title='bbox 2136 4770 2272 4819; x_wconf 85' lang='lat' dir='ltr'><strong>litem</strong></span> <span class='ocrx_word' id='word_1_849' title='bbox 2288 4777 2386 4816; x_wconf 89' lang='lat' dir='ltr'>non</span> <span class='ocrx_word' id='word_1_850' title='bbox 2412 4762 2545 4813; x_wconf 88' lang='lat' dir='ltr'><strong>recte</strong></span> <span class='ocrx_word' id='word_1_851' title='bbox 2568 4755 2986 4823; x_wconf 79' lang='lat' dir='ltr'><strong>persequerentur,</strong></span> <span class='ocrx_word' id='word_1_852' title='bbox 3011 4751 3140 4801; x_wconf 86' lang='lat' dir='ltr'><strong>certe</strong></span> <span class='ocrx_word' id='word_1_853' title='bbox 3158 4750 3317 4799; x_wconf 84' lang='lat' dir='ltr'><strong>sontes</strong></span> 
     </span>
     <span class='ocr_line' id='line_1_102' title="bbox 1759 4841 3313 4939; baseline -0.024 -14"><span class='ocrx_word' id='word_1_854' title='bbox 1759 4877 1883 4939; x_wconf 81' lang='lat' dir='ltr'><strong>ipsos</strong></span> <span class='ocrx_word' id='word_1_855' title='bbox 1909 4866 2185 4934; x_wconf 81' lang='lat' dir='ltr'><strong>gravissime</strong></span> <span class='ocrx_word' id='word_1_856' title='bbox 2214 4860 2385 4925; x_wconf 87' lang='lat' dir='ltr'><strong>punire</strong></span> <span class='ocrx_word' id='word_1_857' title='bbox 2410 4856 2565 4907; x_wconf 89' lang='lat' dir='ltr'><strong>decet.</strong></span> <span class='ocrx_word' id='word_1_858' title='bbox 2630 4851 2727 4915; x_wconf 80' lang='grc'>(16)</span> <span class='ocrx_word' id='word_1_859' title='bbox 2753 4852 2893 4901; x_wconf 83' lang='lat' dir='ltr'><strong>Nunc</strong></span> <span class='ocrx_word' id='word_1_860' title='bbox 2920 4846 3084 4909; x_wconf 79' lang='lat' dir='ltr'><strong>igitur,</strong></span> <span class='ocrx_word' id='word_1_861' title='bbox 3105 4841 3313 4905; x_wconf 76' lang='lat' dir='ltr'><strong>judices,</strong></span> 
     </span>
     <span class='ocr_line' id='line_1_103' title="bbox 1761 4938 3313 5033; baseline -0.026 -12"><span class='ocrx_word' id='word_1_862' title='bbox 1761 4968 2031 5033; x_wconf 79' lang='lat' dir='ltr'><strong>Epicratem</strong></span> <span class='ocrx_word' id='word_1_863' title='bbox 2050 4954 2423 5010; x_wconf 82' lang='lat' dir='ltr'><strong>condemnatum</strong></span> <span class='ocrx_word' id='word_1_864' title='bbox 2442 4949 2612 4999; x_wconf 88' lang='lat' dir='ltr'><strong>ultimo</strong></span> <span class='ocrx_word' id='word_1_865' title='bbox 2629 4942 2863 5007; x_wconf 86' lang='lat' dir='ltr'><strong>supplicio</strong></span> <span class='ocrx_word' id='word_1_866' title='bbox 2876 4938 3125 4997; x_wconf 80' lang='lat' dir='ltr'><strong>mulctato,</strong></span> <span class='ocrx_word' id='word_1_867' title='bbox 3140 4946 3313 4996; x_wconf 90' lang='lat' dir='ltr'><strong>neque,</strong></span> 
     </span>
     <span class='ocr_line' id='line_1_104' title="bbox 1762 5027 3313 5116; baseline -0.026 0"><span class='ocrx_word' id='word_1_868' title='bbox 1762 5068 1817 5116; x_wconf 91' lang='lat' dir='ltr'>ut</span> <span class='ocrx_word' id='word_1_869' title='bbox 1829 5063 1945 5113; x_wconf 87' lang='lat' dir='ltr'><strong>olim</strong></span> <span class='ocrx_word' id='word_1_870' title='bbox 1970 5060 2122 5108; x_wconf 81' lang='lat' dir='ltr'><strong>facere</strong></span> <span class='ocrx_word' id='word_1_871' title='bbox 2140 5046 2457 5103; x_wconf 82' lang='lat' dir='ltr'><strong>consuevistis</strong></span> <span class='ocrx_word' id='word_1_872' title='bbox 2468 5080 2483 5105; x_wconf 99' lang='lat'><strong>,</strong></span> <span class='ocrx_word' id='word_1_873' title='bbox 2499 5040 2744 5105; x_wconf 84' lang='lat' dir='ltr'><strong>improbos</strong></span> <span class='ocrx_word' id='word_1_874' title='bbox 2758 5035 2937 5099; x_wconf 85' lang='lat' dir='ltr'><strong>judicio</strong></span> <span class='ocrx_word' id='word_1_875' title='bbox 2952 5031 3213 5090; x_wconf 81' lang='lat' dir='ltr'><strong>convictos,</strong></span> <span class='ocrx_word' id='word_1_876' title='bbox 3230 5027 3313 5076; x_wconf 89' lang='lat' dir='ltr'>im·</span> 
     </span>
     <span class='ocr_line' id='line_1_105' title="bbox 1763 5119 3313 5225; baseline -0.025 -18"><span class='ocrx_word' id='word_1_877' title='bbox 1763 5157 1959 5225; x_wconf 83' lang='lat' dir='ltr'><strong>punitos</strong></span> <span class='ocrx_word' id='word_1_878' title='bbox 1977 5153 2027 5202; x_wconf 90' lang='lat' dir='ltr'>in</span> <span class='ocrx_word' id='word_1_879' title='bbox 2044 5152 2145 5213; x_wconf 85' lang='lat' dir='ltr'><strong>ipsa</strong></span> <span class='ocrx_word' id='word_1_880' title='bbox 2174 5146 2272 5196; x_wconf 87' lang='lat' dir='ltr'><strong>litis</strong></span> <span class='ocrx_word' id='word_1_881' title='bbox 2293 5136 2609 5193; x_wconf 72' lang='lat' dir='ltr'><strong>oestimatione</strong></span> <span class='ocrx_word' id='word_1_882' title='bbox 2632 5129 2908 5190; x_wconf 86' lang='lat' dir='ltr'><strong>dimittatis,</strong></span> <span class='ocrx_word' id='word_1_883' title='bbox 2933 5126 2995 5176; x_wconf 87' lang='lat' dir='ltr'>ab</span> <span class='ocrx_word' id='word_1_884' title='bbox 3020 5125 3078 5175; x_wconf 85' lang='lat' dir='ltr'>iis</span> <span class='ocrx_word' id='word_1_885' title='bbox 3110 5119 3313 5172; x_wconf 88' lang='lat' dir='ltr'><strong>inimici-</strong></span> 
     </span>
     <span class='ocr_line' id='line_1_106' title="bbox 1763 5215 3316 5314; baseline -0.017 -33"><span class='ocrx_word' id='word_1_886' title='bbox 1763 5255 1878 5305; x_wconf 61' lang='lat' dir='ltr'>tiam</span> <span class='ocrx_word' id='word_1_887' title='bbox 1893 5288 1908 5314; x_wconf 56' lang='lat'><strong>,</strong></span> <span class='ocrx_word' id='word_1_888' title='bbox 1928 5261 2026 5300; x_wconf 69' lang='lat' dir='ltr'>non</span> <span class='ocrx_word' id='word_1_889' title='bbox 2046 5252 2237 5307; x_wconf 62' lang='lat' dir='ltr'><strong>poeuam</strong></span> <span class='ocrx_word' id='word_1_890' title='bbox 2268 5229 2594 5297; x_wconf 65' lang='lat' dir='ltr'><strong>reportantes,</strong></span> <span class='ocrx_word' id='word_1_891' title='bbox 2610 5220 2751 5286; x_wconf 85' lang='lat' dir='ltr'><strong>quasi</strong></span> <span class='ocrx_word' id='word_1_892' title='bbox 2774 5215 3001 5281; x_wconf 87' lang='lat' dir='ltr'><strong>probrum</strong></span> <span class='ocrx_word' id='word_1_893' title='bbox 3014 5247 3031 5275; x_wconf 85' lang='lat'><strong>,</strong></span> <span class='ocrx_word' id='word_1_894' title='bbox 3048 5222 3147 5260; x_wconf 83' lang='lat' dir='ltr'>nou</span> <span class='ocrx_word' id='word_1_895' title='bbox 3176 5217 3316 5271; x_wconf 85' lang='lat' dir='ltr'><strong>poena</strong></span> 
     </span>
    </p>
   </div>
   <div class='ocr_carea' id='block_1_7' title="bbox 3750 1024 3762 1651">
    <p class='ocr_par' dir='ltr' id='par_1_10' title="bbox 3750 1024 3762 1651">
     <span class='ocr_line' id='line_1_107' title="bbox 3750 1024 3762 1651; baseline 0 0"><span class='ocrx_word' id='word_1_896' title='bbox 3750 1024 3762 1651; x_wconf 95' lang='lat' dir='ltr'> </span> 
     </span>
    </p>
   </div>
   <div class='ocr_carea' id='block_1_8' title="bbox 3750 1866 3761 2448">
    <p class='ocr_par' dir='ltr' id='par_1_11' title="bbox 3750 1866 3761 2448">
     <span class='ocr_line' id='line_1_108' title="bbox 3750 1866 3761 2448; baseline 0 0"><span class='ocrx_word' id='word_1_897' title='bbox 3750 1866 3761 2448; x_wconf 95' lang='lat' dir='ltr'> </span> 
     </span>
    </p>
   </div>
  </div>
 </body>
</html>
