3825 5842
1197 458 1589 522 ISOCRATIS
1644 458 2202 521 PANEGYRlcUS.
3241 465 3314 523 25

152 602 311 655 σασθαι
341 594 597 673 πρόνοιαν·
630 596 735 653 τῶν
775 594 871 671 μὲν
894 591 995 673 γὰρ
1024 594 1263 664 ἀθλητῶν
1292 591 1367 660 δὶς
1404 588 1663 663 τοσαύτην

152 686 304 765 ῥώμην
330 684 587 743 λαὸόντων
626 681 771 741 οὐδὲν
801 681 865 739 ἂν
901 680 1058 739 πλέον
1092 679 1293 758 γένοιτο
1318 687 1423 745 τοῖς
1461 677 1663 748 ἄλλοις,

150 773 237 835 ἑνὸς
260 767 301 829 δ’
332 770 505 849 ἀνδρὸς
525 762 582 829 εὖ
610 768 959 851 φρονήσαντος
980 768 1207 835 ἅπαντες
1226 766 1289 826 ἂν
1311 766 1664 826 ἀπολαύσειαν

150 863 187 916 οἱ
220 860 497 937 βουλόμενοι
528 859 785 917 κοινωνεῖν
814 862 907 929 τῆς
935 856 1127 915 ἐκείνου
1164 855 1408 922 διανοίας.
1495 857 1558 931 (3)
1586 856 1664 913 Οὐ

104 960 128 1007 5
150 946 235 1021 μὴν
261 948 339 1004 ἐπὶ
363 946 551 1012 τούτοις
580 944 852 1023 ἀθυμήσας
880 944 1093 1023 εἱλόμην
1114 948 1382 1025 ῥᾳθυμεῖν,
1409 942 1528 1001 ἀλλ’
1548 946 1668 1001 ἱκα-

151 1037 221 1092 νὸν
243 1034 439 1111 νομίσας
460 1025 613 1093 ἆθλον
642 1033 853 1093 ἔσεσθαί
877 1057 965 1111 μοι
982 1032 1077 1105 τὴν
1098 1033 1247 1101 δόξαν
1272 1032 1367 1104 τὴν
1393 1032 1483 1089 ἀπ’
1508 1033 1664 1088 αὐτοῦ

151 1128 225 1179 τοῦ
248 1125 387 1200 λόγου
414 1120 761 1199 γενησομένην
783 1120 899 1193 ἥκω
927 1118 1329 1197 συμὸουλεύσων
1350 1119 1471 1199 περί
1494 1142 1550 1178 τε
1577 1121 1666 1175 τοῦ

152 1209 347 1284 πολέμου
388 1216 477 1268 τοῦ
512 1209 643 1290 πρὸς
686 1206 799 1275 τοὺς
838 1207 1134 1288 βαρὸάρους
1167 1208 1260 1266 καὶ
1296 1211 1389 1279 τῆς
1430 1203 1670 1283 ὁμονοίας

148 1302 225 1367 τῆς
238 1298 352 1377 πρὸς
368 1302 503 1374 ἡμᾶς
522 1296 734 1369 αὐτούς,
748 1299 841 1354 οὐκ
860 1298 1058 1373 ἀγνοῶν
1080 1294 1159 1354 ὅτι
1174 1296 1357 1354 πολλοὶ
1376 1298 1478 1353 τῶν
1493 1316 1661 1374 προσ·
1698 1314 1735 1354 c

94 1412 134 1440 ιυ
150 1384 479 1462 ποιησαμένων
536 1376 669 1443 εἶναι
722 1388 978 1465 σοφιστῶν
1030 1383 1117 1442 ἐπὶ
1153 1389 1332 1442 τοῦτον
1372 1382 1461 1441 τὸν
1510 1381 1663 1457 λόγον

1752 599 1962 659 caretur,
1995 598 2160 648 nullus
2191 602 2350 648 tumen
2383 611 2445 649 ex
2480 611 2538 648 eo
2573 598 2758 648 tructus
2791 598 2968 659 redi-et
3001 598 3064 649 ad
3099 600 3318 650 ceteros:

1754 696 1897 745 unius
1918 696 2079 744 autem
2103 694 2192 743 viri
2219 694 2470 757 prudentia
2493 694 2719 745 fruuntur
2751 708 2921 744 omnes
2936 730 2952 756 ,
2975 695 3060 759 qui
3081 694 3187 757 ejus
3207 707 3323 744 con·

1754 789 1873 839 siliis
1894 794 2060 851 parere
2091 782 2312 865 vossunt.
2380 787 2446 850 (3)
2481 792 2648 851 Neque
2669 793 2828 838 tamen
2851 790 2958 838 hoee
2999 788 3120 838 mibi
3157 788 3326 851 despe-

1756 883 1986 933 rationem
2005 882 2295 941 attulerunt,
2315 885 2370 932 ut
2389 883 2622 933 socordiae
2656 896 2735 932 me
2772 882 3026 944 dederem,
3059 882 3146 933 sed
3176 896 3326 945 quum

1758 982 1958 1047 gloriam
1976 995 2036 1031 ex
2061 983 2166 1045 ipsa
2183 982 2396 1033 oratione
2415 980 2692 1047 capiendam
2712 983 2828 1031 salis
2843 982 2958 1031 mihi
2978 995 3202 1045 magnum
3227 983 3328 1033 fore

1754 1079 2009 1143 praemium
2047 1080 2346 1141 existimem,
2371 1079 2626 1129 consilium
2663 1080 2864 1129 daturus
2897 1078 3065 1129 adsum
3089 1093 3246 1143 quum
3265 1080 3327 1130 de

1758 1176 1881 1226 bello
1898 1175 2113 1227 barbaris
2131 1176 2374 1227 inferendo
2390 1215 2404 1239 ,
2430 1182 2534 1227 tum
2557 1178 2618 1226 de
2640 1177 2894 1227 eoncordia
2917 1178 3046 1227 iuter
3071 1191 3160 1227 nos
3195 1177 3328 1241 ipsos

1760 1273 2090 1324 constituenda
2106 1311 2122 1333 ,
2145 1274 2234 1323 etsi
2257 1287 2352 1323 nou
2377 1274 2568 1337 ignoro,
2591 1275 2768 1323 multos
2790 1272 2873 1337 qui
2891 1274 3214 1337 sophistarum
3236 1274 3328 1323 sibi

1760 1386 1938 1422 nomen
1961 1376 2267 1433 arrogarunt,
2294 1370 2468 1435 cupide
2487 1371 2578 1420 boo
2595 1373 2928 1434 argumentum
2947 1372 3231 1435 arripuisse,
3254 1372 3324 1435 (4)

81 1484 133 1533 42
148 1472 386 1551 ὥρμησαν,
416 1474 483 1550 (4)
506 1475 625 1531 ἀλλ’
658 1472 771 1549 ἅμα
805 1471 899 1550 μὲν
923 1471 1149 1540 ἐλπίζων
1176 1477 1420 1531 τοσοῦτον
1453 1470 1662 1529 διοίσειν
1694 1491 1729 1530 a
1758 1472 1922 1519 tamen
1943 1474 1994 1518 et
2015 1474 2200 1518 ceteros
2216 1470 2350 1517 tanto
2376 1468 2627 1519 intervallo
2658 1482 2735 1518 me
2757 1473 3092 1531 superaturum
3111 1468 3326 1531 conlido,

150 1560 259 1617 ὥστε
296 1562 395 1627 τοῖς
431 1562 609 1627 ἄλλοις
640 1559 803 1637 μηδὲν
838 1557 1051 1619 πώποτε
1078 1561 1245 1619 δοκεῖν
1282 1562 1517 1639 εἰρῆσθαι
1542 1558 1663 1638 περὶ

152 1651 309 1719 αὐτῶν,
358 1648 465 1726 ἅμα
510 1648 569 1709 δὲ
610 1648 891 1729 προκρίνας
928 1648 1139 1716 τούτους
1180 1647 1487 1714 καλλίστους
1535 1636 1669 1704 εἶναι

150 1740 233 1793 τῶν
267 1736 438 1811 λόγων,
472 1736 657 1804 οἵτινες
683 1737 803 1817 περὶ
841 1735 1101 1814 μεγίστων
1143 1735 1488 1815 τυγχάνουσιν
1530 1734 1671 1800 ὄντες

92 1831 133 1876 15
152 1824 223 1881 καὶ
253 1824 359 1892 τούς
388 1848 443 1883 τε
476 1825 724 1904 λέγοντας
762 1824 973 1900 μάλιστ’
1015 1822 1392 1883 ἐπιδεικνύουσι
1427 1822 1518 1880 καὶ
1554 1819 1671 1888 τοὺς

152 1910 391 1978 ἀκούοντας
417 1912 623 1971 πλεῖστ’
646 1914 949 1994 ὠφελῶσιν,
978 1902 1051 1969 ὦν
1077 1904 1149 1978 εἷς
1174 1903 1319 1977 οὗτός
1348 1913 1502 1969 ἔστιν.
1600 1912 1663 1985 (5)

150 1992 328 2057 ’Eaew’
362 2000 464 2058 οὔδ’
500 2004 549 2059 οἱ
587 2000 763 2081 καιροί
798 2024 883 2059 πω
921 1998 1361 2079 παρεληλύθασιν,
1402 1996 1529 2057 ὥστ’
1565 1998 1667 2070 ἤδη

152 2084 294 2159 μάτην
330 2078 456 2146 εἶναι
490 2088 553 2147 τὸ
598 2091 896 2167 μεμνῆσθαι
930 2085 1052 2167 περὶ
1089 2086 1303 2147 τούτοιν.
1396 2085 1532 2147 Τότε
1567 2086 1668 2166 γὰρ

150 2170 235 2249 χρὴ
272 2176 513 2235 παύεσθαι
550 2175 828 2255 λέγοντας,
866 2174 989 2234 ὅταν
1028 2174 1063 2247 ἢ
1103 2174 1171 2233 τὰ
1197 2174 1489 2255 πράγματα
1527 2173 1669 2252 λάὸῃ

91 2278 131 2314 2¹)
150 2260 271 2329 τέλος
292 2264 377 2321 καὶ
413 2262 605 2341 μηκέτι
636 2264 727 2341 δέῃ
771 2262 1106 2343 βουλεύεσθαι
1138 2263 1261 2344 περὶ
1296 2264 1487 2335 αὐτῶν,
1516 2260 1552 2333 ἢ
1581 2261 1670 2320 τὸν

148 2348 275 2425 λόγον
298 2350 377 2431 ἴδῃ
404 2375 479 2419 τις
505 2351 699 2431 ἔχοντα
726 2351 913 2431 πέρας,
950 2350 1087 2410 ὥστε
1119 2350 1379 2427 μηδεμίαν
1406 2350 1671 2430 λελεῖφθαι

151 2438 235 2501 τοῖς
258 2434 417 2504 ἄλλοις
440 2437 761 2519 ὖπερὸολήν.
846 2440 907 2516 (6)
930 2436 1083 2506 Ἕως
1106 2439 1149 2497 δ’
1177 2438 1239 2497 ἂν
1266 2438 1333 2495 τὰ
1358 2437 1452 2515 μὲν
1480 2436 1670 2513 ὁμοίοις

152 2520 299 2605 ὥσπερ
312 2526 554 2605 πρότερον
574 2525 825 2608 φέρηται,
841 2527 910 2585 τὰ
932 2526 977 2585 δ’
991 2525 1240 2608 εἰρημένα
1260 2524 1468 2607 φαύλως
1482 2523 1671 2605 ἔχοντα

150 2612 349 2692 τυγχάνῃ
364 2657 379 2685 ,
412 2617 525 2681 πῶς
550 2617 615 2673 οὗ
655 2613 761 2695 χρὴ
795 2622 1009 2674 σκοπεῖν
1038 2614 1129 2672 καὶ
1158 2616 1453 2694 φιλοσοφεῖν
1490 2618 1671 2671 τοῦτον

74 2708 140 2787 1²5
154 2698 225 2755 τὸν
248 2699 403 2777 λόγον,
428 2702 482 2770 ὃς
502 2702 569 2774 ἢν
594 2708 900 2784 κατορθωθῇ
914 2749 931 2776 ,
954 2702 1047 2761 καὶ
1070 2708 1161 2761 τοῦ
1184 2700 1415 2779 πολέμου
1432 2707 1525 2760 τοῦ
1546 2700 1675 2781 πρὸς

154 2787 375 2858 ἀλλήλους
400 2791 489 2849 καὶ
514 2795 615 2863 τῆς
641 2795 877 2871 ταραχῆς
902 2796 996 2862 ϊῆς
1026 2788 1295 2869 παρούσης
1329 2789 1420 2848 καὶ
1445 2792 1547 2848 τῶν
1577 2812 1673 2866 με·

150 2874 311 2949 γίστων
343 2882 515 2937 κακῶν
550 2884 698 2957 ἡμᾶς
734 2878 1052 2951 ἀπαλλάξει,
1099 2880 1164 2957 (7)
1196 2877 1342 2958 Πρὸς
1367 2877 1423 2935 δὲ
1449 2876 1673 2949 τούτοις,
1698 2898 1733 2938 0

152 2964 187 3018 εἷ
206 2960 287 3039 μὲν
301 2967 551 3042 μηδαμῶς
576 2968 755 3033 ἄλλως
772 2958 877 3027 οἶόν
890 2970 939 3025 τ’
955 2958 1017 3039 ἦν
1035 2968 1223 3037 δηλοῦν
1248 2965 1341 3033 τὰς
1366 2963 1526 3032 αὐτὰς
1546 2964 1675 3046 πρά·

152 3046 231 3113 Est<
254 3052 361 3109 ἀλλ’
388 3050 423 3123 ἢ
461 3054 547 3112 διὰ
574 3063 702 3131 μιᾶς
730 3052 898 3127 ἰδέας,
930 3044 1072 3134 εἶχεν
1102 3053 1166 3111 ἄν
1194 3078 1271 3120 τις
1295 3051 1577 3113 ὑπολαὸεἷν
1607 3057 1677 3119 ὡς

92 3149 131 3187 ³⁰
150 3136 382 3217 περίεργόν
402 3142 513 3199 ἐστι
532 3141 629 3201 τὸν
650 3140 805 3200 αὐτὸν
822 3142 1013 3222 τρόπον
1038 3142 1249 3208 ἐκείνοις
1270 3139 1488 3218 λέγοντα
1515 3140 1675 3198 πάλιν

151 3225 343 3303 ἐνοχλεῖν
376 3230 479 3296 τοῖς
516 3228 817 3289 ἀκούουσιν·
857 3232 917 3308 (s)
950 3230 1125 3300 ἐπειδὴ
1169 3231 1215 3288 δ’
1248 3232 1295 3289 οἳ
1335 3230 1481 3306 λόγοι
1511 3228 1677 3287 τοιαύ·

149 3334 226 3381 την
246 3312 411 3392 ἔχουσι
430 3315 527 3388 τὴν
552 3316 731 3399 φύσιν,
754 3316 878 3377 ὥσθ’
899 3308 1051 3377 οἷόντ’
1081 3308 1213 3376 εἶναι
1240 3316 1360 3399 περὶ
1380 3319 1485 3374 τῶν
1506 3318 1677 3374 αὐτῶν

148 3402 395 3481 πολλαχῶς
431 3403 821 3483 ἐξηγήσασθαι,
868 3404 960 3464 καὶ
1001 3404 1071 3463 τά
1110 3428 1169 3463 τε
1209 3402 1417 3483 μεγάλα
1454 3402 1677 3462 ταπεινὰ

150 3492 335 3558 ποιῆσαι
356 3490 445 3549 καὶ
468 3492 579 3557 τοῖς
608 3492 815 3571 μικροῖς
842 3490 1059 3571 μέγεθος
1084 3495 1399 3571 περιθεῖναι,
1428 3490 1519 3549 καὶ
1536 3490 1603 3548 τά
1620 3513 1678 3547 τε

98 3584 133 3622 ³2·
152 3574 323 3634 παλαιὰ
342 3579 527 3645 καινῶς
556 3578 773 3637 διελθεῖν
798 3578 889 3637 καὶ
911 3577 1035 3657 περὶ
1057 3582 1160 3635 τῶν
1186 3576 1373 3635 νεωστὶ
1394 3574 1676 3654 γεγενημέ-

152 3683 231 3717 νων
256 3664 475 3743 ἀρχαίως
496 3668 688 3738 εἰπεῖν,
713 3664 887 3725 οὐκέτι
900 3664 1147 3748 φευκτέον
1164 3664 1310 3722 ταῦτ’
1330 3664 1441 3723 ἐστὶ
1458 3663 1579 3744 περὶ
1605 3654 1678 3722 ὧν

154 3746 287 3829 ἕτεροι
306 3750 552 3834 πρότερον
583 3752 875 3833 εἰρήκασιν,
898 3754 1017 3811 ἀλλ’
1045 3752 1252 3829 ἄμεινον
1279 3750 1489 3811 ἐκείνων
1516 3752 1678 3809 εἰπεῖν

154 3838 408 3913 πειρατέον.
494 3840 559 3919 (ο)
592 3843 668 3900 Αἱ
693 3839 787 3918 μὲν
806 3839 910 3920 γὰρ
935 3839 1145 3921 πράξεις
1165 3843 1220 3898 αἱ
1237 3838 1681 3919 προγεγενημέναι

155 3924 295 3981 κοιναὶ
317 3934 473 3985 πᾶσιν
496 3930 635 4005 ἡμῖν
658 3926 1089 4009 κατελείφθησαν,
1117 3926 1179 3986 τὸ
1206 3928 1252 3985 δ’
1281 3930 1333 3985 ἐν
1358 3930 1527 4007 καιρῷ
1554 3924 1677 3985 ταύ-

92 4024 131 4061 w
151 4031 242 4075 ταις
264 4013 701 4094 καταχρήσασθαι
734 4014 825 4073 καὶ
849 4014 918 4074 τὰ
946 4012 1280 4094 προσήκοντα
1306 4012 1427 4093 περὶ
1456 4012 1679 4083 ἑκάστης

154 4096 467 4174 ἐνθυμηθῆναι
484 4100 581 4161 καὶ
595 4102 705 4169 τοῖς
717 4101 967 4179 ὀνόμασιν
988 4092 1044 4159 εὗ
1060 4100 1326 4160 διαθέσθαι
1350 4103 1455 4159 τῶν
1476 4092 1535 4159 εὖ
1552 4124 1679 4181 φρο-

153 4182 339 4243 νούντων
348 4187 477 4247 ἴδιόν
490 4191 655 4247 ἐστιν.
739 4190 830 4267 (ιο)
846 4188 1113 4267 Ἧγοῦμαι
1122 4189 1169 4246 δ’
1179 4188 1342 4255 οὕτως
1354 4188 1417 4247 ἂν
1428 4188 1679 4267 μεγίστην

154 4272 351 4333 ἐπίδοσιν
375 4275 675 4354 λαμὸάνειν
689 4276 783 4335 καὶ
803 4275 895 4345 τὰς
923 4277 1083 4343 ἄλλας
1109 4275 1295 4356 τέχνας
1322 4276 1411 4335 καὶ
1437 4273 1532 4346 τὴν
1560 4275 1679 4355 περὶ
1712 4292 1749 4333 e

153 4358 247 4425 τοὺς
268 4362 439 4441 λόγους
466 4362 798 4445 φιλοσοφίαν,
834 4362 979 4430 εἴτις
1006 4363 1261 4440 θαυμάζοι
1290 4363 1380 4421 καὶ
1406 4360 1579 4443 τιμῴη
1606 4362 1678 4440 μὴ

104 4453 138 4489 ⁴⁵
154 4444 249 4513 τοὺς
268 4448 497 4529 πρώτους
524 4454 635 4509 τῶν
656 4449 823 4531 ἔργων
847 4451 1191 4532 ἀρχομένους,
1211 4449 1350 4508 ἀλλὰ
1367 4448 1485 4516 τοὺς
1510 4450 1684 4531 ἄρισθ’

154 4530 341 4595 ἕκαστον
364 4540 539 4597 αὐτῶν
556 4538 987 4618 ἕξεργαζομένους
1000 4584 1017 4611 ,
1050 4538 1183 4617 μηδὲ
1214 4536 1333 4603 τοὺς
1350 4537 1471 4618 περὶ
1489 4536 1684 4596 τούτων

1766 1568 1821 1614 ιιι
1848 1564 1914 1613 illi
1938 1565 2054 1615 nihil
2089 1577 2302 1627 unquam
2340 1563 2519 1615 dixisse
2542 1566 2604 1614 de
2637 1564 2730 1613 hoe
2758 1565 2950 1627 negotio
2974 1565 3246 1628 videantur,
3277 1569 3328 1615 et

1761 1674 1844 1710 eos
1868 1662 2110 1711 orationes
2139 1662 2484 1726 pulcherrimas
2519 1674 2627 1711 esse
2661 1674 2864 1723 censeo,
2886 1674 2996 1725 quae
3022 1664 3072 1711 et
3104 1664 3328 1715 maximis

1761 1760 1821 1812 de
1836 1761 1981 1812 rebus
1995 1766 2161 1825 agunt,
2180 1768 2228 1813 et
2241 1767 2483 1812 oratorum
2503 1764 2690 1825 ingenia
2699 1764 2906 1813 maxime
2921 1764 3265 1825 demonstrant,
3279 1765 3330 1814 et

1770 1861 2040 1911 utilissimae
2075 1865 2192 1911 sunt
2213 1862 2548 1913 audientibus:
2569 1876 2774 1925 quarum
2797 1862 2858 1912 de
2885 1876 3085 1913 numero
3107 1863 3214 1912 baec
3235 1863 3325 1912 est.

1761 1963 1827 2024 (5)
1854 1962 2042 2013 Deinde
2065 1963 2236 2013 harum
2250 1977 2444 2026 quoque
2466 1976 2625 2013 rerum
2647 1966 2868 2028 tempora
2889 1963 3104 2014 nondum
3135 1969 3328 2027 proeter·

1758 2061 1944 2122 ierunt,
1973 2066 2029 2111 ut
2051 2061 2138 2111 hos
2162 2062 2375 2111 oratione
2412 2061 2629 2111 renovari
2653 2074 2712 2111 su
2722 2074 3071 2124 per-vacaneum
3095 2062 3173 2112 sit.
3207 2066 3329 2113 Tum

1695 2169 1739 2231 b
1758 2160 1887 2209 enim
1910 2159 2105 2209 demum
2121 2158 2309 2209 dioendi
2326 2156 2436 2207 linis
2453 2161 2528 2207 est
2546 2158 2790 2209 faciendus
2802 2194 2818 2219 ,
2835 2172 2988 2221 quum
3013 2173 3074 2209 au
3093 2164 3192 2209 tres
3213 2161 3331 2223 ipsae

1760 2259 1967 2320 peractae
1979 2261 2112 2317 sunt,
2123 2269 2278 2319 neque
2287 2256 2384 2318 ja·
2397 2256 2446 2306 in
2461 2256 2850 2309 deliberationem
2865 2258 3063 2319 eadunt,
3079 2263 3165 2309 aut
3176 2273 3330 2324 quum

1758 2356 1911 2406 oratio
1928 2354 1990 2405 de
2007 2354 2066 2403 iis
2085 2354 2155 2403 sic
2180 2352 2420 2402 elaborata
2441 2356 2545 2416 est,
2567 2358 2624 2402 ιιι
2639 2352 2700 2401 ed
2719 2354 2826 2415 eJus
2847 2350 3180 2405 excellentiam
3213 2357 3330 2408 nihil

1760 2451 1821 2502 ab
1836 2451 1936 2501 ullo
1946 2451 2058 2501 addi
2077 2463 2219 2514 posse
2236 2450 2468 2500 videatur.
2539 2451 2608 2513 (6)
2627 2451 2720 2501 Sed
2740 2465 2884 2515 quam
2900 2453 2982 2503 diu
2995 2467 3152 2516 neque
3171 2468 3328 2505 rerum

1761 2554 1915 2599 slatus
1939 2550 2220 2600 emendatus
2238 2554 2336 2611 est,
2357 2551 2409 2599 et
2427 2548 2558 2612 prius
2583 2548 2757 2600 habitae
2774 2552 3014 2601 orationes
3029 2565 3196 2614 parum
3223 2566 3330 2614 pro·

1762 2652 1956 2712 bantur,
1979 2651 2222 2713 quomodo
2242 2650 2304 2699 de
2325 2650 2410 2699 tali
2429 2652 2644 2700 oratione
2663 2652 2956 2715 exquirenda
2974 2667 3069 2703 non
3094 2654 3328 2705 meditan-

1765 2750 1881 2799 dum
1901 2754 1952 2799 et
1973 2748 2142 2798 sedulo
2166 2748 2470 2811 cogitandum
2491 2752 2593 2810 est,
2614 2763 2753 2812 quae,
2773 2750 2816 2799 si
2839 2764 3062 2815 prospere
3085 2766 3331 2805 successe·

1764 2850 1855 2912 rit,
1878 2855 1928 2900 et
1947 2850 2181 2900 intestinis
2211 2849 2348 2899 bellis
2365 2850 2416 2897 et
2441 2848 2519 2897 his
2537 2849 2826 2899 tumultibus
2846 2851 3079 2914 malisque
3109 2853 3332 2904 maximis

1762 2958 1853 2996 nos
1863 2945 2064 2995 liberare
2082 2946 2266 3009 possit?
2284 2945 2350 3009 (7)
2365 2948 2602 2995 Praeterea
2611 2946 2654 2994 si
2663 2946 2758 2995 alio
2766 2946 2904 2996 nullo
2923 2947 3068 2997 modo
3082 2948 3254 2998 iisdem
3269 2949 3330 2999 de

1764 3046 1907 3096 rebus
1935 3046 2029 3096 nisi
2055 3060 2152 3095 uno
2179 3046 2273 3095 dici
2301 3046 2491 3108 liceret,
2517 3058 2925 3109 supervacaneum
2944 3048 3146 3109 judicari
3169 3056 3334 3113 posset

1764 3146 1932 3195 iterata
1961 3144 2176 3207 eiusdem
2199 3144 2464 3206 argumenti
2486 3157 2580 3193 non
2603 3143 2830 3194 dissimili
2851 3146 3130 3195 tractatione
3158 3146 3330 3196 obtun-

1767 3242 1883 3291 dere
1904 3240 2146 3290 auditores
2182 3256 2195 3289 :
2227 3240 2294 3302 (8)
2317 3253 2468 3304 quum
2496 3243 2658 3290 autem
2679 3253 2738 3290 ea
2769 3240 2832 3290 sit
2863 3244 3035 3290 natura
3067 3244 3331 3306 sermonis,

1764 3343 1821 3389 ut
1838 3352 1915 3389 res
1932 3338 2114 3389 eaedem
2123 3340 2256 3390 varie
2271 3340 2454 3403 possint
2469 3340 2694 3403 explicari
2719 3339 3020 3403 dioendoque
3039 3344 3144 3391 tum
3163 3356 3333 3403 magna

1764 3436 1998 3501 deprimi,
2026 3440 2130 3485 tum
2165 3436 2438 3499 exaggerari
2466 3450 2636 3500 parva,
2666 3439 2774 3487 tum
2806 3434 2970 3487 ietera
3003 3450 3131 3487 nova
3153 3440 3334 3489 ratitme

1698 3565 1739 3630 d
1766 3540 1886 3600 diei,
1914 3541 2022 3588 tum
2060 3539 2118 3589 iis
2159 3551 2269 3601 quae
2304 3551 2473 3588 recens
2501 3545 2605 3588 acta
2637 3541 2780 3601 sunt,
2823 3538 3046 3603 quaedam
3082 3542 3334 3592 vetustatis

1764 3638 1948 3703 species
1965 3637 2206 3687 conciliari
2231 3641 2379 3700 quest
2410 3651 2424 3685 ε
2457 3651 2554 3687 non
2578 3638 2744 3702 utique
2768 3650 2825 3687 ea
2857 3637 3078 3700 mgienda
3114 3643 3255 3703 sunt,
3275 3640 3336 3691 de

1767 3712 1948 3799 quibus
1966 3736 2042 3785 alii
2063 3737 2194 3799 prius
2212 3737 2441 3799 egerunt,
2469 3734 2554 3784 sed
2577 3746 2720 3797 opera
2741 3734 2898 3783 danda
2923 3739 2999 3786 est
3030 3740 3086 3785 ιιι
3109 3750 3194 3787 eos
3224 3750 3335 3787 ora·

1766 3832 1912 3881 tionis
1948 3831 2226 3894 praestantia
2256 3842 2558 3893 superemus.
2587 3876 2594 3881 .
2639 3828 2708 3891 (9)
2742 3831 2837 3878 Res
2876 3830 3006 3879 enim
3037 3830 3154 3879 olim
3185 3834 3332 3894 gestie

1768 3944 1829 3980 ex
1865 3942 2010 3992 oequo
2044 3928 2184 3978 nobis
2216 3928 2444 3977 omnibus
2485 3930 2600 3976 sunt
2635 3926 2843 3988 relielae3
2875 3939 2958 3977 eas
2980 3939 3094 3975 vero
3139 3926 3187 3975 in
3215 3929 3334 3977 tem·

1770 4037 1885 4088 pore
1912 4024 2147 4088 proferre,
2171 4028 2220 4074 et
2236 4024 2528 4085 argumentis
2563 4024 2748 4073 idoneis
2770 4024 3082 4085 confirmare,
3099 4028 3152 4076 et
3177 4026 3336 4077 verbis

1770 4126 2034 4187 illustrare,
2051 4124 2358 4187 prudentium
2383 4122 2632 4173 hominum
2653 4122 2898 4185 proprium
2924 4136 3101 4173 munus
3118 4128 3209 4173 est.
3232 4125 3335 4189 (to)

1769 4222 1848 4273 Sic
1881 4226 2042 4271 antem
2082 4221 2306 4271 existimo
2349 4225 2401 4269 et
2436 4222 2621 4281 ceteras
2654 4223 2782 4268 artes
2819 4220 2870 4269 et
2888 4220 3192 4283 ‘eloquentioe
3233 4226 3330 4272 stu·

1771 4320 1903 4371 dium
1925 4320 2136 4369 maxime
2160 4321 2353 4367 auctum
2373 4316 2428 4366 iri
2444 4354 2459 4379 ,
2485 4317 2526 4367 si
2547 4318 2594 4366 in
2617 4316 2928 4369 admiratione
2945 4322 3088 4380 atque
3115 4318 3336 4373 honorati

1772 4416 1869 4464 sint
1900 4428 1996 4464 non
2027 4414 2060 4465 ii
2093 4427 2122 4463 a
2143 4414 2321 4477 quibus
2349 4413 2518 4476 primis
2537 4414 2602 4463 sit
2623 4412 2815 4464 initium
2849 4428 3007 4464 rerum
3041 4416 3334 4477 agendarum

1773 4514 2038 4579 profectum
2051 4548 2066 4575 ,
2083 4513 2167 4563 sed
2191 4512 2240 4561 hi
2248 4548 2264 4574 ,
2283 4511 2366 4576 qui
2389 4512 2768 4576 unumquodque
2787 4513 2967 4563 lactum
2991 4514 3176 4577 optime
3193 4520 3340 4569 trans-

158 4624 399 4691 ζητοῦντας
415 4626 590 4702 λέγω,
608 4626 731 4707 mpi
746 4617 819 4685 ὧν
833 4626 1015 4701 μηδεὶς
1034 4626 1287 4706 πρότερον
1302 4624 1528 4707 εἴρηκεν,
1550 4623 1687 4683 ἀλλὰ
1714 4644 1748 4684 a
1772 4614 1980 4677 egerint,
2014 4626 2170 4676 neque
2203 4612 2272 4661 illi
2305 4610 2387 4675 qui
2420 4613 2480 4662 de
2502 4611 2646 4661 rebus
2681 4626 2712 4662 a
2741 4612 2930 4663 nemine
2962 4613 3096 4676 prius
3122 4616 3340 4665 tractatis

158 4708 249 4777 τοὺς
272 4710 425 4782 οὕτως
450 4714 835 4793 ἐπισταμένους
862 4716 1024 4774 εἰπεῖν
1052 4718 1122 4781 ὥς
1142 4713 1304 4781 οὐδεὶς
1328 4712 1391 4771 ἂν
1414 4712 1570 4781 ἄλλος
1590 4712 1685 4772 δύ-

158 4819 289 4857 ναιτο.

108 4904 143 4937 2⁰
222 4904 279 4947 ΙΙ.
306 4890 487 4950 Καίτοι
515 4892 653 4957 τινὲς
671 4894 952 4969 ἐπιτιμῶσι
971 4895 1073 4951 τῶν
1100 4890 1267 4969 λόγων
1292 4894 1399 4957 τοῖς
1424 4888 1552 4970 ὑπὲρ
1568 4888 1686 4957 τοὺς

163 4970 335 5043 ἰδιώτας
358 4978 535 5058 ἔχουσι
562 4979 659 5037 καὶ
684 4978 803 5036 λίαν
828 4978 1307 5059 ἀπηκριὸωμένοις,
1332 4978 1423 5037 καὶ
1442 4983 1685 5036 τοσοῦτον

166 5056 548 5143 διημαρτήκασιν
562 5064 705 5125 ὥστε
718 5065 835 5136 τοὺς
848 5067 977 5148 πρὸς
994 5067 1289 5146 ὓπερὸολὴν
1309 5063 1687 5144 πεποιημένους

166 5146 268 5224 πρὸς
284 5152 390 5220 τοὺς
410 5157 622 5232 ἀγῶνας
643 5154 761 5222 τοὺς
778 5155 899 5235 περὶ
917 5160 1018 5215 τῶν
1042 5156 1183 5215 ἰδίων
1206 5153 1539 5233 συμὸολαίων
1566 5178 1691 5213 σκο-

168 5239 339 5313 ποῦσιν,
363 5240 539 5326 ὥσπερ
577 5242 772 5320 ὁμοίοις
804 5242 915 5303 δέον
945 5242 1267 5327 ἀμφοτέρους
1290 5242 1451 5323 ἔχειν,
1480 5244 1597 5301 ἀλλ’
1628 5244 1687 5302 οὐ

1774 4712 1932 4763 dicere
1950 4712 2273 4774 instituerint,
2292 4712 2375 4763 sed
2391 4712 2474 4775 qui
2495 4711 2566 4763 sio
2585 4712 2732 4761 verba
2746 4712 2942 4763 fecerint
2952 4748 2968 4774 ,
2990 4715 3047 4761 ut
3057 4725 3202 4763 nemo
3216 4712 3340 4763 alius

1774 4811 1943 4861 eodem
1962 4812 2106 4861 modo
2127 4810 2298 4874 possit.

1840 4904 1915 4948 ti.
1951 4898 2209 4947 Enimvero
2247 4900 2364 4949 sunt
2385 4898 2468 4962 qui
2493 4898 2764 4961 vituperent
2779 4898 3020 4947 orationes
3036 4933 3053 4959 ,
3073 4910 3183 4960 quae
3204 4896 3334 4959 vulgi

1774 4990 1966 5050 captum
1988 4984 2226 5036 excedunt
2243 4989 2291 5037 et
2309 4986 2595 5050 exquisitius
2616 4986 2873 5035 elaboratae
2889 4986 3004 5035 sunt
3014 5000 3030 5045 ς
3055 4997 3112 5033 ao
3130 4984 3264 5033 tanto
3283 4983 3332 5031 in

1775 5088 1936 5125 errore
1957 5079 2228 5138 versantur,
2261 5077 2316 5124 ut
2334 5087 2526 5124 summo
2546 5072 2734 5133 studio,
2754 5085 2848 5134 quo
2869 5075 3047 5121 celeras
3077 5075 3335 5133 superent,

1780 5163 2036 5227 perpolitus
2075 5175 2186 5213 cum
2219 5162 2513 5225 privatorum
2547 5161 2846 5223 negotiorum
2877 5158 3032 5207 causis
3063 5158 3336 5219 consen-nnn

1779 5251 1916 5314 quasi
1938 5264 2053 5301 vero
2071 5249 2238 5300 eadem
2267 5254 2578 5311 utrarumque
2602 5248 2721 5297 ratio
2741 5260 2846 5297 esse
2865 5245 3054 5305 debent,
3077 5247 3122 5294 et
3149 5259 3244 5293 non
3273 5246 3332 5295 al·
