<?xml version="1.0" encoding="UTF-8"?>
<!DOCTYPE html PUBLIC "-//W3C//DTD XHTML 1.0 Transitional//EN"
    "http://www.w3.org/TR/xhtml1/DTD/xhtml1-transitional.dtd">
<html xmlns="http://www.w3.org/1999/xhtml" xml:lang="en" lang="en">
 <head>
  <title>
</title>
<meta http-equiv="Content-Type" content="text/html;charset=utf-8" />
  <meta name='ocr-system' content='tesseract 3.04.00' />
  <meta name='ocr-capabilities' content='ocr_page ocr_carea ocr_par ocr_line ocrx_word'/>
</head>
<body>
  <div class='ocr_page' id='page_1' title='image "./oratoresatticia03unkngoog/oratoresatticia03unkngoog_0287.png"; bbox 0 0 3825 5842; ppageno 0'>
   <div class='ocr_carea' id='block_1_1' title="bbox 100 508 331 590">
    <p class='ocr_par' dir='ltr' id='par_1_1' title="bbox 100 508 331 590">
     <span class='ocr_line' id='line_1_1' title="bbox 100 508 331 590; baseline -0.013 -21"><span class='ocrx_word' id='word_1_1' title='bbox 100 508 331 590; x_wconf 66' lang='lat' dir='ltr'>[tos—110)</span> 
     </span>
    </p>
   </div>
   <div class='ocr_carea' id='block_1_2' title="bbox 92 624 1591 711">
    <p class='ocr_par' dir='ltr' id='par_1_2' title="bbox 92 624 1591 711">
     <span class='ocr_line' id='line_1_2' title="bbox 92 624 1591 711; baseline -0.007 -19"><span class='ocrx_word' id='word_1_2' title='bbox 92 636 203 707; x_wconf 74' lang='grc' dir='ltr'>ἠξίου</span> <span class='ocrx_word' id='word_1_3' title='bbox 245 628 523 711; x_wconf 79' lang='grc' dir='ltr'>Λεωχάρης</span> <span class='ocrx_word' id='word_1_4' title='bbox 549 628 639 688; x_wconf 76' lang='grc' dir='ltr'>καὶ</span> <span class='ocrx_word' id='word_1_5' title='bbox 678 626 1015 705; x_wconf 80' lang='grc' dir='ltr'>Δικαιογένης</span> <span class='ocrx_word' id='word_1_6' title='bbox 1048 624 1250 684; x_wconf 88' lang='grc' dir='ltr'>δίαιταν</span> <span class='ocrx_word' id='word_1_7' title='bbox 1285 628 1425 703; x_wconf 71' lang='grc' dir='ltr'>ἡμᾶς</span> <span class='ocrx_word' id='word_1_8' title='bbox 1472 626 1591 683; x_wconf 78' lang='grc' dir='ltr'>ἐπι-</span> 
     </span>
    </p>
   </div>
   <div class='ocr_carea' id='block_1_3' title="bbox 788 490 2342 561">
    <p class='ocr_par' dir='ltr' id='par_1_3' title="bbox 788 490 2342 561">
     <span class='ocr_line' id='line_1_3' title="bbox 788 490 2342 561; baseline -0.005 0"><span class='ocrx_word' id='word_1_9' title='bbox 788 498 956 561; x_wconf 72' lang='lat' dir='ltr'><strong>ISAEI</strong></span> <span class='ocrx_word' id='word_1_10' title='bbox 999 500 1119 559; x_wconf 83' lang='lat' dir='ltr'>OB.</span> <span class='ocrx_word' id='word_1_11' title='bbox 1170 497 1268 557; x_wconf 84' lang='lat' dir='ltr'>DE</span> <span class='ocrx_word' id='word_1_12' title='bbox 1314 492 1792 557; x_wconf 70' lang='lat' dir='ltr'>DIGAEOGEMS</span> <span class='ocrx_word' id='word_1_13' title='bbox 1835 490 2342 555; x_wconf 78' lang='lat' dir='ltr'><strong>HEREDITATE.</strong></span> 
     </span>
    </p>
   </div>
   <div class='ocr_carea' id='block_1_4' title="bbox 3115 504 3220 555">
    <p class='ocr_par' dir='ltr' id='par_1_4' title="bbox 3115 504 3220 555">
     <span class='ocr_line' id='line_1_4' title="bbox 3115 504 3220 555; baseline 0 0"><span class='ocrx_word' id='word_1_14' title='bbox 3115 504 3220 555; x_wconf 79' lang='lat'>271</span> 
     </span>
    </p>
   </div>
   <div class='ocr_carea' id='block_1_5' title="bbox 1684 628 3233 695">
    <p class='ocr_par' dir='ltr' id='par_1_5' title="bbox 1684 628 3233 695">
     <span class='ocr_line' id='line_1_5' title="bbox 1684 628 3233 695; baseline 0.001 -16"><span class='ocrx_word' id='word_1_15' title='bbox 1684 630 1895 681; x_wconf 89' lang='lat' dir='ltr'>cterione</span> <span class='ocrx_word' id='word_1_16' title='bbox 1908 669 1924 694; x_wconf 91' lang='lat'>‚</span> <span class='ocrx_word' id='word_1_17' title='bbox 1956 631 2142 693; x_wconf 85' lang='lat' dir='ltr'>judices</span> <span class='ocrx_word' id='word_1_18' title='bbox 2163 669 2178 694; x_wconf 92' lang='lat'>,</span> <span class='ocrx_word' id='word_1_19' title='bbox 2203 629 2551 681; x_wconf 73' lang='lat' dir='ltr'>convenIebant</span> <span class='ocrx_word' id='word_1_20' title='bbox 2571 642 2661 681; x_wconf 84' lang='lat' dir='ltr'>nos</span> <span class='ocrx_word' id='word_1_21' title='bbox 2689 628 2954 681; x_wconf 82' lang='lat' dir='ltr'>Leochares</span> <span class='ocrx_word' id='word_1_22' title='bbox 2974 631 3120 695; x_wconf 84' lang='lat' dir='ltr'>atque</span> <span class='ocrx_word' id='word_1_23' title='bbox 3149 630 3233 681; x_wconf 86' lang='lat' dir='ltr'>Di-</span> 
     </span>
    </p>
   </div>
   <div class='ocr_carea' id='block_1_6' title="bbox 90 708 3234 897">
    <p class='ocr_par' dir='ltr' id='par_1_6' title="bbox 90 708 3234 897">
     <span class='ocr_line' id='line_1_6' title="bbox 90 708 3233 804; baseline -0.003 -22"><span class='ocrx_word' id='word_1_24' title='bbox 90 718 341 804; x_wconf 71' lang='grc' dir='ltr'>τροπεύειν,</span> <span class='ocrx_word' id='word_1_25' title='bbox 376 719 470 791; x_wconf 79' lang='grc' dir='ltr'>τὴν</span> <span class='ocrx_word' id='word_1_26' title='bbox 498 717 644 789; x_wconf 83' lang='grc' dir='ltr'>δίκην</span> <span class='ocrx_word' id='word_1_27' title='bbox 678 713 1146 792; x_wconf 76' lang='grc' dir='ltr'>ἀναὸαλλομένους.</span> <span class='ocrx_word' id='word_1_28' title='bbox 1173 712 1283 773; x_wconf 69' lang='grc' dir='ltr'>Καὶ</span> <span class='ocrx_word' id='word_1_29' title='bbox 1308 716 1461 791; x_wconf 78' lang='grc' dir='ltr'>ἡμεῖς</span> <span class='ocrx_word' id='word_1_30' title='bbox 1486 708 1592 771; x_wconf 79' lang='grc' dir='ltr'>ὥσ·</span> <span class='ocrx_word' id='word_1_31' title='bbox 1681 732 1939 783; x_wconf 67' lang='lat' dir='ltr'>coeogcnae,</span> <span class='ocrx_word' id='word_1_32' title='bbox 1953 724 2173 785; x_wconf 78' lang='lat' dir='ltr'>rogantes</span> <span class='ocrx_word' id='word_1_33' title='bbox 2185 724 2267 785; x_wconf 90' lang='lat' dir='ltr'>ut,</span> <span class='ocrx_word' id='word_1_34' title='bbox 2289 720 2620 785; x_wconf 76' lang='lat' dir='ltr'>prosecutione</span> <span class='ocrx_word' id='word_1_35' title='bbox 2639 720 2738 771; x_wconf 88' lang='lat' dir='ltr'>litis</span> <span class='ocrx_word' id='word_1_36' title='bbox 2753 720 2884 771; x_wconf 89' lang='lat' dir='ltr'>aliud</span> <span class='ocrx_word' id='word_1_37' title='bbox 2897 721 2946 770; x_wconf 89' lang='lat' dir='ltr'>in</span> <span class='ocrx_word' id='word_1_38' title='bbox 2958 725 3146 785; x_wconf 87' lang='lat' dir='ltr'>tempus</span> <span class='ocrx_word' id='word_1_39' title='bbox 3157 734 3233 771; x_wconf 89' lang='lat' dir='ltr'>re·</span> 
     </span>
     <span class='ocr_line' id='line_1_7' title="bbox 90 799 3234 897; baseline -0.003 -28"><span class='ocrx_word' id='word_1_40' title='bbox 90 834 165 891; x_wconf 70' lang='grc' dir='ltr'>περ</span> <span class='ocrx_word' id='word_1_41' title='bbox 186 806 327 887; x_wconf 80' lang='grc' dir='ltr'>μικρὰ</span> <span class='ocrx_word' id='word_1_42' title='bbox 350 806 673 883; x_wconf 78' lang='grc' dir='ltr'>ἀδικούμενοι</span> <span class='ocrx_word' id='word_1_43' title='bbox 700 804 1137 897; x_wconf 68' lang='grc' dir='ltr'>συνεχωρήσαμεν</span> <span class='ocrx_word' id='word_1_44' title='bbox 1154 848 1171 876; x_wconf 91' lang='grc'>,</span> <span class='ocrx_word' id='word_1_45' title='bbox 1187 802 1279 860; x_wconf 72' lang='grc' dir='ltr'>καὶ</span> <span class='ocrx_word' id='word_1_46' title='bbox 1305 799 1592 882; x_wconf 71' lang='grc' dir='ltr'>ἕπετρέψα·</span> <span class='ocrx_word' id='word_1_47' title='bbox 1677 813 1833 876; x_wconf 81' lang='lat' dir='ltr'>iecta,</span> <span class='ocrx_word' id='word_1_48' title='bbox 1858 813 1988 862; x_wconf 82' lang='lat' dir='ltr'>viam</span> <span class='ocrx_word' id='word_1_49' title='bbox 2015 810 2371 874; x_wconf 84' lang='lat' dir='ltr'>compositionis</span> <span class='ocrx_word' id='word_1_50' title='bbox 2396 823 2481 874; x_wconf 89' lang='lat' dir='ltr'>per</span> <span class='ocrx_word' id='word_1_51' title='bbox 2502 810 2707 860; x_wconf 84' lang='lat' dir='ltr'>arbitros</span> <span class='ocrx_word' id='word_1_52' title='bbox 2733 810 2866 873; x_wconf 87' lang='lat' dir='ltr'>prius</span> <span class='ocrx_word' id='word_1_53' title='bbox 2890 810 3234 873; x_wconf 79' lang='lat' dir='ltr'>experiremur.</span> 
     </span>
    </p>
   </div>
   <div class='ocr_carea' id='block_1_7' title="bbox 74 887 1600 2475">
    <p class='ocr_par' dir='ltr' id='par_1_7' title="bbox 74 887 1600 2475">
     <span class='ocr_line' id='line_1_8' title="bbox 92 887 1595 975; baseline -0.005 -19"><span class='ocrx_word' id='word_1_54' title='bbox 92 922 165 975; x_wconf 81' lang='grc' dir='ltr'>μεν</span> <span class='ocrx_word' id='word_1_55' title='bbox 192 896 455 968; x_wconf 76' lang='grc' dir='ltr'>διαιτηταῖς</span> <span class='ocrx_word' id='word_1_56' title='bbox 478 894 779 973; x_wconf 83' lang='grc' dir='ltr'>τέτταρσιν,</span> <span class='ocrx_word' id='word_1_57' title='bbox 802 898 873 953; x_wconf 81' lang='grc' dir='ltr'>ὧν</span> <span class='ocrx_word' id='word_1_58' title='bbox 900 892 1019 959; x_wconf 79' lang='grc' dir='ltr'>τοὺς</span> <span class='ocrx_word' id='word_1_59' title='bbox 1046 892 1141 968; x_wconf 83' lang='grc' dir='ltr'>μὲν</span> <span class='ocrx_word' id='word_1_60' title='bbox 1176 890 1265 950; x_wconf 80' lang='grc' dir='ltr'>δύο</span> <span class='ocrx_word' id='word_1_61' title='bbox 1288 890 1437 968; x_wconf 76' lang='grc' dir='ltr'>ἡμεῖς</span> <span class='ocrx_word' id='word_1_62' title='bbox 1460 887 1595 968; x_wconf 80' lang='grc' dir='ltr'>ἠγά-</span> 
     </span>
     <span class='ocr_line' id='line_1_9' title="bbox 92 976 1593 1063; baseline -0.005 -19"><span class='ocrx_word' id='word_1_63' title='bbox 92 1010 243 1063; x_wconf 79' lang='grc' dir='ltr'>γομεν,</span> <span class='ocrx_word' id='word_1_64' title='bbox 275 984 385 1051; x_wconf 74' lang='grc' dir='ltr'>τοὺς</span> <span class='ocrx_word' id='word_1_65' title='bbox 429 983 483 1042; x_wconf 87' lang='grc' dir='ltr'>δὲ</span> <span class='ocrx_word' id='word_1_66' title='bbox 530 981 623 1042; x_wconf 83' lang='grc' dir='ltr'>δύο</span> <span class='ocrx_word' id='word_1_67' title='bbox 670 982 867 1041; x_wconf 81' lang='grc' dir='ltr'>ἐκεῖνοι.</span> <span class='ocrx_word' id='word_1_68' title='bbox 970 979 1081 1041; x_wconf 78' lang='grc' dir='ltr'>Καὶ</span> <span class='ocrx_word' id='word_1_69' title='bbox 1122 978 1349 1039; x_wconf 80' lang='grc' dir='ltr'>ἐναντίον</span> <span class='ocrx_word' id='word_1_70' title='bbox 1397 976 1593 1037; x_wconf 78' lang='grc' dir='ltr'>τούτων</span> 
     </span>
     <span class='ocr_line' id='line_1_10' title="bbox 92 1059 1592 1149; baseline -0.004 -18"><span class='ocrx_word' id='word_1_71' title='bbox 92 1071 455 1149; x_wconf 72' lang='grc' dir='ltr'>ὡμολογήσαμεν</span> <span class='ocrx_word' id='word_1_72' title='bbox 482 1072 722 1147; x_wconf 83' lang='grc' dir='ltr'>ἐμμενεῖν</span> <span class='ocrx_word' id='word_1_73' title='bbox 744 1060 905 1137; x_wconf 74' lang='grc' dir='ltr'>οἶςᾶν</span> <span class='ocrx_word' id='word_1_74' title='bbox 940 1059 1079 1127; x_wconf 68' lang='grc' dir='ltr'>οὗτοι</span> <span class='ocrx_word' id='word_1_75' title='bbox 1100 1075 1269 1145; x_wconf 84' lang='grc' dir='ltr'>γνοῖεν</span> <span class='ocrx_word' id='word_1_76' title='bbox 1289 1112 1306 1142; x_wconf 93' lang='grc'>,</span> <span class='ocrx_word' id='word_1_77' title='bbox 1335 1065 1424 1126; x_wconf 80' lang='grc' dir='ltr'>καὶ</span> <span class='ocrx_word' id='word_1_78' title='bbox 1452 1066 1592 1143; x_wconf 81' lang='grc' dir='ltr'>ὠμό·</span> 
     </span>
     <span class='ocr_line' id='line_1_11' title="bbox 94 1153 1596 1239; baseline -0.004 -20"><span class='ocrx_word' id='word_1_79' title='bbox 94 1184 243 1237; x_wconf 81' lang='grc' dir='ltr'>σαμεν.</span> <span class='ocrx_word' id='word_1_80' title='bbox 316 1160 405 1239; x_wconf 75' lang='grc'>(32)</span> <span class='ocrx_word' id='word_1_81' title='bbox 432 1157 543 1219; x_wconf 76' lang='grc' dir='ltr'>Καὶ</span> <span class='ocrx_word' id='word_1_82' title='bbox 564 1160 613 1217; x_wconf 79' lang='lat' dir='ltr'>ot</span> <span class='ocrx_word' id='word_1_83' title='bbox 636 1156 895 1229; x_wconf 84' lang='grc' dir='ltr'>διαιτηταὶ</span> <span class='ocrx_word' id='word_1_84' title='bbox 915 1154 1135 1238; x_wconf 83' lang='grc' dir='ltr'>ἔφασαν,</span> <span class='ocrx_word' id='word_1_85' title='bbox 1158 1158 1204 1213; x_wconf 84' lang='grc' dir='ltr'>εἶ</span> <span class='ocrx_word' id='word_1_86' title='bbox 1226 1153 1319 1231; x_wconf 80' lang='grc' dir='ltr'>μὲν</span> <span class='ocrx_word' id='word_1_87' title='bbox 1342 1153 1596 1231; x_wconf 80' lang='grc' dir='ltr'>ἀνώμοτοι</span> 
     </span>
     <span class='ocr_line' id='line_1_12' title="bbox 74 1241 1593 1323; baseline -0.006 -14"><span class='ocrx_word' id='word_1_88' title='bbox 74 1248 277 1309; x_wconf 74' lang='grc' dir='ltr'>ιδὺναιντ’</span> <span class='ocrx_word' id='word_1_89' title='bbox 304 1248 362 1306; x_wconf 81' lang='grc' dir='ltr'>ἃν</span> <span class='ocrx_word' id='word_1_90' title='bbox 386 1252 533 1323; x_wconf 73' lang='grc' dir='ltr'>ἡμᾶς</span> <span class='ocrx_word' id='word_1_91' title='bbox 550 1245 849 1317; x_wconf 77' lang='grc' dir='ltr'>διαλλάξαι,</span> <span class='ocrx_word' id='word_1_92' title='bbox 878 1244 1015 1305; x_wconf 79' lang='grc' dir='ltr'>οὕτω</span> <span class='ocrx_word' id='word_1_93' title='bbox 1046 1242 1311 1316; x_wconf 78' lang='grc' dir='ltr'>ποιήσειν,</span> <span class='ocrx_word' id='word_1_94' title='bbox 1334 1244 1379 1301; x_wconf 80' lang='grc' dir='ltr'>εἶ</span> <span class='ocrx_word' id='word_1_95' title='bbox 1401 1241 1453 1301; x_wconf 75' lang='grc' dir='ltr'>δὲ</span> <span class='ocrx_word' id='word_1_96' title='bbox 1486 1241 1593 1319; x_wconf 84' lang='grc' dir='ltr'>μή,</span> 
     </span>
     <span class='ocr_line' id='line_1_13' title="bbox 96 1332 1597 1415; baseline -0.006 -18"><span class='ocrx_word' id='word_1_97' title='bbox 96 1338 167 1397; x_wconf 76' lang='grc' dir='ltr'>καὶ</span> <span class='ocrx_word' id='word_1_98' title='bbox 200 1336 326 1397; x_wconf 74' lang='grc' dir='ltr'>αὐτοὶ</span> <span class='ocrx_word' id='word_1_99' title='bbox 350 1333 633 1413; x_wconf 80' lang='grc' dir='ltr'>ὀμόσαντες</span> <span class='ocrx_word' id='word_1_100' title='bbox 661 1334 1038 1415; x_wconf 74' lang='grc' dir='ltr'>ἀποφανεῖσθαι</span> <span class='ocrx_word' id='word_1_101' title='bbox 1066 1332 1101 1391; x_wconf 75' lang='grc' dir='ltr'>ἃ</span> <span class='ocrx_word' id='word_1_102' title='bbox 1132 1332 1309 1391; x_wconf 81' lang='grc' dir='ltr'>δίκάια</span> <span class='ocrx_word' id='word_1_103' title='bbox 1352 1336 1597 1409; x_wconf 76' lang='grc' dir='ltr'>ἡγοῦνται</span> 
     </span>
     <span class='ocr_line' id='line_1_14' title="bbox 100 1416 1597 1505; baseline -0.001 -22"><span class='ocrx_word' id='word_1_104' title='bbox 100 1416 215 1484; x_wconf 73' lang='grc' dir='ltr'>εἶναι.</span> <span class='ocrx_word' id='word_1_105' title='bbox 288 1424 666 1505; x_wconf 81' lang='grc' dir='ltr'>Ἀνακρίναντες</span> <span class='ocrx_word' id='word_1_106' title='bbox 691 1421 745 1481; x_wconf 77' lang='grc' dir='ltr'>δὲ</span> <span class='ocrx_word' id='word_1_107' title='bbox 766 1427 907 1499; x_wconf 74' lang='grc' dir='ltr'>ἡμᾶς</span> <span class='ocrx_word' id='word_1_108' title='bbox 927 1421 1176 1488; x_wconf 78' lang='grc' dir='ltr'>πολλάκις</span> <span class='ocrx_word' id='word_1_109' title='bbox 1202 1420 1293 1480; x_wconf 75' lang='grc' dir='ltr'>καὶ</span> <span class='ocrx_word' id='word_1_110' title='bbox 1319 1419 1597 1496; x_wconf 87' lang='grc' dir='ltr'>πυθόμενοι</span> 
     </span>
     <span class='ocr_line' id='line_1_15' title="bbox 98 1506 1597 1592; baseline -0.003 -22"><span class='ocrx_word' id='word_1_111' title='bbox 98 1513 149 1570; x_wconf 70' lang='grc' dir='ltr'>τὰ</span> <span class='ocrx_word' id='word_1_112' title='bbox 170 1511 431 1592; x_wconf 77' lang='grc' dir='ltr'>πραχθέντα</span> <span class='ocrx_word' id='word_1_113' title='bbox 458 1516 507 1571; x_wconf 78' lang='grc' dir='ltr'>οἱ</span> <span class='ocrx_word' id='word_1_114' title='bbox 546 1512 839 1583; x_wconf 83' lang='grc' dir='ltr'>διαιτηταί,</span> <span class='ocrx_word' id='word_1_115' title='bbox 870 1514 917 1571; x_wconf 78' lang='grc' dir='ltr'>οἱ</span> <span class='ocrx_word' id='word_1_116' title='bbox 954 1509 1047 1589; x_wconf 81' lang='grc' dir='ltr'>μὲν</span> <span class='ocrx_word' id='word_1_117' title='bbox 1080 1510 1170 1569; x_wconf 80' lang='grc' dir='ltr'>δύο</span> <span class='ocrx_word' id='word_1_118' title='bbox 1196 1508 1281 1577; x_wconf 69' lang='grc' dir='ltr'>οὓς</span> <span class='ocrx_word' id='word_1_119' title='bbox 1308 1506 1411 1587; x_wconf 77' lang='grc' dir='ltr'>ἐγὼ</span> <span class='ocrx_word' id='word_1_120' title='bbox 1437 1509 1597 1587; x_wconf 82' lang='grc' dir='ltr'>πρού·</span> 
     </span>
     <span class='ocr_line' id='line_1_16' title="bbox 100 1596 1598 1678; baseline -0.001 -21"><span class='ocrx_word' id='word_1_121' title='bbox 100 1600 316 1678; x_wconf 71' lang='grc' dir='ltr'>ὅτλὸμην,</span> <span class='ocrx_word' id='word_1_122' title='bbox 338 1600 580 1678; x_wconf 76' lang='grc' dir='ltr'>Διότιμος</span> <span class='ocrx_word' id='word_1_123' title='bbox 615 1598 707 1660; x_wconf 80' lang='grc' dir='ltr'>καὶ</span> <span class='ocrx_word' id='word_1_124' title='bbox 736 1602 1087 1673; x_wconf 87' lang='grc' dir='ltr'>Μελάνωπος,</span> <span class='ocrx_word' id='word_1_125' title='bbox 1132 1600 1316 1671; x_wconf 86' lang='grc' dir='ltr'>ἤθελον</span> <span class='ocrx_word' id='word_1_126' title='bbox 1343 1597 1433 1658; x_wconf 80' lang='grc' dir='ltr'>καὶ</span> <span class='ocrx_word' id='word_1_127' title='bbox 1462 1596 1598 1656; x_wconf 79' lang='grc' dir='ltr'>ἀνώ-</span> 
     </span>
     <span class='ocr_line' id='line_1_17' title="bbox 101 1686 1593 1771; baseline -0.002 -24"><span class='ocrx_word' id='word_1_128' title='bbox 101 1712 215 1763; x_wconf 82' lang='grc' dir='ltr'>μοτοι</span> <span class='ocrx_word' id='word_1_129' title='bbox 236 1690 315 1749; x_wconf 80' lang='grc' dir='ltr'>καὶ</span> <span class='ocrx_word' id='word_1_130' title='bbox 332 1689 613 1765; x_wconf 77' lang='grc' dir='ltr'>ὀμόσαντες</span> <span class='ocrx_word' id='word_1_131' title='bbox 637 1688 1005 1771; x_wconf 74' lang='grc' dir='ltr'>ἀποφήνασθαι</span> <span class='ocrx_word' id='word_1_132' title='bbox 1035 1688 1070 1747; x_wconf 75' lang='grc' dir='ltr'>ἃ</span> <span class='ocrx_word' id='word_1_133' title='bbox 1096 1686 1374 1767; x_wconf 74' lang='grc' dir='ltr'>ἐγίνωσκον</span> <span class='ocrx_word' id='word_1_134' title='bbox 1403 1686 1593 1759; x_wconf 80' lang='grc' dir='ltr'>ἀληθέ-</span> 
     </span>
     <span class='ocr_line' id='line_1_18' title="bbox 98 1774 1591 1857; baseline -0.001 -22"><span class='ocrx_word' id='word_1_135' title='bbox 98 1801 227 1836; x_wconf 74' lang='grc' dir='ltr'>στατα</span> <span class='ocrx_word' id='word_1_136' title='bbox 242 1782 295 1837; x_wconf 77' lang='grc' dir='ltr'>ἐκ</span> <span class='ocrx_word' id='word_1_137' title='bbox 310 1783 404 1837; x_wconf 87' lang='grc' dir='ltr'>τῶν</span> <span class='ocrx_word' id='word_1_138' title='bbox 419 1776 737 1856; x_wconf 82' lang='grc' dir='ltr'>λεγομένων,</span> <span class='ocrx_word' id='word_1_139' title='bbox 756 1776 843 1846; x_wconf 77' lang='grc' dir='ltr'>οὓς</span> <span class='ocrx_word' id='word_1_140' title='bbox 863 1776 915 1836; x_wconf 74' lang='grc' dir='ltr'>δὲ</span> <span class='ocrx_word' id='word_1_141' title='bbox 932 1775 1223 1857; x_wconf 81' lang='grc' dir='ltr'>Λεωχάρης</span> <span class='ocrx_word' id='word_1_142' title='bbox 1240 1774 1591 1856; x_wconf 76' lang='grc' dir='ltr'>προύὅάλετο,</span> 
     </span>
     <span class='ocr_line' id='line_1_19' title="bbox 98 1862 1599 1947; baseline -0.001 -23"><span class='ocrx_word' id='word_1_143' title='bbox 98 1868 167 1924; x_wconf 70' lang='grc' dir='ltr'>οὐκ</span> <span class='ocrx_word' id='word_1_144' title='bbox 182 1866 354 1947; x_wconf 79' lang='grc' dir='ltr'>ἔφασαν</span> <span class='ocrx_word' id='word_1_145' title='bbox 382 1866 781 1947; x_wconf 71' lang='grc' dir='ltr'>ἀποφανεῖσθαι.</span> <span class='ocrx_word' id='word_1_146' title='bbox 815 1864 915 1946; x_wconf 77' lang='lat' dir='ltr'>(aa)</span> <span class='ocrx_word' id='word_1_147' title='bbox 941 1864 1127 1927; x_wconf 80' lang='grc' dir='ltr'>Καίτοι</span> <span class='ocrx_word' id='word_1_148' title='bbox 1143 1864 1418 1935; x_wconf 77' lang='grc' dir='ltr'>Διοπείθης</span> <span class='ocrx_word' id='word_1_149' title='bbox 1435 1867 1463 1922; x_wconf 83' lang='grc' dir='ltr'>δ</span> <span class='ocrx_word' id='word_1_150' title='bbox 1481 1862 1599 1923; x_wconf 75' lang='grc' dir='ltr'>ἕτε-</span> 
     </span>
     <span class='ocr_line' id='line_1_20' title="bbox 74 1946 1599 2035; baseline 0 -24"><span class='ocrx_word' id='word_1_151' title='bbox 74 1977 159 2031; x_wconf 65' lang='grc' dir='ltr'>»ρος</span> <span class='ocrx_word' id='word_1_152' title='bbox 180 1959 265 2013; x_wconf 81' lang='grc' dir='ltr'>τῶν</span> <span class='ocrx_word' id='word_1_153' title='bbox 293 1956 558 2026; x_wconf 80' lang='grc' dir='ltr'>διαιτητῶν</span> <span class='ocrx_word' id='word_1_154' title='bbox 596 1952 869 2034; x_wconf 83' lang='grc' dir='ltr'>Λεωχάρει</span> <span class='ocrx_word' id='word_1_155' title='bbox 894 1952 987 2033; x_wconf 81' lang='grc' dir='ltr'>μὲν</span> <span class='ocrx_word' id='word_1_156' title='bbox 1020 1946 1083 2027; x_wconf 70' lang='grc' dir='ltr'>ἦν</span> <span class='ocrx_word' id='word_1_157' title='bbox 1119 1952 1287 2035; x_wconf 80' lang='grc' dir='ltr'>τούτῳ</span> <span class='ocrx_word' id='word_1_158' title='bbox 1323 1952 1599 2027; x_wconf 84' lang='grc' dir='ltr'>κηδεστής,</span> 
     </span>
     <span class='ocr_line' id='line_1_21' title="bbox 100 2040 1598 2123; baseline 0.001 -26"><span class='ocrx_word' id='word_1_159' title='bbox 100 2040 195 2116; x_wconf 78' lang='grc' dir='ltr'>ἐμὸς</span> <span class='ocrx_word' id='word_1_160' title='bbox 227 2043 264 2099; x_wconf 88' lang='grc' dir='ltr'>δ’</span> <span class='ocrx_word' id='word_1_161' title='bbox 289 2042 457 2123; x_wconf 79' lang='grc' dir='ltr'>ἐχθρὸς</span> <span class='ocrx_word' id='word_1_162' title='bbox 496 2041 594 2101; x_wconf 77' lang='grc' dir='ltr'>καὶ</span> <span class='ocrx_word' id='word_1_163' title='bbox 635 2042 887 2109; x_wconf 79' lang='grc' dir='ltr'>ἀντίδικος</span> <span class='ocrx_word' id='word_1_164' title='bbox 927 2042 978 2110; x_wconf 76' lang='grc' dir='ltr'>ἐξ</span> <span class='ocrx_word' id='word_1_165' title='bbox 1018 2040 1202 2122; x_wconf 78' lang='grc' dir='ltr'>ἑτέρων</span> <span class='ocrx_word' id='word_1_166' title='bbox 1246 2040 1598 2119; x_wconf 78' lang='grc' dir='ltr'>συμὸολαίων·</span> 
     </span>
     <span class='ocr_line' id='line_1_22' title="bbox 100 2127 1597 2210; baseline 0.001 -24"><span class='ocrx_word' id='word_1_167' title='bbox 100 2129 355 2207; x_wconf 69' lang='grc' dir='ltr'>Δημάρατος</span> <span class='ocrx_word' id='word_1_168' title='bbox 374 2130 426 2188; x_wconf 85' lang='grc' dir='ltr'>δὲ</span> <span class='ocrx_word' id='word_1_169' title='bbox 448 2134 477 2188; x_wconf 80' lang='grc' dir='ltr'>ὁ</span> <span class='ocrx_word' id='word_1_170' title='bbox 503 2132 624 2207; x_wconf 89' lang='grc' dir='ltr'>μετ’</span> <span class='ocrx_word' id='word_1_171' title='bbox 656 2130 813 2189; x_wconf 74' lang='grc' dir='ltr'>αὐτοῦ</span> <span class='ocrx_word' id='word_1_172' title='bbox 854 2127 1281 2210; x_wconf 80' lang='grc' dir='ltr'>Μνησιπτολέμῳ</span> <span class='ocrx_word' id='word_1_173' title='bbox 1307 2132 1381 2209; x_wconf 80' lang='grc' dir='ltr'>τῷ</span> <span class='ocrx_word' id='word_1_174' title='bbox 1408 2132 1597 2207; x_wconf 77' lang='grc' dir='ltr'>ἰγγυη-</span> 
     </span>
     <span class='ocr_line' id='line_1_23' title="bbox 100 2208 1598 2300; baseline 0.001 -27"><span class='ocrx_word' id='word_1_175' title='bbox 100 2216 265 2300; x_wconf 74' lang='grc' dir='ltr'>στμὲνῳ</span> <span class='ocrx_word' id='word_1_176' title='bbox 286 2218 583 2294; x_wconf 84' lang='grc' dir='ltr'>Δικαιογένη</span> <span class='ocrx_word' id='word_1_177' title='bbox 610 2216 743 2295; x_wconf 80' lang='grc' dir='ltr'>μετὰ</span> <span class='ocrx_word' id='word_1_178' title='bbox 762 2217 1076 2299; x_wconf 79' lang='grc' dir='ltr'>Λεωχάρους</span> <span class='ocrx_word' id='word_1_179' title='bbox 1093 2209 1157 2291; x_wconf 74' lang='grc' dir='ltr'>ἦν</span> <span class='ocrx_word' id='word_1_180' title='bbox 1178 2216 1415 2299; x_wconf 86' lang='grc' dir='ltr'>ἀδελφός.</span> <span class='ocrx_word' id='word_1_181' title='bbox 1434 2208 1598 2277; x_wconf 72' lang='grc' dir='ltr'>Οὗτοι</span> 
     </span>
     <span class='ocr_line' id='line_1_24' title="bbox 100 2304 1600 2388; baseline -0.001 -24"><span class='ocrx_word' id='word_1_182' title='bbox 100 2304 241 2377; x_wconf 69' lang='grc' dir='ltr'>μέντοι</span> <span class='ocrx_word' id='word_1_183' title='bbox 253 2309 334 2365; x_wconf 75' lang='grc' dir='ltr'>οὔκ</span> <span class='ocrx_word' id='word_1_184' title='bbox 364 2306 630 2379; x_wconf 78' lang='grc' dir='ltr'>ἠθέλησαν</span> <span class='ocrx_word' id='word_1_185' title='bbox 676 2306 1069 2388; x_wconf 76' lang='grc' dir='ltr'>ἀποφήνασθαι,</span> <span class='ocrx_word' id='word_1_186' title='bbox 1110 2304 1430 2387; x_wconf 83' lang='grc' dir='ltr'>ὁρκώσαντες</span> <span class='ocrx_word' id='word_1_187' title='bbox 1456 2312 1600 2381; x_wconf 73' lang='grc' dir='ltr'>ἡμᾶς</span> 
     </span>
     <span class='ocr_line' id='line_1_25' title="bbox 100 2382 1597 2475; baseline 0.002 -26"><span class='ocrx_word' id='word_1_188' title='bbox 100 2382 127 2463; x_wconf 73' lang='grc' dir='ltr'>ἦ</span> <span class='ocrx_word' id='word_1_189' title='bbox 149 2392 233 2467; x_wconf 72' lang='grc' dir='ltr'>μὴν</span> <span class='ocrx_word' id='word_1_190' title='bbox 250 2396 469 2473; x_wconf 82' lang='grc' dir='ltr'>ἐμμενεῖν</span> <span class='ocrx_word' id='word_1_191' title='bbox 489 2388 565 2463; x_wconf 79' lang='grc' dir='ltr'>οἷς</span> <span class='ocrx_word' id='word_1_192' title='bbox 590 2392 653 2453; x_wconf 79' lang='grc' dir='ltr'>ἂν</span> <span class='ocrx_word' id='word_1_193' title='bbox 678 2394 825 2453; x_wconf 76' lang='grc' dir='ltr'>αὐτοὶ</span> <span class='ocrx_word' id='word_1_194' title='bbox 851 2394 1039 2475; x_wconf 85' lang='grc' dir='ltr'>γνοῖεν.</span> <span class='ocrx_word' id='word_1_195' title='bbox 1126 2392 1235 2455; x_wconf 76' lang='grc' dir='ltr'>Καὶ</span> <span class='ocrx_word' id='word_1_196' title='bbox 1264 2392 1457 2455; x_wconf 76' lang='grc' dir='ltr'>τούτων</span> <span class='ocrx_word' id='word_1_197' title='bbox 1476 2393 1597 2472; x_wconf 77' lang='grc' dir='ltr'>ὑμῖν</span> 
     </span>
    </p>
   </div>
   <div class='ocr_carea' id='block_1_8' title="bbox 102 2480 989 2679">
    <p class='ocr_par' dir='ltr' id='par_1_8' title="bbox 102 2480 989 2679">
     <span class='ocr_line' id='line_1_26' title="bbox 102 2480 643 2565; baseline 0.002 -25"><span class='ocrx_word' id='word_1_198' title='bbox 102 2480 315 2561; x_wconf 71' lang='grc' dir='ltr'>μάρτυρας</span> <span class='ocrx_word' id='word_1_199' title='bbox 335 2481 643 2565; x_wconf 77' lang='grc' dir='ltr'>παρέξομαι.</span> 
     </span>
     <span class='ocr_line' id='line_1_27' title="bbox 650 2628 989 2679; baseline 0.012 -4"><span class='ocrx_word' id='word_1_200' title='bbox 650 2628 989 2679; x_wconf 74' lang='grc' dir='ltr'>ΜΑΡἸῪΡΒΣ.</span> 
     </span>
    </p>
   </div>
   <div class='ocr_carea' id='block_1_9' title="bbox 70 2741 1614 5395">
    <p class='ocr_par' dir='ltr' id='par_1_9' title="bbox 70 2741 1614 5395">
     <span class='ocr_line' id='line_1_28' title="bbox 159 2741 1599 2834; baseline 0.003 -26"><span class='ocrx_word' id='word_1_201' title='bbox 159 2766 214 2809; x_wconf 72' lang='lat'>34.</span> <span class='ocrx_word' id='word_1_202' title='bbox 246 2752 348 2811; x_wconf 80' lang='grc' dir='ltr'>Οὔκ</span> <span class='ocrx_word' id='word_1_203' title='bbox 370 2741 457 2812; x_wconf 64' lang='grc' dir='ltr'>οὖν</span> <span class='ocrx_word' id='word_1_204' title='bbox 500 2751 667 2813; x_wconf 75' lang='grc' dir='ltr'>δεινὸν</span> <span class='ocrx_word' id='word_1_205' title='bbox 708 2755 754 2813; x_wconf 87' lang='grc' dir='ltr'>εἷ</span> <span class='ocrx_word' id='word_1_206' title='bbox 795 2752 1037 2825; x_wconf 81' lang='grc' dir='ltr'>δεήσεται</span> <span class='ocrx_word' id='word_1_207' title='bbox 1081 2754 1223 2830; x_wconf 74' lang='grc' dir='ltr'>ὑμῶν</span> <span class='ocrx_word' id='word_1_208' title='bbox 1238 2796 1256 2830; x_wconf 91' lang='grc'>,</span> <span class='ocrx_word' id='word_1_209' title='bbox 1300 2742 1345 2811; x_wconf 64' lang='grc' dir='ltr'><em>ὦ</em></span> <span class='ocrx_word' id='word_1_210' title='bbox 1392 2751 1569 2834; x_wconf 79' lang='grc' dir='ltr'>ἄνδρες</span> <span class='ocrx_word' id='word_1_211' title='bbox 1584 2797 1599 2827; x_wconf 93' lang='grc'>,</span> 
     </span>
     <span class='ocr_line' id='line_1_29' title="bbox 70 2838 1600 2924; baseline 0.001 -27"><span class='ocrx_word' id='word_1_212' title='bbox 70 2839 335 2920; x_wconf 68' lang='grc' dir='ltr'>ῦΛεωχάρης</span> <span class='ocrx_word' id='word_1_213' title='bbox 374 2840 809 2924; x_wconf 74' lang='grc' dir='ltr'>ἀποψηφίσασθαι</span> <span class='ocrx_word' id='word_1_214' title='bbox 844 2840 881 2900; x_wconf 73' lang='grc' dir='ltr'><strong>ἃ</strong></span> <span class='ocrx_word' id='word_1_215' title='bbox 924 2840 1197 2914; x_wconf 86' lang='grc' dir='ltr'>Διοπείθης</span> <span class='ocrx_word' id='word_1_216' title='bbox 1239 2838 1495 2912; x_wconf 80' lang='grc' dir='ltr'>κηδεστὴς</span> <span class='ocrx_word' id='word_1_217' title='bbox 1528 2838 1600 2899; x_wconf 82' lang='grc' dir='ltr'>ὢν</span> 
     </span>
     <span class='ocr_line' id='line_1_30' title="bbox 101 2924 1604 3009; baseline 0.002 -30"><span class='ocrx_word' id='word_1_218' title='bbox 101 2924 220 2982; x_wconf 72' lang='grc' dir='ltr'>αὐτοῦ</span> <span class='ocrx_word' id='word_1_219' title='bbox 255 2928 668 3009; x_wconf 74' lang='grc' dir='ltr'>κατεψηφίσατο;</span> <span class='ocrx_word' id='word_1_220' title='bbox 708 2926 745 3000; x_wconf 80' lang='grc' dir='ltr'>ἢ</span> <span class='ocrx_word' id='word_1_221' title='bbox 779 2931 901 3007; x_wconf 76' lang='grc' dir='ltr'>ὑμῖν</span> <span class='ocrx_word' id='word_1_222' title='bbox 946 2931 1056 2995; x_wconf 87' lang='grc' dir='ltr'>πῶς</span> <span class='ocrx_word' id='word_1_223' title='bbox 1102 2926 1264 2987; x_wconf 84' lang='grc' dir='ltr'>καλὸν</span> <span class='ocrx_word' id='word_1_224' title='bbox 1302 2929 1604 3007; x_wconf 81' lang='grc' dir='ltr'>ἀπογνῶναι</span> 
     </span>
     <span class='ocr_line' id='line_1_31' title="bbox 100 3013 1599 3097; baseline 0.003 -26"><span class='ocrx_word' id='word_1_225' title='bbox 100 3013 353 3095; x_wconf 74' lang='grc' dir='ltr'>Λεωχάρους</span> <span class='ocrx_word' id='word_1_226' title='bbox 368 3015 402 3074; x_wconf 79' lang='grc' dir='ltr'>ἅ</span> <span class='ocrx_word' id='word_1_227' title='bbox 418 3038 477 3095; x_wconf 91' lang='grc' dir='ltr'>γε</span> <span class='ocrx_word' id='word_1_228' title='bbox 494 3016 607 3077; x_wconf 76' lang='grc' dir='ltr'>οὐδ’</span> <span class='ocrx_word' id='word_1_229' title='bbox 626 3019 675 3076; x_wconf 74' lang='grc' dir='ltr'>οἱ</span> <span class='ocrx_word' id='word_1_230' title='bbox 706 3016 1055 3097; x_wconf 86' lang='grc' dir='ltr'>προσήκοντες</span> <span class='ocrx_word' id='word_1_231' title='bbox 1076 3018 1233 3076; x_wconf 76' lang='grc' dir='ltr'>αὐτοῦ</span> <span class='ocrx_word' id='word_1_232' title='bbox 1256 3015 1562 3095; x_wconf 74' lang='grc' dir='ltr'>ἀπέγνωσαν</span> <span class='ocrx_word' id='word_1_233' title='bbox 1582 3038 1599 3096; x_wconf 86' lang='grc'><strong>;</strong></span> 
     </span>
     <span class='ocr_line' id='line_1_32' title="bbox 100 3094 1603 3189; baseline 0.005 -33"><span class='ocrx_word' id='word_1_234' title='bbox 100 3099 253 3177; x_wconf 78' lang='grc' dir='ltr'>Δέομαι</span> <span class='ocrx_word' id='word_1_235' title='bbox 291 3094 373 3163; x_wconf 72' lang='grc' dir='ltr'>οὗν</span> <span class='ocrx_word' id='word_1_236' title='bbox 412 3108 559 3183; x_wconf 79' lang='grc' dir='ltr'>ὑμῶν</span> <span class='ocrx_word' id='word_1_237' title='bbox 588 3104 1055 3189; x_wconf 80' lang='grc' dir='ltr'>καταψηφίσασθαι</span> <span class='ocrx_word' id='word_1_238' title='bbox 1086 3103 1430 3187; x_wconf 78' lang='grc' dir='ltr'>Λεωχάρους,</span> <span class='ocrx_word' id='word_1_239' title='bbox 1472 3103 1539 3165; x_wconf 76' lang='grc' dir='ltr'>ἵν’</span> <span class='ocrx_word' id='word_1_240' title='bbox 1568 3104 1603 3163; x_wconf 74' lang='grc' dir='ltr'>ἃ</span> 
     </span>
     <span class='ocr_line' id='line_1_33' title="bbox 98 3189 1601 3272; baseline 0.004 -27"><span class='ocrx_word' id='word_1_241' title='bbox 98 3189 195 3263; x_wconf 71' lang='grc' dir='ltr'>ἡμῖν</span> <span class='ocrx_word' id='word_1_242' title='bbox 212 3192 253 3249; x_wconf 79' lang='grc' dir='ltr'>οἱ</span> <span class='ocrx_word' id='word_1_243' title='bbox 274 3190 503 3272; x_wconf 89' lang='grc' dir='ltr'>πρόγονοι</span> <span class='ocrx_word' id='word_1_244' title='bbox 526 3192 810 3253; x_wconf 76' lang='grc' dir='ltr'>κατέλιπον</span> <span class='ocrx_word' id='word_1_245' title='bbox 839 3191 1176 3271; x_wconf 81' lang='grc' dir='ltr'>κομισώμεθα</span> <span class='ocrx_word' id='word_1_246' title='bbox 1190 3236 1207 3267; x_wconf 93' lang='grc'>,</span> <span class='ocrx_word' id='word_1_247' title='bbox 1231 3192 1321 3251; x_wconf 79' lang='grc' dir='ltr'>καὶ</span> <span class='ocrx_word' id='word_1_248' title='bbox 1345 3192 1419 3271; x_wconf 81' lang='grc' dir='ltr'>μὴ</span> <span class='ocrx_word' id='word_1_249' title='bbox 1450 3192 1601 3272; x_wconf 88' lang='grc' dir='ltr'>μόνον</span> 
     </span>
     <span class='ocr_line' id='line_1_34' title="bbox 100 3274 1602 3363; baseline 0.002 -27"><span class='ocrx_word' id='word_1_250' title='bbox 100 3274 147 3331; x_wconf 75' lang='grc' dir='ltr'><strong>τᾶ</strong></span> <span class='ocrx_word' id='word_1_251' title='bbox 162 3278 357 3355; x_wconf 80' lang='grc' dir='ltr'>ὀνόματα</span> <span class='ocrx_word' id='word_1_252' title='bbox 381 3282 550 3341; x_wconf 76' lang='grc' dir='ltr'>αὐτῶν</span> <span class='ocrx_word' id='word_1_253' title='bbox 566 3281 796 3363; x_wconf 76' lang='grc' dir='ltr'>ἔχωμεν,</span> <span class='ocrx_word' id='word_1_254' title='bbox 822 3280 959 3342; x_wconf 72' lang='grc' dir='ltr'>ἀλλὰ</span> <span class='ocrx_word' id='word_1_255' title='bbox 981 3281 1071 3341; x_wconf 76' lang='grc' dir='ltr'>καὶ</span> <span class='ocrx_word' id='word_1_256' title='bbox 1092 3280 1160 3339; x_wconf 74' lang='grc' dir='ltr'>τὰ</span> <span class='ocrx_word' id='word_1_257' title='bbox 1185 3280 1439 3362; x_wconf 82' lang='grc' dir='ltr'>χρήματα</span> <span class='ocrx_word' id='word_1_258' title='bbox 1458 3301 1471 3315; x_wconf 91' lang='grc'><em>·</em></span> <span class='ocrx_word' id='word_1_259' title='bbox 1500 3286 1602 3341; x_wconf 90' lang='grc' dir='ltr'>τῶν</span> 
     </span>
     <span class='ocr_line' id='line_1_35' title="bbox 104 3362 1604 3451; baseline 0.003 -26"><span class='ocrx_word' id='word_1_260' title='bbox 104 3362 143 3419; x_wconf 67' lang='grc' dir='ltr'>δὲ</span> <span class='ocrx_word' id='word_1_261' title='bbox 160 3366 437 3449; x_wconf 79' lang='grc' dir='ltr'>Λεωχάρους</span> <span class='ocrx_word' id='word_1_262' title='bbox 464 3370 613 3429; x_wconf 79' lang='grc' dir='ltr'>ἰδίων</span> <span class='ocrx_word' id='word_1_263' title='bbox 638 3372 733 3429; x_wconf 78' lang='grc' dir='ltr'>οὐκ</span> <span class='ocrx_word' id='word_1_264' title='bbox 752 3373 1125 3449; x_wconf 77' lang='grc' dir='ltr'>ἐπιθυμοῦμεν.</span> <span class='ocrx_word' id='word_1_265' title='bbox 1212 3374 1303 3449; x_wconf 70' lang='lat' dir='ltr'>(ab)</span> <span class='ocrx_word' id='word_1_266' title='bbox 1328 3372 1604 3451; x_wconf 82' lang='grc' dir='ltr'>Δικαιογέ-</span> 
     </span>
     <span class='ocr_line' id='line_1_36' title="bbox 98 3448 1603 3541; baseline 0.005 -28"><span class='ocrx_word' id='word_1_267' title='bbox 98 3476 164 3523; x_wconf 73' lang='grc' dir='ltr'>νην</span> <span class='ocrx_word' id='word_1_268' title='bbox 182 3448 331 3535; x_wconf 74' lang='grc' dir='ltr'>γάρ,ὦ</span> <span class='ocrx_word' id='word_1_269' title='bbox 352 3458 548 3539; x_wconf 78' lang='grc' dir='ltr'>ἄνδρες,</span> <span class='ocrx_word' id='word_1_270' title='bbox 566 3457 679 3518; x_wconf 80' lang='grc' dir='ltr'>οὔτ’</span> <span class='ocrx_word' id='word_1_271' title='bbox 711 3461 870 3519; x_wconf 71' lang='grc' dir='ltr'>ἐλεεῖν</span> <span class='ocrx_word' id='word_1_272' title='bbox 895 3460 1010 3519; x_wconf 79' lang='grc' dir='ltr'>ἔστε</span> <span class='ocrx_word' id='word_1_273' title='bbox 1027 3458 1215 3519; x_wconf 88' lang='grc' dir='ltr'>δίκαιοι</span> <span class='ocrx_word' id='word_1_274' title='bbox 1242 3463 1415 3528; x_wconf 86' lang='grc' dir='ltr'>κακῶς</span> <span class='ocrx_word' id='word_1_275' title='bbox 1434 3461 1603 3541; x_wconf 86' lang='grc' dir='ltr'>πράτ·</span> 
     </span>
     <span class='ocr_line' id='line_1_37' title="bbox 102 3538 1601 3630; baseline 0.009 -36"><span class='ocrx_word' id='word_1_276' title='bbox 102 3560 215 3598; x_wconf 70' lang='grc' dir='ltr'>ποντα</span> <span class='ocrx_word' id='word_1_277' title='bbox 241 3543 320 3602; x_wconf 80' lang='grc' dir='ltr'>καὶ</span> <span class='ocrx_word' id='word_1_278' title='bbox 342 3548 626 3626; x_wconf 86' lang='grc' dir='ltr'>πενόμενον</span> <span class='ocrx_word' id='word_1_279' title='bbox 642 3592 657 3622; x_wconf 93' lang='grc'>,</span> <span class='ocrx_word' id='word_1_280' title='bbox 688 3546 794 3607; x_wconf 83' lang='grc' dir='ltr'>οὔτ’</span> <span class='ocrx_word' id='word_1_281' title='bbox 826 3538 884 3607; x_wconf 69' lang='grc' dir='ltr'>εὗ</span> <span class='ocrx_word' id='word_1_282' title='bbox 909 3556 1073 3607; x_wconf 85' lang='grc' dir='ltr'>ποιεῖν</span> <span class='ocrx_word' id='word_1_283' title='bbox 1102 3550 1173 3617; x_wconf 81' lang='grc' dir='ltr'>ὥς</span> <span class='ocrx_word' id='word_1_284' title='bbox 1200 3547 1392 3629; x_wconf 86' lang='grc' dir='ltr'>ἀγαθόν</span> <span class='ocrx_word' id='word_1_285' title='bbox 1417 3572 1467 3607; x_wconf 91' lang='grc' dir='ltr'>τι</span> <span class='ocrx_word' id='word_1_286' title='bbox 1492 3550 1601 3630; x_wconf 83' lang='grc' dir='ltr'>εἰρ-</span> 
     </span>
     <span class='ocr_line' id='line_1_38' title="bbox 101 3629 1603 3719; baseline 0.006 -33"><span class='ocrx_word' id='word_1_287' title='bbox 101 3629 303 3706; x_wconf 70' lang='grc' dir='ltr'>γασμένον</span> <span class='ocrx_word' id='word_1_288' title='bbox 322 3634 413 3707; x_wconf 83' lang='grc' dir='ltr'>τὴν</span> <span class='ocrx_word' id='word_1_289' title='bbox 434 3635 612 3696; x_wconf 83' lang='grc' dir='ltr'>πόλιν·</span> <span class='ocrx_word' id='word_1_290' title='bbox 642 3636 888 3717; x_wconf 77' lang='grc' dir='ltr'>οὐδέτερα</span> <span class='ocrx_word' id='word_1_291' title='bbox 915 3636 1017 3719; x_wconf 74' lang='grc' dir='ltr'>γὰρ</span> <span class='ocrx_word' id='word_1_292' title='bbox 1045 3638 1191 3717; x_wconf 79' lang='grc' dir='ltr'>αὐτῷ</span> <span class='ocrx_word' id='word_1_293' title='bbox 1216 3634 1409 3695; x_wconf 83' lang='grc' dir='ltr'>τούτων</span> <span class='ocrx_word' id='word_1_294' title='bbox 1434 3637 1603 3719; x_wconf 78' lang='grc' dir='ltr'>ὖπάρ·</span> 
     </span>
     <span class='ocr_line' id='line_1_39' title="bbox 106 3712 1602 3805; baseline 0.001 -25"><span class='ocrx_word' id='word_1_295' title='bbox 106 3734 183 3791; x_wconf 68' lang='grc' dir='ltr'>χει,</span> <span class='ocrx_word' id='word_1_296' title='bbox 205 3722 262 3785; x_wconf 76' lang='grc' dir='ltr'>ὡς</span> <span class='ocrx_word' id='word_1_297' title='bbox 286 3720 380 3799; x_wconf 74' lang='grc' dir='ltr'>ἐγὼ</span> <span class='ocrx_word' id='word_1_298' title='bbox 401 3726 679 3805; x_wconf 83' lang='grc' dir='ltr'>ἀποφανῶ,</span> <span class='ocrx_word' id='word_1_299' title='bbox 700 3712 745 3783; x_wconf 67' lang='grc' dir='ltr'><em>ὦ</em></span> <span class='ocrx_word' id='word_1_300' title='bbox 774 3722 973 3804; x_wconf 82' lang='grc' dir='ltr'>ἄνδρες.</span> <span class='ocrx_word' id='word_1_301' title='bbox 995 3720 1143 3801; x_wconf 72' lang='grc' dir='ltr'>Ἅμα</span> <span class='ocrx_word' id='word_1_302' title='bbox 1166 3722 1220 3783; x_wconf 89' lang='grc' dir='ltr'>δὲ</span> <span class='ocrx_word' id='word_1_303' title='bbox 1250 3724 1340 3783; x_wconf 85' lang='grc' dir='ltr'>καὶ</span> <span class='ocrx_word' id='word_1_304' title='bbox 1358 3724 1602 3784; x_wconf 83' lang='grc' dir='ltr'>πλούσιον</span> 
     </span>
     <span class='ocr_line' id='line_1_40' title="bbox 71 3802 1605 3892; baseline 0.009 -35"><span class='ocrx_word' id='word_1_305' title='bbox 71 3816 89 3853; x_wconf 67' lang='lat'><strong>5</strong></span> <span class='ocrx_word' id='word_1_306' title='bbox 106 3802 501 3889; x_wconf 73' lang='grc' dir='ltr'>καὶπονηρότατον</span> <span class='ocrx_word' id='word_1_307' title='bbox 517 3811 679 3871; x_wconf 78' lang='grc' dir='ltr'>αὐτὸν</span> <span class='ocrx_word' id='word_1_308' title='bbox 706 3810 829 3871; x_wconf 78' lang='grc' dir='ltr'>ὄντα</span> <span class='ocrx_word' id='word_1_309' title='bbox 846 3810 1130 3892; x_wconf 82' lang='grc' dir='ltr'>ἀνθρώπων</span> <span class='ocrx_word' id='word_1_310' title='bbox 1148 3812 1401 3882; x_wconf 83' lang='grc' dir='ltr'>ἀποδείξω</span> <span class='ocrx_word' id='word_1_311' title='bbox 1424 3812 1513 3871; x_wconf 75' lang='grc' dir='ltr'>καὶ</span> <span class='ocrx_word' id='word_1_312' title='bbox 1534 3814 1605 3882; x_wconf 79' lang='grc' dir='ltr'>εἷς</span> 
     </span>
     <span class='ocr_line' id='line_1_41' title="bbox 102 3888 1601 3982; baseline 0.005 -28"><span class='ocrx_word' id='word_1_313' title='bbox 102 3888 171 3981; x_wconf 53' lang='lat'>³4?</span> <span class='ocrx_word' id='word_1_314' title='bbox 189 3896 314 3956; x_wconf 81' lang='grc' dir='ltr'>πόλιν</span> <span class='ocrx_word' id='word_1_315' title='bbox 334 3900 421 3959; x_wconf 78' lang='grc' dir='ltr'>καὶ</span> <span class='ocrx_word' id='word_1_316' title='bbox 447 3902 519 3969; x_wconf 77' lang='grc' dir='ltr'>εἰς</span> <span class='ocrx_word' id='word_1_317' title='bbox 542 3900 665 3969; x_wconf 72' lang='grc' dir='ltr'>τοὺς</span> <span class='ocrx_word' id='word_1_318' title='bbox 690 3899 1047 3981; x_wconf 73' lang='grc' dir='ltr'>προσήκοντας</span> <span class='ocrx_word' id='word_1_319' title='bbox 1068 3900 1157 3960; x_wconf 77' lang='grc' dir='ltr'>καὶ</span> <span class='ocrx_word' id='word_1_320' title='bbox 1180 3904 1251 3968; x_wconf 82' lang='grc' dir='ltr'>εἰς</span> <span class='ocrx_word' id='word_1_321' title='bbox 1272 3900 1388 3969; x_wconf 77' lang='grc' dir='ltr'>τοὺς</span> <span class='ocrx_word' id='word_1_322' title='bbox 1408 3901 1601 3982; x_wconf 87' lang='grc' dir='ltr'>φίλους.</span> 
     </span>
     <span class='ocr_line' id='line_1_42' title="bbox 100 3980 1605 4071; baseline 0 -22"><span class='ocrx_word' id='word_1_323' title='bbox 100 3980 225 4049; x_wconf 53' lang='grc' dir='ltr'>(Εἴθε</span> <span class='ocrx_word' id='word_1_324' title='bbox 247 3984 335 4067; x_wconf 68' lang='grc' dir='ltr'>γὰρ</span> <span class='ocrx_word' id='word_1_325' title='bbox 352 3987 681 4071; x_wconf 73' lang='grc' dir='ltr'>παραλαὸὼν</span> <span class='ocrx_word' id='word_1_326' title='bbox 705 3989 791 4048; x_wconf 76' lang='grc' dir='ltr'>τὸν</span> <span class='ocrx_word' id='word_1_327' title='bbox 828 3990 1018 4071; x_wconf 80' lang='grc' dir='ltr'>κλῆρον</span> <span class='ocrx_word' id='word_1_328' title='bbox 1053 3992 1179 4070; x_wconf 83' lang='grc' dir='ltr'>παρ’</span> <span class='ocrx_word' id='word_1_329' title='bbox 1199 3993 1352 4067; x_wconf 82' lang='grc' dir='ltr'>ἡμῶν</span> <span class='ocrx_word' id='word_1_330' title='bbox 1384 3988 1605 4071; x_wconf 80' lang='grc' dir='ltr'>φέροντα</span> 
     </span>
     <span class='ocr_line' id='line_1_43' title="bbox 102 4067 1605 4159; baseline 0.008 -32"><span class='ocrx_word' id='word_1_331' title='bbox 102 4067 299 4139; x_wconf 69' lang='grc' dir='ltr'>μίσθωσιν</span> <span class='ocrx_word' id='word_1_332' title='bbox 318 4082 403 4134; x_wconf 77' lang='grc' dir='ltr'>τοῦ</span> <span class='ocrx_word' id='word_1_333' title='bbox 430 4080 670 4137; x_wconf 75' lang='grc' dir='ltr'>ἐνιαυτοῦ</span> <span class='ocrx_word' id='word_1_334' title='bbox 691 4075 1007 4156; x_wconf 83' lang='grc' dir='ltr'>ὀγδοήκοντα</span> <span class='ocrx_word' id='word_1_335' title='bbox 1024 4087 1181 4156; x_wconf 69' lang='grc' dir='ltr'>μνᾶς,</span> <span class='ocrx_word' id='word_1_336' title='bbox 1197 4080 1605 4159; x_wconf 87' lang='grc' dir='ltr'>καρπωσάμενος</span> 
     </span>
     <span class='ocr_line' id='line_1_44' title="bbox 106 4156 1605 4247; baseline 0.009 -34"><span class='ocrx_word' id='word_1_337' title='bbox 106 4156 219 4215; x_wconf 66' lang='grc' dir='ltr'>αὐτὸν</span> <span class='ocrx_word' id='word_1_338' title='bbox 242 4160 355 4221; x_wconf 78' lang='grc' dir='ltr'>δέκα</span> <span class='ocrx_word' id='word_1_339' title='bbox 374 4162 459 4237; x_wconf 80' lang='grc' dir='ltr'>ἔτη</span> <span class='ocrx_word' id='word_1_340' title='bbox 490 4164 613 4225; x_wconf 84' lang='grc' dir='ltr'>οὔτε</span> <span class='ocrx_word' id='word_1_341' title='bbox 638 4166 879 4247; x_wconf 78' lang='grc' dir='ltr'>ἀργύριον</span> <span class='ocrx_word' id='word_1_342' title='bbox 898 4165 1153 4243; x_wconf 77' lang='grc' dir='ltr'>ὡμολόγει</span> <span class='ocrx_word' id='word_1_343' title='bbox 1170 4170 1454 4239; x_wconf 72' lang='grc' dir='ltr'>κεκτῆσθαι</span> <span class='ocrx_word' id='word_1_344' title='bbox 1490 4166 1605 4228; x_wconf 78' lang='grc' dir='ltr'>οὔτε</span> 
     </span>
     <span class='ocr_line' id='line_1_45' title="bbox 105 4242 1605 4342; baseline 0.003 -32"><span class='ocrx_word' id='word_1_345' title='bbox 105 4242 193 4342; x_wconf 52' lang='lat'>’⁴¹30‘</span> <span class='ocrx_word' id='word_1_346' title='bbox 216 4250 455 4320; x_wconf 70' lang='grc' dir='ltr'>ἀνήλωσεν</span> <span class='ocrx_word' id='word_1_347' title='bbox 479 4252 596 4333; x_wconf 81' lang='grc' dir='ltr'>ἔχοι</span> <span class='ocrx_word' id='word_1_348' title='bbox 625 4252 691 4312; x_wconf 73' lang='grc' dir='ltr'>ἂν</span> <span class='ocrx_word' id='word_1_349' title='bbox 719 4254 997 4329; x_wconf 78' lang='grc' dir='ltr'>ἐπιδεῖξαι,</span> <span class='ocrx_word' id='word_1_350' title='bbox 1022 4242 1067 4312; x_wconf 72' lang='grc' dir='ltr'>ῶ</span> <span class='ocrx_word' id='word_1_351' title='bbox 1099 4254 1295 4334; x_wconf 69' lang='grc' dir='ltr'>ἄνδρες.</span> <span class='ocrx_word' id='word_1_352' title='bbox 1332 4257 1417 4333; x_wconf 73' lang='lat' dir='ltr'>(aa)</span> <span class='ocrx_word' id='word_1_353' title='bbox 1437 4252 1605 4325; x_wconf 83' lang='grc' dir='ltr'>Ἄξιον</span> 
     </span>
     <span class='ocr_line' id='line_1_46' title="bbox 107 4328 1609 4423; baseline 0.009 -33"><span class='ocrx_word' id='word_1_354' title='bbox 107 4328 145 4387; x_wconf 72' lang='grc' dir='ltr'>δε</span> <span class='ocrx_word' id='word_1_355' title='bbox 176 4334 249 4393; x_wconf 76' lang='grc' dir='ltr'>καὶ</span> <span class='ocrx_word' id='word_1_356' title='bbox 270 4338 379 4417; x_wconf 79' lang='grc' dir='ltr'>ὑμῖν</span> <span class='ocrx_word' id='word_1_357' title='bbox 414 4342 743 4420; x_wconf 84' lang='grc' dir='ltr'>λογίσασθαι.</span> <span class='ocrx_word' id='word_1_358' title='bbox 807 4332 972 4409; x_wconf 67' lang='grc' dir='ltr'>Οὗτος</span> <span class='ocrx_word' id='word_1_359' title='bbox 1008 4342 1109 4423; x_wconf 80' lang='grc' dir='ltr'>γὰρ</span> <span class='ocrx_word' id='word_1_360' title='bbox 1135 4346 1201 4423; x_wconf 81' lang='grc' dir='ltr'>τῇ</span> <span class='ocrx_word' id='word_1_361' title='bbox 1232 4340 1325 4420; x_wconf 76' lang='grc' dir='ltr'>μὲν</span> <span class='ocrx_word' id='word_1_362' title='bbox 1358 4342 1494 4423; x_wconf 81' lang='grc' dir='ltr'>φυλῇ</span> <span class='ocrx_word' id='word_1_363' title='bbox 1538 4344 1609 4410; x_wconf 83' lang='grc' dir='ltr'>εἰς</span> 
     </span>
     <span class='ocr_line' id='line_1_47' title="bbox 70 4422 1607 4513; baseline 0.008 -35"><span class='ocrx_word' id='word_1_364' title='bbox 70 4422 300 4482; x_wconf 57' lang='lat' dir='ltr'>”stov-5022</span> <span class='ocrx_word' id='word_1_365' title='bbox 341 4430 647 4509; x_wconf 77' lang='grc' dir='ltr'>χορηγήσας</span> <span class='ocrx_word' id='word_1_366' title='bbox 683 4428 925 4511; x_wconf 77' lang='grc' dir='ltr'>τέταρτος</span> <span class='ocrx_word' id='word_1_367' title='bbox 953 4428 1180 4509; x_wconf 66' lang='grc' dir='ltr'>ἐγένετο,</span> <span class='ocrx_word' id='word_1_368' title='bbox 1228 4434 1509 4513; x_wconf 84' lang='grc' dir='ltr'>τραγῳδοῖς</span> <span class='ocrx_word' id='word_1_369' title='bbox 1551 4432 1607 4491; x_wconf 64' lang='grc' dir='ltr'>δὲ</span> 
     </span>
     <span class='ocr_line' id='line_1_48' title="bbox 110 4508 1607 4599; baseline 0.007 -30"><span class='ocrx_word' id='word_1_370' title='bbox 110 4508 173 4563; x_wconf 65' lang='grc' dir='ltr'>καὶ</span> <span class='ocrx_word' id='word_1_371' title='bbox 200 4522 534 4596; x_wconf 79' lang='grc' dir='ltr'>πυρριχισταῖς</span> <span class='ocrx_word' id='word_1_372' title='bbox 566 4516 808 4587; x_wconf 73' lang='grc' dir='ltr'>ὕστατος·</span> <span class='ocrx_word' id='word_1_373' title='bbox 838 4518 1032 4587; x_wconf 83' lang='grc' dir='ltr'>ταύτας</span> <span class='ocrx_word' id='word_1_374' title='bbox 1076 4516 1131 4577; x_wconf 80' lang='grc' dir='ltr'>δὲ</span> <span class='ocrx_word' id='word_1_375' title='bbox 1177 4518 1336 4597; x_wconf 89' lang='grc' dir='ltr'>μόνας</span> <span class='ocrx_word' id='word_1_376' title='bbox 1378 4521 1607 4599; x_wconf 86' lang='grc' dir='ltr'>ἀναγκα·</span> 
     </span>
     <span class='ocr_line' id='line_1_49' title="bbox 112 4598 1607 4689; baseline 0.001 -26"><span class='ocrx_word' id='word_1_377' title='bbox 112 4598 212 4663; x_wconf 61' lang='grc' dir='ltr'>ΰθῑὶς</span> <span class='ocrx_word' id='word_1_378' title='bbox 232 4602 537 4686; x_wconf 85' lang='grc' dir='ltr'>λειτουργίας</span> <span class='ocrx_word' id='word_1_379' title='bbox 556 4609 923 4689; x_wconf 76' lang='grc' dir='ltr'>λειτουργῆσαι</span> <span class='ocrx_word' id='word_1_380' title='bbox 942 4607 1047 4666; x_wconf 72' lang='grc' dir='ltr'>ἀπὸ</span> <span class='ocrx_word' id='word_1_381' title='bbox 1074 4608 1334 4677; x_wconf 81' lang='grc' dir='ltr'>τοσαύτης</span> <span class='ocrx_word' id='word_1_382' title='bbox 1354 4606 1607 4689; x_wconf 86' lang='grc' dir='ltr'>προσόδου</span> 
     </span>
     <span class='ocr_line' id='line_1_50' title="bbox 112 4680 1609 4777; baseline 0.001 -25"><span class='ocrx_word' id='word_1_383' title='bbox 112 4680 213 4745; x_wconf 55' lang='lat'>⁹3⁴⁵&amp;</span> <span class='ocrx_word' id='word_1_384' title='bbox 234 4692 387 4759; x_wconf 69' lang='grc' dir='ltr'>καλῶς</span> <span class='ocrx_word' id='word_1_385' title='bbox 410 4694 755 4775; x_wconf 77' lang='grc' dir='ltr'>ἐχορήγησεν.</span> <span class='ocrx_word' id='word_1_386' title='bbox 841 4695 999 4756; x_wconf 75' lang='grc' dir='ltr'>Ἀλλὰ</span> <span class='ocrx_word' id='word_1_387' title='bbox 1031 4695 1135 4773; x_wconf 74' lang='grc' dir='ltr'>μὴν</span> <span class='ocrx_word' id='word_1_388' title='bbox 1164 4694 1497 4777; x_wconf 87' lang='grc' dir='ltr'>τριηράρχων</span> <span class='ocrx_word' id='word_1_389' title='bbox 1524 4716 1609 4753; x_wconf 87' lang='grc' dir='ltr'>το·-</span> 
     </span>
     <span class='ocr_line' id='line_1_51' title="bbox 116 4776 1608 4865; baseline 0.009 -38"><span class='ocrx_word' id='word_1_390' title='bbox 116 4776 264 4834; x_wconf 58' lang='lat' dir='ltr'>emim</span> <span class='ocrx_word' id='word_1_391' title='bbox 286 4783 711 4843; x_wconf 78' lang='grc' dir='ltr'>κατασταθέντων</span> <span class='ocrx_word' id='word_1_392' title='bbox 738 4782 845 4843; x_wconf 80' lang='grc' dir='ltr'>οὔτ’</span> <span class='ocrx_word' id='word_1_393' title='bbox 877 4784 1031 4852; x_wconf 78' lang='grc' dir='ltr'>αὐτὸς</span> <span class='ocrx_word' id='word_1_394' title='bbox 1060 4784 1471 4865; x_wconf 83' lang='grc' dir='ltr'>ἐτριηράρχησεν</span> <span class='ocrx_word' id='word_1_395' title='bbox 1503 4780 1608 4841; x_wconf 84' lang='grc' dir='ltr'>οὔθ’</span> 
     </span>
     <span class='ocr_line' id='line_1_52' title="bbox 120 4860 1612 4953; baseline 0.003 -30"><span class='ocrx_word' id='word_1_396' title='bbox 120 4860 239 4941; x_wconf 62' lang='grc' dir='ltr'>ἑτέρῳ</span> <span class='ocrx_word' id='word_1_397' title='bbox 262 4869 615 4945; x_wconf 71' lang='grc' dir='ltr'>συμὸἑὸληκεν</span> <span class='ocrx_word' id='word_1_398' title='bbox 657 4875 710 4931; x_wconf 79' lang='grc' dir='ltr'>ἐν</span> <span class='ocrx_word' id='word_1_399' title='bbox 744 4871 991 4941; x_wconf 78' lang='grc' dir='ltr'>τοιούτοις</span> <span class='ocrx_word' id='word_1_400' title='bbox 1017 4872 1249 4953; x_wconf 86' lang='grc' dir='ltr'>καιροῖς,</span> <span class='ocrx_word' id='word_1_401' title='bbox 1292 4870 1408 4930; x_wconf 86' lang='grc' dir='ltr'>ἀλλ’</span> <span class='ocrx_word' id='word_1_402' title='bbox 1447 4868 1612 4951; x_wconf 74' lang='grc' dir='ltr'>ἕτεροι</span> 
     </span>
     <span class='ocr_line' id='line_1_53' title="bbox 122 4944 1609 5039; baseline -0.001 -22"><span class='ocrx_word' id='word_1_403' title='bbox 122 4944 189 5017; x_wconf 57' lang='grc' dir='ltr'>μὲν</span> <span class='ocrx_word' id='word_1_404' title='bbox 208 4954 357 5014; x_wconf 66' lang='grc' dir='ltr'>ὠσίαν</span> <span class='ocrx_word' id='word_1_405' title='bbox 384 4959 695 5037; x_wconf 72' lang='grc' dir='ltr'>κεκτημένοι</span> <span class='ocrx_word' id='word_1_406' title='bbox 719 4960 921 5020; x_wconf 79' lang='grc' dir='ltr'>ἐλάττω</span> <span class='ocrx_word' id='word_1_407' title='bbox 958 4959 995 5032; x_wconf 74' lang='grc' dir='ltr'>ἢ</span> <span class='ocrx_word' id='word_1_408' title='bbox 1016 4952 1160 5028; x_wconf 67' lang='grc' dir='ltr'>οὗτος</span> <span class='ocrx_word' id='word_1_409' title='bbox 1189 4958 1441 5039; x_wconf 86' lang='grc' dir='ltr'>μίσθωσιν</span> <span class='ocrx_word' id='word_1_410' title='bbox 1470 4960 1609 5037; x_wconf 77' lang='grc' dir='ltr'>λαμ·</span> 
     </span>
     <span class='ocr_line' id='line_1_54' title="bbox 126 5030 1614 5139; baseline 0.001 -35"><span class='ocrx_word' id='word_1_411' title='bbox 126 5030 232 5139; x_wconf 50' lang='grc' dir='ltr'>ἔξω</span> <span class='ocrx_word' id='word_1_412' title='bbox 246 5053 615 5126; x_wconf 77' lang='grc' dir='ltr'>τριηραρχοῦσι.</span> <span class='ocrx_word' id='word_1_413' title='bbox 700 5049 790 5128; x_wconf 81' lang='grc'>(37)</span> <span class='ocrx_word' id='word_1_414' title='bbox 814 5046 1025 5123; x_wconf 86' lang='grc' dir='ltr'>Καίτοι,</span> <span class='ocrx_word' id='word_1_415' title='bbox 1043 5037 1089 5107; x_wconf 69' lang='grc' dir='ltr'><em>ὦ</em></span> <span class='ocrx_word' id='word_1_416' title='bbox 1106 5047 1313 5129; x_wconf 80' lang='grc' dir='ltr'>ἄνδρες,</span> <span class='ocrx_word' id='word_1_417' title='bbox 1337 5050 1437 5128; x_wconf 75' lang='grc' dir='ltr'>οὐχ</span> <span class='ocrx_word' id='word_1_418' title='bbox 1461 5050 1489 5105; x_wconf 84' lang='grc' dir='ltr'><strong>ὁ</strong></span> <span class='ocrx_word' id='word_1_419' title='bbox 1511 5070 1614 5105; x_wconf 86' lang='grc' dir='ltr'>πα-</span> 
     </span>
     <span class='ocr_line' id='line_1_55' title="bbox 70 5126 1612 5227; baseline -0.005 -25"><span class='ocrx_word' id='word_1_420' title='bbox 70 5126 105 5169; x_wconf 62' lang='grc'><strong><em>·</em></strong></span> <span class='ocrx_word' id='word_1_421' title='bbox 126 5142 195 5227; x_wconf 53' lang='lat' dir='ltr'>ff?</span> <span class='ocrx_word' id='word_1_422' title='bbox 226 5130 345 5214; x_wconf 62' lang='grc' dir='ltr'>αὗτῷ</span> <span class='ocrx_word' id='word_1_423' title='bbox 382 5134 475 5207; x_wconf 75' lang='grc' dir='ltr'>τὴν</span> <span class='ocrx_word' id='word_1_424' title='bbox 500 5134 704 5209; x_wconf 82' lang='grc' dir='ltr'>πολλὴν</span> <span class='ocrx_word' id='word_1_425' title='bbox 746 5136 928 5197; x_wconf 80' lang='grc' dir='ltr'>οὐσίαν</span> <span class='ocrx_word' id='word_1_426' title='bbox 960 5136 1239 5196; x_wconf 79' lang='grc' dir='ltr'>κατέλιπεν</span> <span class='ocrx_word' id='word_1_427' title='bbox 1258 5179 1276 5213; x_wconf 91' lang='grc'>,</span> <span class='ocrx_word' id='word_1_428' title='bbox 1318 5136 1434 5194; x_wconf 82' lang='grc' dir='ltr'>ἀλλ’</span> <span class='ocrx_word' id='word_1_429' title='bbox 1468 5138 1612 5213; x_wconf 82' lang='grc' dir='ltr'>ὑμεῖς</span> 
     </span>
     <span class='ocr_line' id='line_1_56' title="bbox 129 5217 1613 5307; baseline 0.001 -25"><span class='ocrx_word' id='word_1_430' title='bbox 129 5230 231 5271; x_wconf 61' lang='lat'>“⁴⁹³⁵</span> <span class='ocrx_word' id='word_1_431' title='bbox 244 5222 300 5299; x_wconf 79' lang='grc' dir='ltr'>τῇ</span> <span class='ocrx_word' id='word_1_432' title='bbox 318 5222 485 5306; x_wconf 77' lang='grc' dir='ltr'>ψήφῳ·</span> <span class='ocrx_word' id='word_1_433' title='bbox 500 5222 640 5285; x_wconf 76' lang='grc' dir='ltr'>ὥστε</span> <span class='ocrx_word' id='word_1_434' title='bbox 663 5227 707 5286; x_wconf 75' lang='grc' dir='ltr'>εἰ</span> <span class='ocrx_word' id='word_1_435' title='bbox 728 5224 819 5285; x_wconf 75' lang='grc' dir='ltr'>καὶ</span> <span class='ocrx_word' id='word_1_436' title='bbox 838 5224 915 5307; x_wconf 79' lang='grc' dir='ltr'>μὴ</span> <span class='ocrx_word' id='word_1_437' title='bbox 932 5224 1147 5299; x_wconf 89' lang='grc' dir='ltr'>πολίτης</span> <span class='ocrx_word' id='word_1_438' title='bbox 1159 5217 1222 5298; x_wconf 70' lang='grc' dir='ltr'>ἦν</span> <span class='ocrx_word' id='word_1_439' title='bbox 1237 5270 1254 5299; x_wconf 91' lang='grc'>,</span> <span class='ocrx_word' id='word_1_440' title='bbox 1276 5224 1361 5283; x_wconf 88' lang='grc' dir='ltr'>διά</span> <span class='ocrx_word' id='word_1_441' title='bbox 1382 5247 1443 5301; x_wconf 90' lang='grc' dir='ltr'>γε</span> <span class='ocrx_word' id='word_1_442' title='bbox 1461 5228 1613 5283; x_wconf 75' lang='grc' dir='ltr'>τοῦτο</span> 
     </span>
     <span class='ocr_line' id='line_1_57' title="bbox 130 5298 1612 5395; baseline -0.001 -22"><span class='ocrx_word' id='word_1_443' title='bbox 130 5315 274 5373; x_wconf 56' lang='grc' dir='ltr'>ΉΞῑος</span> <span class='ocrx_word' id='word_1_444' title='bbox 300 5298 356 5383; x_wconf 74' lang='grc' dir='ltr'>ἦν</span> <span class='ocrx_word' id='word_1_445' title='bbox 378 5310 469 5385; x_wconf 85' lang='grc' dir='ltr'>τὴν</span> <span class='ocrx_word' id='word_1_446' title='bbox 492 5313 647 5373; x_wconf 85' lang='grc' dir='ltr'>πόλιν</span> <span class='ocrx_word' id='word_1_447' title='bbox 681 5305 738 5374; x_wconf 67' lang='grc' dir='ltr'>εὖ</span> <span class='ocrx_word' id='word_1_448' title='bbox 762 5322 949 5375; x_wconf 84' lang='grc' dir='ltr'>ποιεῖν.</span> <span class='ocrx_word' id='word_1_449' title='bbox 1034 5315 1307 5395; x_wconf 80' lang='grc' dir='ltr'>Εἰσφορῶν</span> <span class='ocrx_word' id='word_1_450' title='bbox 1332 5312 1499 5373; x_wconf 89' lang='grc' dir='ltr'>τοίνυν</span> <span class='ocrx_word' id='word_1_451' title='bbox 1525 5334 1612 5372; x_wconf 86' lang='grc' dir='ltr'>το·-</span> 
     </span>
    </p>
   </div>
   <div class='ocr_carea' id='block_1_10' title="bbox 1682 897 3244 2557">
    <p class='ocr_par' dir='ltr' id='par_1_10' title="bbox 1682 897 3244 2557">
     <span class='ocr_line' id='line_1_58' title="bbox 1682 897 3236 963; baseline -0.003 -11"><span class='ocrx_word' id='word_1_452' title='bbox 1682 901 1869 961; x_wconf 80' lang='lat' dir='ltr'><strong>Quibus</strong></span> <span class='ocrx_word' id='word_1_453' title='bbox 1880 913 1987 962; x_wconf 87' lang='lat' dir='ltr'>nos,</span> <span class='ocrx_word' id='word_1_454' title='bbox 1999 899 2132 963; x_wconf 81' lang='lat' dir='ltr'>quasi</span> <span class='ocrx_word' id='word_1_455' title='bbox 2147 898 2332 949; x_wconf 85' lang='lat' dir='ltr'>minuta</span> <span class='ocrx_word' id='word_1_456' title='bbox 2345 898 2394 948; x_wconf 89' lang='lat' dir='ltr'>in</span> <span class='ocrx_word' id='word_1_457' title='bbox 2407 912 2461 949; x_wconf 92' lang='lat' dir='ltr'>re</span> <span class='ocrx_word' id='word_1_458' title='bbox 2474 897 2593 961; x_wconf 79' lang='lat' dir='ltr'>laesi,</span> <span class='ocrx_word' id='word_1_459' title='bbox 2607 899 2782 949; x_wconf 79' lang='lat' dir='ltr'>assensi</span> <span class='ocrx_word' id='word_1_460' title='bbox 2801 900 3030 962; x_wconf 86' lang='lat' dir='ltr'>quattuor</span> <span class='ocrx_word' id='word_1_461' title='bbox 3047 897 3236 949; x_wconf 86' lang='lat' dir='ltr'>arbitris</span> 
     </span>
     <span class='ocr_line' id='line_1_59' title="bbox 1682 986 3238 1053; baseline -0.002 -13"><span class='ocrx_word' id='word_1_462' title='bbox 1682 988 1814 1041; x_wconf 85' lang='lat' dir='ltr'>litem</span> <span class='ocrx_word' id='word_1_463' title='bbox 1833 988 2137 1053; x_wconf 81' lang='lat' dir='ltr'>permisimus</span> <span class='ocrx_word' id='word_1_464' title='bbox 2158 986 2514 1051; x_wconf 73' lang='lat' dir='ltr'>disceptandam</span> <span class='ocrx_word' id='word_1_465' title='bbox 2527 1024 2542 1049; x_wconf 92' lang='lat'>,</span> <span class='ocrx_word' id='word_1_466' title='bbox 2563 1000 2772 1050; x_wconf 88' lang='lat' dir='ltr'>quorum</span> <span class='ocrx_word' id='word_1_467' title='bbox 2789 986 2930 1037; x_wconf 87' lang='lat' dir='ltr'>binos</span> <span class='ocrx_word' id='word_1_468' title='bbox 2955 988 3130 1038; x_wconf 82' lang='lat' dir='ltr'>alteros</span> <span class='ocrx_word' id='word_1_469' title='bbox 3149 1000 3238 1037; x_wconf 85' lang='lat' dir='ltr'>nos</span> 
     </span>
     <span class='ocr_line' id='line_1_60' title="bbox 1682 1075 3236 1139; baseline -0.001 -11"><span class='ocrx_word' id='word_1_470' title='bbox 1682 1078 2055 1138; x_wconf 85' lang='lat' dir='ltr'>adducebamus,</span> <span class='ocrx_word' id='word_1_471' title='bbox 2073 1076 2246 1127; x_wconf 84' lang='lat' dir='ltr'>alteros</span> <span class='ocrx_word' id='word_1_472' title='bbox 2263 1076 2345 1127; x_wconf 88' lang='lat' dir='ltr'>illi.</span> <span class='ocrx_word' id='word_1_473' title='bbox 2356 1075 2950 1139; x_wconf 82' lang='lat' dir='ltr'>Corambispromisimus,</span> <span class='ocrx_word' id='word_1_474' title='bbox 2972 1089 3060 1126; x_wconf 86' lang='lat' dir='ltr'>nos</span> <span class='ocrx_word' id='word_1_475' title='bbox 3069 1076 3132 1126; x_wconf 86' lang='lat' dir='ltr'>ab</span> <span class='ocrx_word' id='word_1_476' title='bbox 3152 1089 3236 1127; x_wconf 91' lang='lat' dir='ltr'>eo·</span> 
     </span>
     <span class='ocr_line' id='line_1_61' title="bbox 1683 1164 3238 1228; baseline -0.002 -12"><span class='ocrx_word' id='word_1_477' title='bbox 1683 1180 1791 1216; x_wconf 86' lang='lat' dir='ltr'>rum</span> <span class='ocrx_word' id='word_1_478' title='bbox 1806 1166 2040 1216; x_wconf 80' lang='lat' dir='ltr'>arbitratu</span> <span class='ocrx_word' id='word_1_479' title='bbox 2063 1178 2160 1215; x_wconf 91' lang='lat' dir='ltr'>non</span> <span class='ocrx_word' id='word_1_480' title='bbox 2167 1164 2474 1226; x_wconf 63' lang='lat' dir='ltr'>discessuros,</span> <span class='ocrx_word' id='word_1_481' title='bbox 2490 1164 2634 1228; x_wconf 89' lang='lat' dir='ltr'>idque</span> <span class='ocrx_word' id='word_1_482' title='bbox 2652 1164 2964 1227; x_wconf 83' lang='lat' dir='ltr'>jurejurando</span> <span class='ocrx_word' id='word_1_483' title='bbox 2977 1164 3238 1216; x_wconf 78' lang='lat' dir='ltr'>sanximus.</span> 
     </span>
     <span class='ocr_line' id='line_1_62' title="bbox 1684 1252 3236 1319; baseline -0.002 -14"><span class='ocrx_word' id='word_1_484' title='bbox 1684 1254 1782 1319; x_wconf 79' lang='lat'>(32)</span> <span class='ocrx_word' id='word_1_485' title='bbox 1798 1257 1857 1305; x_wconf 85' lang='lat' dir='ltr'>Et</span> <span class='ocrx_word' id='word_1_486' title='bbox 1870 1252 2036 1305; x_wconf 76' lang='lat' dir='ltr'>arbitri</span> <span class='ocrx_word' id='word_1_487' title='bbox 2049 1254 2271 1305; x_wconf 87' lang='lat' dir='ltr'>dicebant</span> <span class='ocrx_word' id='word_1_488' title='bbox 2288 1256 2329 1304; x_wconf 85' lang='lat' dir='ltr'>sl</span> <span class='ocrx_word' id='word_1_489' title='bbox 2341 1252 2536 1316; x_wconf 86' lang='lat' dir='ltr'>injurati</span> <span class='ocrx_word' id='word_1_490' title='bbox 2558 1254 2812 1305; x_wconf 87' lang='lat' dir='ltr'>conciliare</span> <span class='ocrx_word' id='word_1_491' title='bbox 2829 1266 2916 1304; x_wconf 88' lang='lat' dir='ltr'>nos</span> <span class='ocrx_word' id='word_1_492' title='bbox 2934 1255 3145 1317; x_wconf 80' lang='lat' dir='ltr'>possent,</span> <span class='ocrx_word' id='word_1_493' title='bbox 3169 1254 3236 1303; x_wconf 86' lang='lat' dir='ltr'>lta</span> 
     </span>
     <span class='ocr_line' id='line_1_63' title="bbox 1683 1342 3240 1407; baseline -0.001 -12"><span class='ocrx_word' id='word_1_494' title='bbox 1683 1357 1735 1395; x_wconf 85' lang='lat' dir='ltr'>se</span> <span class='ocrx_word' id='word_1_495' title='bbox 1746 1346 1980 1405; x_wconf 79' lang='lat' dir='ltr'>facturos3</span> <span class='ocrx_word' id='word_1_496' title='bbox 1991 1344 2062 1393; x_wconf 86' lang='lat' dir='ltr'>sin</span> <span class='ocrx_word' id='word_1_497' title='bbox 2075 1344 2252 1407; x_wconf 88' lang='lat' dir='ltr'>minus,</span> <span class='ocrx_word' id='word_1_498' title='bbox 2263 1342 2390 1407; x_wconf 84' lang='lat' dir='ltr'>ipsos</span> <span class='ocrx_word' id='word_1_499' title='bbox 2397 1356 2591 1407; x_wconf 89' lang='lat' dir='ltr'>quoque</span> <span class='ocrx_word' id='word_1_500' title='bbox 2599 1342 2850 1405; x_wconf 78' lang='lat' dir='ltr'>iuratosea</span> <span class='ocrx_word' id='word_1_501' title='bbox 2862 1356 2973 1406; x_wconf 64' lang='lat' dir='ltr'>quaa</span> <span class='ocrx_word' id='word_1_502' title='bbox 2983 1342 3112 1407; x_wconf 83' lang='lat' dir='ltr'>justa</span> <span class='ocrx_word' id='word_1_503' title='bbox 3127 1342 3240 1405; x_wconf 86' lang='lat' dir='ltr'>ipsis</span> 
     </span>
     <span class='ocr_line' id='line_1_64' title="bbox 1685 1431 3241 1495; baseline -0.001 -12"><span class='ocrx_word' id='word_1_504' title='bbox 1685 1445 1787 1483; x_wconf 71' lang='lat' dir='ltr'>esse</span> <span class='ocrx_word' id='word_1_505' title='bbox 1804 1432 2100 1495; x_wconf 81' lang='lat' dir='ltr'>viderentur,</span> <span class='ocrx_word' id='word_1_506' title='bbox 2116 1432 2456 1483; x_wconf 85' lang='lat' dir='ltr'>declaraturos.</span> <span class='ocrx_word' id='word_1_507' title='bbox 2479 1436 2508 1483; x_wconf 85' lang='lat' dir='ltr'>J</span> <span class='ocrx_word' id='word_1_508' title='bbox 2510 1445 2590 1482; x_wconf 88' lang='lat' dir='ltr'>am</span> <span class='ocrx_word' id='word_1_509' title='bbox 2609 1446 2762 1495; x_wconf 87' lang='lat' dir='ltr'>quum</span> <span class='ocrx_word' id='word_1_510' title='bbox 2773 1432 2947 1483; x_wconf 87' lang='lat' dir='ltr'>iterum</span> <span class='ocrx_word' id='word_1_511' title='bbox 2970 1431 3241 1495; x_wconf 73' lang='lat' dir='ltr'>iterumque</span> 
     </span>
     <span class='ocr_line' id='line_1_65' title="bbox 1685 1522 3240 1587; baseline 0 -14"><span class='ocrx_word' id='word_1_512' title='bbox 1685 1534 1774 1573; x_wconf 84' lang='lat' dir='ltr'>nos</span> <span class='ocrx_word' id='word_1_513' title='bbox 1800 1523 2172 1587; x_wconf 76' lang='lat' dir='ltr'>interrogassent</span> <span class='ocrx_word' id='word_1_514' title='bbox 2202 1525 2252 1573; x_wconf 88' lang='lat' dir='ltr'>et</span> <span class='ocrx_word' id='word_1_515' title='bbox 2273 1536 2384 1586; x_wconf 79' lang='lat' dir='ltr'>quoe</span> <span class='ocrx_word' id='word_1_516' title='bbox 2413 1536 2491 1574; x_wconf 85' lang='lat' dir='ltr'>rea</span> <span class='ocrx_word' id='word_1_517' title='bbox 2525 1526 2648 1574; x_wconf 86' lang='lat' dir='ltr'>esset</span> <span class='ocrx_word' id='word_1_518' title='bbox 2665 1522 3033 1583; x_wconf 80' lang='lat' dir='ltr'>intellexissent,</span> <span class='ocrx_word' id='word_1_519' title='bbox 3053 1523 3123 1573; x_wconf 89' lang='lat' dir='ltr'>illl</span> <span class='ocrx_word' id='word_1_520' title='bbox 3141 1522 3240 1573; x_wconf 89' lang='lat' dir='ltr'>duo</span> 
     </span>
     <span class='ocr_line' id='line_1_66' title="bbox 1686 1610 3238 1674; baseline 0 -14"><span class='ocrx_word' id='word_1_521' title='bbox 1686 1624 1807 1674; x_wconf 89' lang='lat' dir='ltr'>quos</span> <span class='ocrx_word' id='word_1_522' title='bbox 1828 1624 1915 1674; x_wconf 83' lang='lat' dir='ltr'>ego</span> <span class='ocrx_word' id='word_1_523' title='bbox 1945 1610 2066 1660; x_wconf 78' lang='lat' dir='ltr'>milii</span> <span class='ocrx_word' id='word_1_524' title='bbox 2081 1610 2348 1674; x_wconf 73' lang='lat' dir='ltr'>delegeram</span> <span class='ocrx_word' id='word_1_525' title='bbox 2363 1648 2377 1673; x_wconf 92' lang='lat'>,</span> <span class='ocrx_word' id='word_1_526' title='bbox 2397 1610 2637 1662; x_wconf 83' lang='lat' dir='ltr'>Diotimus</span> <span class='ocrx_word' id='word_1_527' title='bbox 2667 1612 2718 1661; x_wconf 85' lang='lat' dir='ltr'>et</span> <span class='ocrx_word' id='word_1_528' title='bbox 2747 1611 3056 1674; x_wconf 75' lang='lat' dir='ltr'>Melanopus,</span> <span class='ocrx_word' id='word_1_529' title='bbox 3087 1610 3238 1674; x_wconf 87' lang='lat' dir='ltr'>parati</span> 
     </span>
     <span class='ocr_line' id='line_1_67' title="bbox 1686 1698 3240 1763; baseline -0.001 -13"><span class='ocrx_word' id='word_1_530' title='bbox 1686 1701 1823 1750; x_wconf 85' lang='lat' dir='ltr'>eraut</span> <span class='ocrx_word' id='word_1_531' title='bbox 1844 1700 2178 1763; x_wconf 86' lang='lat' dir='ltr'>pronuntiare,</span> <span class='ocrx_word' id='word_1_532' title='bbox 2200 1699 2302 1750; x_wconf 81' lang='lat' dir='ltr'>sive</span> <span class='ocrx_word' id='word_1_533' title='bbox 2329 1699 2478 1761; x_wconf 78' lang='lat' dir='ltr'>iurati</span> <span class='ocrx_word' id='word_1_534' title='bbox 2511 1699 2613 1751; x_wconf 83' lang='lat' dir='ltr'>sive</span> <span class='ocrx_word' id='word_1_535' title='bbox 2647 1712 2748 1749; x_wconf 89' lang='lat' dir='ltr'>non</span> <span class='ocrx_word' id='word_1_536' title='bbox 2774 1698 2951 1762; x_wconf 83' lang='lat' dir='ltr'>iurati,</span> <span class='ocrx_word' id='word_1_537' title='bbox 2977 1712 3087 1763; x_wconf 77' lang='lat' dir='ltr'>quae</span> <span class='ocrx_word' id='word_1_538' title='bbox 3121 1712 3150 1749; x_wconf 90' lang='lat' dir='ltr'>e</span> <span class='ocrx_word' id='word_1_539' title='bbox 3170 1698 3240 1748; x_wconf 88' lang='lat' dir='ltr'>‹li-</span> 
     </span>
     <span class='ocr_line' id='line_1_68' title="bbox 1686 1786 3240 1852; baseline 0 -16"><span class='ocrx_word' id='word_1_540' title='bbox 1686 1788 1775 1837; x_wconf 86' lang='lat' dir='ltr'>ctis</span> <span class='ocrx_word' id='word_1_541' title='bbox 1788 1788 2007 1850; x_wconf 82' lang='lat' dir='ltr'>colligere</span> <span class='ocrx_word' id='word_1_542' title='bbox 2017 1787 2281 1852; x_wconf 84' lang='lat' dir='ltr'>potuissent</span> <span class='ocrx_word' id='word_1_543' title='bbox 2297 1787 2542 1838; x_wconf 75' lang='lat' dir='ltr'>verissima</span> <span class='ocrx_word' id='word_1_544' title='bbox 2555 1798 2686 1849; x_wconf 83' lang='lat' dir='ltr'>esse;</span> <span class='ocrx_word' id='word_1_545' title='bbox 2707 1800 2832 1851; x_wconf 85' lang='lat' dir='ltr'>quos</span> <span class='ocrx_word' id='word_1_546' title='bbox 2843 1787 3008 1837; x_wconf 89' lang='lat' dir='ltr'>autem</span> <span class='ocrx_word' id='word_1_547' title='bbox 3027 1786 3240 1837; x_wconf 81' lang='lat' dir='ltr'>Leocha-</span> 
     </span>
     <span class='ocr_line' id='line_1_69' title="bbox 1686 1874 3240 1939; baseline -0.002 -13"><span class='ocrx_word' id='word_1_548' title='bbox 1686 1888 1763 1926; x_wconf 88' lang='lat' dir='ltr'>res</span> <span class='ocrx_word' id='word_1_549' title='bbox 1795 1875 2000 1925; x_wconf 84' lang='lat' dir='ltr'>arbitros</span> <span class='ocrx_word' id='word_1_550' title='bbox 2025 1875 2232 1938; x_wconf 87' lang='lat' dir='ltr'>tulerat,</span> <span class='ocrx_word' id='word_1_551' title='bbox 2251 1874 2302 1926; x_wconf 86' lang='lat' dir='ltr'>hi</span> <span class='ocrx_word' id='word_1_552' title='bbox 2334 1874 2565 1926; x_wconf 86' lang='lat' dir='ltr'>nolebant</span> <span class='ocrx_word' id='word_1_553' title='bbox 2589 1874 2916 1939; x_wconf 87' lang='lat' dir='ltr'>pronuntiare.</span> <span class='ocrx_word' id='word_1_554' title='bbox 2983 1875 3084 1939; x_wconf 83' lang='lat'>(33)</span> <span class='ocrx_word' id='word_1_555' title='bbox 3102 1877 3240 1925; x_wconf 88' lang='lat' dir='ltr'>Tam·</span> 
     </span>
     <span class='ocr_line' id='line_1_70' title="bbox 1686 1963 3242 2028; baseline 0 -15"><span class='ocrx_word' id='word_1_556' title='bbox 1686 1963 1775 2013; x_wconf 87' lang='lat' dir='ltr'>etsi</span> <span class='ocrx_word' id='word_1_557' title='bbox 1792 1964 1915 2014; x_wconf 87' lang='lat' dir='ltr'>alter</span> <span class='ocrx_word' id='word_1_558' title='bbox 1932 1976 2100 2014; x_wconf 85' lang='lat' dir='ltr'>eorum</span> <span class='ocrx_word' id='word_1_559' title='bbox 2120 1964 2366 2028; x_wconf 83' lang='lat' dir='ltr'>Diopitbes</span> <span class='ocrx_word' id='word_1_560' title='bbox 2387 1964 2642 2015; x_wconf 80' lang='lat' dir='ltr'>Leocharis</span> <span class='ocrx_word' id='word_1_561' title='bbox 2659 1963 2819 2014; x_wconf 81' lang='lat' dir='ltr'>affinis</span> <span class='ocrx_word' id='word_1_562' title='bbox 2835 1964 2940 2015; x_wconf 88' lang='lat' dir='ltr'>erat</span> <span class='ocrx_word' id='word_1_563' title='bbox 2951 2001 2966 2027; x_wconf 92' lang='lat'><em>‚</em></span> <span class='ocrx_word' id='word_1_564' title='bbox 2986 1963 3103 2014; x_wconf 87' lang='lat' dir='ltr'>mihi</span> <span class='ocrx_word' id='word_1_565' title='bbox 3127 1976 3242 2015; x_wconf 79' lang='lat' dir='ltr'>vero</span> 
     </span>
     <span class='ocr_line' id='line_1_71' title="bbox 1687 2052 3242 2118; baseline 0.001 -16"><span class='ocrx_word' id='word_1_566' title='bbox 1687 2052 1909 2103; x_wconf 89' lang='lat' dir='ltr'>inimicus</span> <span class='ocrx_word' id='word_1_567' title='bbox 1941 2067 2003 2103; x_wconf 83' lang='lat' dir='ltr'>ex</span> <span class='ocrx_word' id='word_1_568' title='bbox 2039 2053 2240 2117; x_wconf 82' lang='lat' dir='ltr'>negotiis</span> <span class='ocrx_word' id='word_1_569' title='bbox 2276 2052 2563 2117; x_wconf 87' lang='lat' dir='ltr'>quibusdam</span> <span class='ocrx_word' id='word_1_570' title='bbox 2597 2052 2891 2118; x_wconf 85' lang='lat' dir='ltr'>toreusibus;</span> <span class='ocrx_word' id='word_1_571' title='bbox 2923 2052 3044 2104; x_wconf 87' lang='lat' dir='ltr'>alter</span> <span class='ocrx_word' id='word_1_572' title='bbox 3081 2054 3242 2103; x_wconf 89' lang='lat' dir='ltr'>autem</span> 
     </span>
     <span class='ocr_line' id='line_1_72' title="bbox 1688 2142 3242 2207; baseline 0.001 -16"><span class='ocrx_word' id='word_1_573' title='bbox 1688 2143 1976 2191; x_wconf 84' lang='lat' dir='ltr'>Demaratus</span> <span class='ocrx_word' id='word_1_574' title='bbox 2009 2142 2156 2192; x_wconf 85' lang='lat' dir='ltr'>irater</span> <span class='ocrx_word' id='word_1_575' title='bbox 2185 2142 2314 2193; x_wconf 87' lang='lat' dir='ltr'>illius</span> <span class='ocrx_word' id='word_1_576' title='bbox 2347 2143 2452 2193; x_wconf 88' lang='lat' dir='ltr'>erat</span> <span class='ocrx_word' id='word_1_577' title='bbox 2481 2142 2828 2207; x_wconf 84' lang='lat' dir='ltr'>Mnesiptolemi</span> <span class='ocrx_word' id='word_1_578' title='bbox 2841 2180 2858 2207; x_wconf 95' lang='lat'>,</span> <span class='ocrx_word' id='word_1_579' title='bbox 2890 2142 2973 2206; x_wconf 90' lang='lat' dir='ltr'>qul</span> <span class='ocrx_word' id='word_1_580' title='bbox 3005 2156 3100 2193; x_wconf 85' lang='lat' dir='ltr'>una</span> <span class='ocrx_word' id='word_1_581' title='bbox 3129 2156 3242 2192; x_wconf 89' lang='lat' dir='ltr'>cum</span> 
     </span>
     <span class='ocr_line' id='line_1_73' title="bbox 1687 2230 3242 2295; baseline 0.001 -16"><span class='ocrx_word' id='word_1_582' title='bbox 1687 2230 1926 2281; x_wconf 84' lang='lat' dir='ltr'>Leochare</span> <span class='ocrx_word' id='word_1_583' title='bbox 1943 2243 2030 2293; x_wconf 91' lang='lat' dir='ltr'>pro</span> <span class='ocrx_word' id='word_1_584' title='bbox 2056 2230 2336 2293; x_wconf 79' lang='lat' dir='ltr'>Dicaeogene</span> <span class='ocrx_word' id='word_1_585' title='bbox 2361 2230 2634 2295; x_wconf 73' lang='lat' dir='ltr'>spopondit.</span> <span class='ocrx_word' id='word_1_586' title='bbox 2695 2230 2756 2282; x_wconf 79' lang='lat' dir='ltr'>ni</span> <span class='ocrx_word' id='word_1_587' title='bbox 2778 2244 2889 2295; x_wconf 80' lang='lat' dir='ltr'>ergo</span> <span class='ocrx_word' id='word_1_588' title='bbox 2915 2230 3014 2282; x_wconf 91' lang='lat' dir='ltr'>duo</span> <span class='ocrx_word' id='word_1_589' title='bbox 3037 2244 3242 2295; x_wconf 86' lang='lat' dir='ltr'>pronun·</span> 
     </span>
     <span class='ocr_line' id='line_1_74' title="bbox 1688 2317 3244 2383; baseline 0.003 -17"><span class='ocrx_word' id='word_1_590' title='bbox 1688 2318 1809 2367; x_wconf 86' lang='lat' dir='ltr'>tiare</span> <span class='ocrx_word' id='word_1_591' title='bbox 1838 2317 2149 2382; x_wconf 78' lang='lat' dir='ltr'>recusabant,</span> <span class='ocrx_word' id='word_1_592' title='bbox 2177 2319 2368 2369; x_wconf 81' lang='lat' dir='ltr'>tametsi</span> <span class='ocrx_word' id='word_1_593' title='bbox 2398 2331 2487 2370; x_wconf 85' lang='lat' dir='ltr'>nos</span> <span class='ocrx_word' id='word_1_594' title='bbox 2507 2318 2820 2382; x_wconf 77' lang='lat' dir='ltr'>iureiurando</span> <span class='ocrx_word' id='word_1_595' title='bbox 2848 2318 3140 2383; x_wconf 71' lang='lat' dir='ltr'>adegissent,</span> <span class='ocrx_word' id='word_1_596' title='bbox 3155 2333 3244 2371; x_wconf 90' lang='lat' dir='ltr'>nos</span> 
     </span>
     <span class='ocr_line' id='line_1_75' title="bbox 1687 2406 3240 2471; baseline 0.005 -17"><span class='ocrx_word' id='word_1_597' title='bbox 1687 2418 1718 2455; x_wconf 86' lang='lat' dir='ltr'>a</span> <span class='ocrx_word' id='word_1_598' title='bbox 1755 2407 1990 2455; x_wconf 88' lang='lat' dir='ltr'>sententia</span> <span class='ocrx_word' id='word_1_599' title='bbox 2019 2406 2082 2456; x_wconf 87' lang='lat' dir='ltr'>ab</span> <span class='ocrx_word' id='word_1_600' title='bbox 2121 2407 2231 2471; x_wconf 83' lang='lat' dir='ltr'>ipsis</span> <span class='ocrx_word' id='word_1_601' title='bbox 2261 2406 2612 2470; x_wconf 85' lang='lat' dir='ltr'>pronuntianda</span> <span class='ocrx_word' id='word_1_602' title='bbox 2645 2406 2776 2458; x_wconf 83' lang='lat' dir='ltr'>haud</span> <span class='ocrx_word' id='word_1_603' title='bbox 2804 2420 2908 2460; x_wconf 81' lang='lat' dir='ltr'>esse</span> <span class='ocrx_word' id='word_1_604' title='bbox 2938 2408 3240 2461; x_wconf 82' lang='lat' dir='ltr'>discessuros.</span> 
     </span>
     <span class='ocr_line' id='line_1_76' title="bbox 1688 2494 2533 2557; baseline 0.001 -13"><span class='ocrx_word' id='word_1_605' title='bbox 1688 2496 1851 2545; x_wconf 65' lang='lat' dir='ltr'>Testes</span> <span class='ocrx_word' id='word_1_606' title='bbox 1874 2494 2019 2557; x_wconf 87' lang='lat' dir='ltr'>hujus</span> <span class='ocrx_word' id='word_1_607' title='bbox 2037 2495 2105 2545; x_wconf 87' lang='lat' dir='ltr'>rei</span> <span class='ocrx_word' id='word_1_608' title='bbox 2127 2494 2263 2547; x_wconf 80' lang='lat' dir='ltr'>vobis</span> <span class='ocrx_word' id='word_1_609' title='bbox 2284 2494 2533 2546; x_wconf 84' lang='lat' dir='ltr'>exhibebo.</span> 
     </span>
    </p>
   </div>
   <div class='ocr_carea' id='block_1_11' title="bbox 2345 2640 2585 2683">
    <p class='ocr_par' dir='ltr' id='par_1_11' title="bbox 2345 2640 2585 2683">
     <span class='ocr_line' id='line_1_77' title="bbox 2345 2640 2585 2683; baseline -0.008 0"><span class='ocrx_word' id='word_1_610' title='bbox 2345 2640 2565 2683; x_wconf 68' lang='lat' dir='ltr'>TESTBss</span> <span class='ocrx_word' id='word_1_611' title='bbox 2573 2668 2585 2681; x_wconf 95' lang='lat'>.</span> 
     </span>
    </p>
   </div>
   <div class='ocr_carea' id='block_1_12' title="bbox 1690 2763 3254 5383">
    <p class='ocr_par' dir='ltr' id='par_1_12' title="bbox 1690 2763 3254 5383">
     <span class='ocr_line' id='line_1_78' title="bbox 1753 2763 3242 2832; baseline 0.005 -19"><span class='ocrx_word' id='word_1_612' title='bbox 1753 2767 1827 2813; x_wconf 83' lang='grc'>34.</span> <span class='ocrx_word' id='word_1_613' title='bbox 1864 2765 2032 2813; x_wconf 86' lang='lat' dir='ltr'>Nonne</span> <span class='ocrx_word' id='word_1_614' title='bbox 2044 2763 2187 2827; x_wconf 84' lang='lat' dir='ltr'>igitur</span> <span class='ocrx_word' id='word_1_615' title='bbox 2207 2776 2283 2814; x_wconf 88' lang='lat' dir='ltr'>res</span> <span class='ocrx_word' id='word_1_616' title='bbox 2300 2764 2456 2829; x_wconf 78' lang='lat' dir='ltr'>gravis</span> <span class='ocrx_word' id='word_1_617' title='bbox 2473 2764 2622 2829; x_wconf 76' lang='lat' dir='ltr'>soret,</span> <span class='ocrx_word' id='word_1_618' title='bbox 2645 2764 2686 2815; x_wconf 85' lang='lat' dir='ltr'>si</span> <span class='ocrx_word' id='word_1_619' title='bbox 2714 2766 2982 2818; x_wconf 83' lang='lat' dir='ltr'>Leochares</span> <span class='ocrx_word' id='word_1_620' title='bbox 2997 2780 3085 2819; x_wconf 79' lang='lat' dir='ltr'>vos</span> <span class='ocrx_word' id='word_1_621' title='bbox 3105 2780 3242 2832; x_wconf 75' lang='lat' dir='ltr'>roga-</span> 
     </span>
     <span class='ocr_line' id='line_1_79' title="bbox 1690 2843 3245 2914; baseline 0.003 -19"><span class='ocrx_word' id='word_1_622' title='bbox 1690 2846 1789 2905; x_wconf 88' lang='lat' dir='ltr'>ret,</span> <span class='ocrx_word' id='word_1_623' title='bbox 1814 2843 2026 2908; x_wconf 83' lang='lat' dir='ltr'>jndices,</span> <span class='ocrx_word' id='word_1_624' title='bbox 2053 2848 2114 2896; x_wconf 89' lang='lat' dir='ltr'>ut</span> <span class='ocrx_word' id='word_1_625' title='bbox 2149 2858 2200 2895; x_wconf 86' lang='lat' dir='ltr'>se</span> <span class='ocrx_word' id='word_1_626' title='bbox 2235 2846 2550 2898; x_wconf 83' lang='lat' dir='ltr'>absolveretis</span> <span class='ocrx_word' id='word_1_627' title='bbox 2571 2846 2741 2897; x_wconf 85' lang='lat' dir='ltr'>eadem</span> <span class='ocrx_word' id='word_1_628' title='bbox 2777 2847 2827 2897; x_wconf 89' lang='lat' dir='ltr'>in</span> <span class='ocrx_word' id='word_1_629' title='bbox 2857 2860 3027 2912; x_wconf 70' lang='lat' dir='ltr'>musa,</span> <span class='ocrx_word' id='word_1_630' title='bbox 3060 2849 3112 2899; x_wconf 88' lang='lat' dir='ltr'>ln</span> <span class='ocrx_word' id='word_1_631' title='bbox 3145 2863 3245 2914; x_wconf 85' lang='lat' dir='ltr'>qua</span> 
     </span>
     <span class='ocr_line' id='line_1_80' title="bbox 1690 2926 3244 2995; baseline 0.003 -18"><span class='ocrx_word' id='word_1_632' title='bbox 1690 2926 1940 2989; x_wconf 84' lang='lat' dir='ltr'>Diopithes</span> <span class='ocrx_word' id='word_1_633' title='bbox 1955 2926 2112 2977; x_wconf 86' lang='lat' dir='ltr'>affinis</span> <span class='ocrx_word' id='word_1_634' title='bbox 2129 2927 2234 2990; x_wconf 83' lang='lat' dir='ltr'>ejus</span> <span class='ocrx_word' id='word_1_635' title='bbox 2256 2926 2340 2991; x_wconf 90' lang='lat' dir='ltr'>qui</span> <span class='ocrx_word' id='word_1_636' title='bbox 2364 2930 2486 2979; x_wconf 88' lang='lat' dir='ltr'>esset</span> <span class='ocrx_word' id='word_1_637' title='bbox 2509 2928 2665 2991; x_wconf 88' lang='lat' dir='ltr'>ipsum</span> <span class='ocrx_word' id='word_1_638' title='bbox 2692 2928 3060 2981; x_wconf 73' lang='lat' dir='ltr'>condemnavit?</span> <span class='ocrx_word' id='word_1_639' title='bbox 3086 2932 3137 2981; x_wconf 88' lang='lat' dir='ltr'>et</span> <span class='ocrx_word' id='word_1_640' title='bbox 3157 2932 3244 2995; x_wconf 85' lang='lat' dir='ltr'>qui</span> 
     </span>
     <span class='ocr_line' id='line_1_81' title="bbox 1690 3010 3245 3078; baseline 0.004 -18"><span class='ocrx_word' id='word_1_641' title='bbox 1690 3010 1879 3061; x_wconf 85' lang='lat' dir='ltr'>deceret</span> <span class='ocrx_word' id='word_1_642' title='bbox 1911 3023 2002 3060; x_wconf 73' lang='lat' dir='ltr'>vos</span> <span class='ocrx_word' id='word_1_643' title='bbox 2025 3011 2317 3062; x_wconf 82' lang='lat' dir='ltr'>Leocharem</span> <span class='ocrx_word' id='word_1_644' title='bbox 2347 3012 2408 3061; x_wconf 89' lang='lat' dir='ltr'>ab</span> <span class='ocrx_word' id='word_1_645' title='bbox 2439 3012 2522 3063; x_wconf 85' lang='lat' dir='ltr'>illa</span> <span class='ocrx_word' id='word_1_646' title='bbox 2551 3014 2693 3076; x_wconf 86' lang='lat' dir='ltr'>culpa</span> <span class='ocrx_word' id='word_1_647' title='bbox 2727 3014 2962 3077; x_wconf 86' lang='lat' dir='ltr'>liberare,</span> <span class='ocrx_word' id='word_1_648' title='bbox 2993 3028 3024 3065; x_wconf 85' lang='lat' dir='ltr'>a</span> <span class='ocrx_word' id='word_1_649' title='bbox 3053 3029 3152 3078; x_wconf 85' lang='lat' dir='ltr'>qua</span> <span class='ocrx_word' id='word_1_650' title='bbox 3182 3030 3245 3067; x_wconf 90' lang='lat' dir='ltr'>ne</span> 
     </span>
     <span class='ocr_line' id='line_1_82' title="bbox 1690 3095 3244 3163; baseline 0.004 -18"><span class='ocrx_word' id='word_1_651' title='bbox 1690 3095 1942 3147; x_wconf 84' lang='lat' dir='ltr'>necessarii</span> <span class='ocrx_word' id='word_1_652' title='bbox 1965 3095 2161 3159; x_wconf 81' lang='lat' dir='ltr'>quidem</span> <span class='ocrx_word' id='word_1_653' title='bbox 2191 3096 2485 3147; x_wconf 72' lang='lat' dir='ltr'>liberarunt?</span> <span class='ocrx_word' id='word_1_654' title='bbox 2509 3100 2668 3157; x_wconf 81' lang='lat' dir='ltr'>Quare</span> <span class='ocrx_word' id='word_1_655' title='bbox 2697 3110 2784 3149; x_wconf 83' lang='lat' dir='ltr'>vos</span> <span class='ocrx_word' id='word_1_656' title='bbox 2813 3112 2928 3163; x_wconf 83' lang='lat' dir='ltr'>rogo</span> <span class='ocrx_word' id='word_1_657' title='bbox 2955 3100 3244 3151; x_wconf 73' lang='lat' dir='ltr'>Leocliarem</span> 
     </span>
     <span class='ocr_line' id='line_1_83' title="bbox 1691 3178 3244 3246; baseline 0.001 -17"><span class='ocrx_word' id='word_1_658' title='bbox 1691 3178 2048 3243; x_wconf 84' lang='lat' dir='ltr'>condemnetis,</span> <span class='ocrx_word' id='word_1_659' title='bbox 2095 3182 2152 3230; x_wconf 87' lang='lat' dir='ltr'>ut</span> <span class='ocrx_word' id='word_1_660' title='bbox 2201 3194 2312 3244; x_wconf 83' lang='lat' dir='ltr'>quae</span> <span class='ocrx_word' id='word_1_661' title='bbox 2350 3180 2488 3233; x_wconf 86' lang='lat' dir='ltr'>nobis</span> <span class='ocrx_word' id='word_1_662' title='bbox 2533 3181 2742 3245; x_wconf 80' lang='lat' dir='ltr'>majores</span> <span class='ocrx_word' id='word_1_663' title='bbox 2784 3182 3081 3246; x_wconf 84' lang='lat' dir='ltr'>reliquerunt</span> <span class='ocrx_word' id='word_1_664' title='bbox 3121 3182 3244 3233; x_wconf 90' lang='lat' dir='ltr'>reci-</span> 
     </span>
     <span class='ocr_line' id='line_1_84' title="bbox 1692 3268 3244 3335; baseline 0.003 -16"><span class='ocrx_word' id='word_1_665' title='bbox 1692 3270 1905 3334; x_wconf 86' lang='lat' dir='ltr'>piamus,</span> <span class='ocrx_word' id='word_1_666' title='bbox 1939 3271 1990 3320; x_wconf 78' lang='lat' dir='ltr'>et</span> <span class='ocrx_word' id='word_1_667' title='bbox 2005 3281 2102 3319; x_wconf 89' lang='lat' dir='ltr'>uon</span> <span class='ocrx_word' id='word_1_668' title='bbox 2121 3269 2276 3319; x_wconf 84' lang='lat' dir='ltr'>solum</span> <span class='ocrx_word' id='word_1_669' title='bbox 2293 3268 2490 3320; x_wconf 87' lang='lat' dir='ltr'>nomina</span> <span class='ocrx_word' id='word_1_670' title='bbox 2505 3270 2700 3321; x_wconf 88' lang='lat' dir='ltr'>illorum</span> <span class='ocrx_word' id='word_1_671' title='bbox 2723 3269 2807 3321; x_wconf 85' lang='lat' dir='ltr'>sed</span> <span class='ocrx_word' id='word_1_672' title='bbox 2825 3270 2970 3322; x_wconf 88' lang='lat' dir='ltr'>etiam</span> <span class='ocrx_word' id='word_1_673' title='bbox 2987 3272 3244 3335; x_wconf 82' lang='lat' dir='ltr'>possessio-</span> 
     </span>
     <span class='ocr_line' id='line_1_85' title="bbox 1690 3354 3246 3419; baseline -0.001 -12"><span class='ocrx_word' id='word_1_674' title='bbox 1690 3370 1777 3407; x_wconf 86' lang='lat' dir='ltr'>nes</span> <span class='ocrx_word' id='word_1_675' title='bbox 1812 3356 2104 3419; x_wconf 83' lang='lat' dir='ltr'>habeamus;</span> <span class='ocrx_word' id='word_1_676' title='bbox 2137 3368 2201 3407; x_wconf 83' lang='lat' dir='ltr'>ex</span> <span class='ocrx_word' id='word_1_677' title='bbox 2235 3355 2423 3419; x_wconf 83' lang='lat' dir='ltr'>privato</span> <span class='ocrx_word' id='word_1_678' title='bbox 2453 3368 2569 3406; x_wconf 84' lang='lat' dir='ltr'>vero</span> <span class='ocrx_word' id='word_1_679' title='bbox 2607 3354 2860 3407; x_wconf 80' lang='lat' dir='ltr'>Leocharis</span> <span class='ocrx_word' id='word_1_680' title='bbox 2892 3355 3012 3405; x_wconf 79' lang='lat' dir='ltr'>nibil</span> <span class='ocrx_word' id='word_1_681' title='bbox 3043 3356 3246 3407; x_wconf 73' lang='lat' dir='ltr'>conferri</span> 
     </span>
     <span class='ocr_line' id='line_1_86' title="bbox 1692 3440 3245 3506; baseline 0 -14"><span class='ocrx_word' id='word_1_682' title='bbox 1692 3442 1930 3506; x_wconf 89' lang='lat' dir='ltr'>cupimus.</span> <span class='ocrx_word' id='word_1_683' title='bbox 1993 3440 2092 3505; x_wconf 78' lang='lat'>(³5)</span> <span class='ocrx_word' id='word_1_684' title='bbox 2119 3440 2346 3504; x_wconf 83' lang='lat' dir='ltr'>Indignus</span> <span class='ocrx_word' id='word_1_685' title='bbox 2363 3440 2493 3492; x_wconf 88' lang='lat' dir='ltr'>enim</span> <span class='ocrx_word' id='word_1_686' title='bbox 2511 3442 2586 3491; x_wconf 88' lang='lat' dir='ltr'>est</span> <span class='ocrx_word' id='word_1_687' title='bbox 2606 3440 2910 3504; x_wconf 72' lang='lat' dir='ltr'>Dicaeogenes</span> <span class='ocrx_word' id='word_1_688' title='bbox 2938 3442 3100 3492; x_wconf 74' lang='lat' dir='ltr'>vestra</span> <span class='ocrx_word' id='word_1_689' title='bbox 3117 3454 3245 3493; x_wconf 90' lang='lat' dir='ltr'>com·</span> 
     </span>
     <span class='ocr_line' id='line_1_87' title="bbox 1692 3522 3247 3589; baseline 0 -13"><span class='ocrx_word' id='word_1_690' title='bbox 1692 3524 1998 3576; x_wconf 88' lang='lat' dir='ltr'>miseratione</span> <span class='ocrx_word' id='word_1_691' title='bbox 2021 3526 2169 3589; x_wconf 87' lang='lat' dir='ltr'>atque</span> <span class='ocrx_word' id='word_1_692' title='bbox 2186 3523 2492 3574; x_wconf 85' lang='lat' dir='ltr'>contentione</span> <span class='ocrx_word' id='word_1_693' title='bbox 2517 3522 2642 3575; x_wconf 88' lang='lat' dir='ltr'>bene</span> <span class='ocrx_word' id='word_1_694' title='bbox 2663 3522 2724 3574; x_wconf 91' lang='lat' dir='ltr'>de</span> <span class='ocrx_word' id='word_1_695' title='bbox 2744 3536 2803 3574; x_wconf 90' lang='lat' dir='ltr'>eo</span> <span class='ocrx_word' id='word_1_696' title='bbox 2825 3522 3068 3589; x_wconf 78' lang='lat' dir='ltr'>merendl3</span> <span class='ocrx_word' id='word_1_697' title='bbox 3091 3537 3247 3589; x_wconf 84' lang='lat' dir='ltr'>neque</span> 
     </span>
     <span class='ocr_line' id='line_1_88' title="bbox 1691 3604 3248 3671; baseline 0.002 -14"><span class='ocrx_word' id='word_1_698' title='bbox 1691 3607 1817 3657; x_wconf 92' lang='lat' dir='ltr'>enim</span> <span class='ocrx_word' id='word_1_699' title='bbox 1836 3620 2016 3671; x_wconf 87' lang='lat' dir='ltr'>pauper</span> <span class='ocrx_word' id='word_1_700' title='bbox 2033 3608 2150 3659; x_wconf 90' lang='lat' dir='ltr'>etin</span> <span class='ocrx_word' id='word_1_701' title='bbox 2171 3620 2224 3657; x_wconf 90' lang='lat' dir='ltr'>re</span> <span class='ocrx_word' id='word_1_702' title='bbox 2237 3608 2374 3657; x_wconf 87' lang='lat' dir='ltr'>curta</span> <span class='ocrx_word' id='word_1_703' title='bbox 2391 3608 2490 3669; x_wconf 88' lang='lat' dir='ltr'>est,</span> <span class='ocrx_word' id='word_1_704' title='bbox 2509 3618 2667 3668; x_wconf 88' lang='lat' dir='ltr'>neque</span> <span class='ocrx_word' id='word_1_705' title='bbox 2675 3604 2745 3657; x_wconf 75' lang='lat' dir='ltr'>&#39;de</span> <span class='ocrx_word' id='word_1_706' title='bbox 2767 3618 2870 3670; x_wconf 90' lang='lat' dir='ltr'>rep.</span> <span class='ocrx_word' id='word_1_707' title='bbox 2891 3607 3122 3669; x_wconf 66' lang='lat' dir='ltr'>praeclare</span> <span class='ocrx_word' id='word_1_708' title='bbox 3142 3622 3248 3660; x_wconf 90' lang='lat' dir='ltr'>me-</span> 
     </span>
     <span class='ocr_line' id='line_1_89' title="bbox 1693 3689 3248 3755; baseline 0.003 -15"><span class='ocrx_word' id='word_1_709' title='bbox 1693 3690 1813 3742; x_wconf 90' lang='lat' dir='ltr'>ritus</span> <span class='ocrx_word' id='word_1_710' title='bbox 1838 3711 1849 3741; x_wconf 79' lang='lat'>2</span> <span class='ocrx_word' id='word_1_711' title='bbox 1870 3691 2002 3755; x_wconf 88' lang='lat' dir='ltr'>quod</span> <span class='ocrx_word' id='word_1_712' title='bbox 2019 3694 2284 3755; x_wconf 87' lang='lat' dir='ltr'>utrumque</span> <span class='ocrx_word' id='word_1_713' title='bbox 2312 3690 2524 3755; x_wconf 85' lang='lat' dir='ltr'>docebo,</span> <span class='ocrx_word' id='word_1_714' title='bbox 2549 3690 2764 3754; x_wconf 77' lang='lat' dir='ltr'>iudices,</span> <span class='ocrx_word' id='word_1_715' title='bbox 2801 3689 3002 3754; x_wconf 89' lang='lat' dir='ltr'>planum</span> <span class='ocrx_word' id='word_1_716' title='bbox 3035 3691 3248 3745; x_wconf 68' lang='lat' dir='ltr'>tacturus</span> 
     </span>
     <span class='ocr_line' id='line_1_90' title="bbox 1693 3772 3245 3838; baseline 0 -13"><span class='ocrx_word' id='word_1_717' title='bbox 1693 3774 1897 3825; x_wconf 88' lang='lat' dir='ltr'>eundem</span> <span class='ocrx_word' id='word_1_718' title='bbox 1914 3776 1966 3824; x_wconf 89' lang='lat' dir='ltr'>et</span> <span class='ocrx_word' id='word_1_719' title='bbox 1981 3774 2411 3838; x_wconf 82' lang='lat' dir='ltr'>locupletissimum</span> <span class='ocrx_word' id='word_1_720' title='bbox 2423 3775 2474 3825; x_wconf 87' lang='lat' dir='ltr'>et</span> <span class='ocrx_word' id='word_1_721' title='bbox 2489 3772 2838 3837; x_wconf 85' lang='lat' dir='ltr'>nequissimum</span> <span class='ocrx_word' id='word_1_722' title='bbox 2857 3773 3101 3824; x_wconf 87' lang='lat' dir='ltr'>bominem</span> <span class='ocrx_word' id='word_1_723' title='bbox 3117 3787 3220 3825; x_wconf 83' lang='lat' dir='ltr'>esse</span> <span class='ocrx_word' id='word_1_724' title='bbox 3230 3812 3245 3838; x_wconf 88' lang='lat'>,</span> 
     </span>
     <span class='ocr_line' id='line_1_91' title="bbox 1694 3853 3246 3920; baseline -0.001 -15"><span class='ocrx_word' id='word_1_725' title='bbox 1694 3856 1990 3919; x_wconf 83' lang='lat' dir='ltr'>pessimeque</span> <span class='ocrx_word' id='word_1_726' title='bbox 2007 3855 2070 3906; x_wconf 92' lang='lat' dir='ltr'>de</span> <span class='ocrx_word' id='word_1_727' title='bbox 2088 3869 2188 3920; x_wconf 89' lang='lat' dir='ltr'>rep.</span> <span class='ocrx_word' id='word_1_728' title='bbox 2195 3892 2212 3919; x_wconf 89' lang='lat'>,</span> <span class='ocrx_word' id='word_1_729' title='bbox 2233 3856 2294 3906; x_wconf 89' lang='lat' dir='ltr'>de</span> <span class='ocrx_word' id='word_1_730' title='bbox 2311 3854 2616 3917; x_wconf 85' lang='lat' dir='ltr'>necessariis,</span> <span class='ocrx_word' id='word_1_731' title='bbox 2651 3853 2713 3903; x_wconf 89' lang='lat' dir='ltr'>de</span> <span class='ocrx_word' id='word_1_732' title='bbox 2733 3853 2902 3904; x_wconf 85' lang='lat' dir='ltr'>amicis</span> <span class='ocrx_word' id='word_1_733' title='bbox 2921 3853 3128 3917; x_wconf 88' lang='lat' dir='ltr'>denique</span> <span class='ocrx_word' id='word_1_734' title='bbox 3147 3866 3246 3903; x_wconf 89' lang='lat' dir='ltr'>me·</span> 
     </span>
     <span class='ocr_line' id='line_1_92' title="bbox 1692 3936 3244 4004; baseline -0.002 -14"><span class='ocrx_word' id='word_1_735' title='bbox 1692 3940 1857 3991; x_wconf 84' lang='lat' dir='ltr'>ritum.</span> <span class='ocrx_word' id='word_1_736' title='bbox 1874 3940 1966 3990; x_wconf 73' lang='lat' dir='ltr'>llic</span> <span class='ocrx_word' id='word_1_737' title='bbox 1983 3940 2114 3991; x_wconf 84' lang='lat' dir='ltr'>enim</span> <span class='ocrx_word' id='word_1_738' title='bbox 2131 3953 2284 4004; x_wconf 89' lang='lat' dir='ltr'>quum</span> <span class='ocrx_word' id='word_1_739' title='bbox 2301 3951 2329 3990; x_wconf 87' lang='lat' dir='ltr'>a</span> <span class='ocrx_word' id='word_1_740' title='bbox 2347 3938 2487 3989; x_wconf 86' lang='lat' dir='ltr'>nobis</span> <span class='ocrx_word' id='word_1_741' title='bbox 2498 3938 2759 4002; x_wconf 82' lang='lat' dir='ltr'>accepisset</span> <span class='ocrx_word' id='word_1_742' title='bbox 2769 3937 2897 3987; x_wconf 86' lang='lat' dir='ltr'>hanc</span> <span class='ocrx_word' id='word_1_743' title='bbox 2911 3936 3244 4000; x_wconf 84' lang='lat' dir='ltr'>hereditatem,</span> 
     </span>
     <span class='ocr_line' id='line_1_93' title="bbox 1694 4016 3248 4084; baseline -0.001 -13"><span class='ocrx_word' id='word_1_744' title='bbox 1694 4024 1950 4084; x_wconf 76' lang='lat' dir='ltr'>octogenae</span> <span class='ocrx_word' id='word_1_745' title='bbox 1975 4022 2130 4071; x_wconf 85' lang='lat' dir='ltr'>minas</span> <span class='ocrx_word' id='word_1_746' title='bbox 2150 4033 2421 4070; x_wconf 87' lang='lat' dir='ltr'>annuorum</span> <span class='ocrx_word' id='word_1_747' title='bbox 2441 4017 2746 4080; x_wconf 75' lang='lat' dir='ltr'>vectlgalium</span> <span class='ocrx_word' id='word_1_748' title='bbox 2767 4017 3026 4079; x_wconf 83' lang='lat' dir='ltr'>serentem,</span> <span class='ocrx_word' id='word_1_749' title='bbox 3049 4016 3248 4080; x_wconf 80' lang='lat' dir='ltr'>ejusque</span> 
     </span>
     <span class='ocr_line' id='line_1_94' title="bbox 1694 4100 3246 4167; baseline -0.003 -12"><span class='ocrx_word' id='word_1_750' title='bbox 1694 4105 1881 4155; x_wconf 71' lang='lat' dir='ltr'>tructus</span> <span class='ocrx_word' id='word_1_751' title='bbox 1902 4106 2010 4155; x_wconf 83' lang='lat' dir='ltr'>toto</span> <span class='ocrx_word' id='word_1_752' title='bbox 2027 4104 2260 4154; x_wconf 87' lang='lat' dir='ltr'>decennio</span> <span class='ocrx_word' id='word_1_753' title='bbox 2283 4103 2595 4167; x_wconf 84' lang='lat' dir='ltr'>percepisset,</span> <span class='ocrx_word' id='word_1_754' title='bbox 2617 4103 2880 4163; x_wconf 83' lang='lat' dir='ltr'>tumnegat</span> <span class='ocrx_word' id='word_1_755' title='bbox 2891 4100 2979 4151; x_wconf 89' lang='lat' dir='ltr'>sibi</span> <span class='ocrx_word' id='word_1_756' title='bbox 2994 4100 3246 4163; x_wconf 84' lang='lat' dir='ltr'>pecuniam</span> 
     </span>
     <span class='ocr_line' id='line_1_95' title="bbox 1695 4181 3246 4248; baseline -0.005 -11"><span class='ocrx_word' id='word_1_757' title='bbox 1695 4200 1821 4248; x_wconf 65' lang='lat' dir='ltr'>esse,</span> <span class='ocrx_word' id='word_1_758' title='bbox 1844 4188 1952 4236; x_wconf 88' lang='lat' dir='ltr'>tum</span> <span class='ocrx_word' id='word_1_759' title='bbox 1973 4188 2136 4235; x_wconf 88' lang='lat' dir='ltr'>tamen</span> <span class='ocrx_word' id='word_1_760' title='bbox 2166 4197 2264 4234; x_wconf 90' lang='lat' dir='ltr'>non</span> <span class='ocrx_word' id='word_1_761' title='bbox 2287 4183 2434 4234; x_wconf 87' lang='lat' dir='ltr'>babet</span> <span class='ocrx_word' id='word_1_762' title='bbox 2455 4183 2628 4233; x_wconf 89' lang='lat' dir='ltr'>docere</span> <span class='ocrx_word' id='word_1_763' title='bbox 2649 4196 2749 4245; x_wconf 88' lang='lat' dir='ltr'>quo</span> <span class='ocrx_word' id='word_1_764' title='bbox 2782 4194 2893 4231; x_wconf 86' lang='lat' dir='ltr'>eam</span> <span class='ocrx_word' id='word_1_765' title='bbox 2923 4181 3246 4244; x_wconf 87' lang='lat' dir='ltr'>insumpserit.</span> 
     </span>
     <span class='ocr_line' id='line_1_96' title="bbox 1697 4262 3248 4329; baseline -0.002 -13"><span class='ocrx_word' id='word_1_766' title='bbox 1697 4268 1793 4329; x_wconf 77' lang='grc'>(36)</span> <span class='ocrx_word' id='word_1_767' title='bbox 1819 4266 2054 4329; x_wconf 77' lang='lat' dir='ltr'>vosipsi,</span> <span class='ocrx_word' id='word_1_768' title='bbox 2079 4267 2150 4316; x_wconf 82' lang='lat' dir='ltr'>sas</span> <span class='ocrx_word' id='word_1_769' title='bbox 2166 4266 2296 4317; x_wconf 90' lang='lat' dir='ltr'>enim</span> <span class='ocrx_word' id='word_1_770' title='bbox 2318 4267 2418 4327; x_wconf 69' lang='lat' dir='ltr'>est,</span> <span class='ocrx_word' id='word_1_771' title='bbox 2439 4264 2726 4315; x_wconf 82' lang='lat' dir='ltr'>existimate.</span> <span class='ocrx_word' id='word_1_772' title='bbox 2790 4265 2848 4314; x_wconf 91' lang='lat' dir='ltr'>ln</span> <span class='ocrx_word' id='word_1_773' title='bbox 2871 4262 3104 4325; x_wconf 82' lang='lat' dir='ltr'>Dionysiis</span> <span class='ocrx_word' id='word_1_774' title='bbox 3129 4262 3248 4313; x_wconf 88' lang='lat' dir='ltr'>cbo-</span> 
     </span>
     <span class='ocr_line' id='line_1_97' title="bbox 1697 4342 3251 4412; baseline -0.003 -14"><span class='ocrx_word' id='word_1_775' title='bbox 1697 4351 1860 4412; x_wconf 73' lang='lat' dir='ltr'>regatu</span> <span class='ocrx_word' id='word_1_776' title='bbox 1896 4347 2052 4398; x_wconf 81' lang='lat' dir='ltr'>tribus</span> <span class='ocrx_word' id='word_1_777' title='bbox 2085 4360 2184 4397; x_wconf 79' lang='lat' dir='ltr'>suoe</span> <span class='ocrx_word' id='word_1_778' title='bbox 2231 4348 2430 4411; x_wconf 78' lang='lat' dir='ltr'>fungens</span> <span class='ocrx_word' id='word_1_779' title='bbox 2484 4347 2684 4408; x_wconf 83' lang='lat' dir='ltr'>quartus</span> <span class='ocrx_word' id='word_1_780' title='bbox 2732 4344 2855 4407; x_wconf 76' lang='lat' dir='ltr'>tuit,</span> <span class='ocrx_word' id='word_1_781' title='bbox 2913 4342 3251 4407; x_wconf 76' lang='lat' dir='ltr'>tragoediaeque</span> 
     </span>
     <span class='ocr_line' id='line_1_98' title="bbox 1696 4424 3252 4494; baseline -0.004 -14"><span class='ocrx_word' id='word_1_782' title='bbox 1696 4434 1841 4494; x_wconf 89' lang='lat' dir='ltr'>atque</span> <span class='ocrx_word' id='word_1_783' title='bbox 1855 4428 2142 4494; x_wconf 63' lang='lat' dir='ltr'>pyrrhichiis</span> <span class='ocrx_word' id='word_1_784' title='bbox 2167 4428 2348 4491; x_wconf 85' lang='lat' dir='ltr'>palmas</span> <span class='ocrx_word' id='word_1_785' title='bbox 2377 4427 2540 4478; x_wconf 87' lang='lat' dir='ltr'>retulit</span> <span class='ocrx_word' id='word_1_786' title='bbox 2561 4427 2824 4490; x_wconf 85' lang='lat' dir='ltr'>postremas</span> <span class='ocrx_word' id='word_1_787' title='bbox 2859 4443 2872 4475; x_wconf 78' lang='grc' dir='ltr'>ι</span> <span class='ocrx_word' id='word_1_788' title='bbox 2895 4424 3002 4474; x_wconf 82' lang='lat' dir='ltr'>boec</span> <span class='ocrx_word' id='word_1_789' title='bbox 3022 4424 3123 4474; x_wconf 86' lang='lat' dir='ltr'>sola</span> <span class='ocrx_word' id='word_1_790' title='bbox 3139 4425 3252 4473; x_wconf 86' lang='lat' dir='ltr'>sunt</span> 
     </span>
     <span class='ocr_line' id='line_1_99' title="bbox 1698 4512 3251 4582; baseline -0.005 -13"><span class='ocrx_word' id='word_1_791' title='bbox 1698 4532 1896 4569; x_wconf 85' lang='lat' dir='ltr'>munera</span> <span class='ocrx_word' id='word_1_792' title='bbox 1913 4530 2026 4582; x_wconf 78' lang='lat' dir='ltr'>quoe</span> <span class='ocrx_word' id='word_1_793' title='bbox 2051 4516 2198 4567; x_wconf 83' lang='lat' dir='ltr'>edidit</span> <span class='ocrx_word' id='word_1_794' title='bbox 2220 4518 2440 4578; x_wconf 88' lang='lat' dir='ltr'>coactus,</span> <span class='ocrx_word' id='word_1_795' title='bbox 2459 4517 2510 4566; x_wconf 91' lang='lat' dir='ltr'>et</span> <span class='ocrx_word' id='word_1_796' title='bbox 2529 4516 2630 4565; x_wconf 89' lang='lat' dir='ltr'>tam</span> <span class='ocrx_word' id='word_1_797' title='bbox 2654 4514 2910 4578; x_wconf 68' lang='lat' dir='ltr'>praeclare,</span> <span class='ocrx_word' id='word_1_798' title='bbox 2931 4526 2959 4563; x_wconf 91' lang='lat' dir='ltr'>e</span> <span class='ocrx_word' id='word_1_799' title='bbox 2981 4512 3136 4563; x_wconf 85' lang='lat' dir='ltr'>reditu</span> <span class='ocrx_word' id='word_1_800' title='bbox 3151 4514 3251 4562; x_wconf 83' lang='lat' dir='ltr'>tam</span> 
     </span>
     <span class='ocr_line' id='line_1_100' title="bbox 1698 4601 3250 4671; baseline -0.005 -14"><span class='ocrx_word' id='word_1_801' title='bbox 1698 4608 1872 4671; x_wconf 89' lang='lat' dir='ltr'>amplo.</span> <span class='ocrx_word' id='word_1_802' title='bbox 1960 4608 2022 4657; x_wconf 86' lang='lat' dir='ltr'>Et</span> <span class='ocrx_word' id='word_1_803' title='bbox 2047 4604 2298 4656; x_wconf 86' lang='lat' dir='ltr'>trierarchi</span> <span class='ocrx_word' id='word_1_804' title='bbox 2320 4606 2396 4655; x_wconf 89' lang='lat' dir='ltr'>tot</span> <span class='ocrx_word' id='word_1_805' title='bbox 2431 4617 2583 4668; x_wconf 87' lang='lat' dir='ltr'>quum</span> <span class='ocrx_word' id='word_1_806' title='bbox 2605 4602 2850 4653; x_wconf 84' lang='lat' dir='ltr'>constituti</span> <span class='ocrx_word' id='word_1_807' title='bbox 2884 4601 3016 4664; x_wconf 88' lang='lat' dir='ltr'>sint,</span> <span class='ocrx_word' id='word_1_808' title='bbox 3067 4601 3250 4651; x_wconf 62' lang='lat' dir='ltr'>Dicaeo-</span> 
     </span>
     <span class='ocr_line' id='line_1_101' title="bbox 1698 4689 3252 4759; baseline -0.006 -12"><span class='ocrx_word' id='word_1_809' title='bbox 1698 4704 1839 4759; x_wconf 84' lang='lat' dir='ltr'>genes</span> <span class='ocrx_word' id='word_1_810' title='bbox 1855 4708 2013 4759; x_wconf 88' lang='lat' dir='ltr'>neque</span> <span class='ocrx_word' id='word_1_811' title='bbox 2030 4694 2129 4758; x_wconf 87' lang='lat' dir='ltr'>ipse</span> <span class='ocrx_word' id='word_1_812' title='bbox 2147 4693 2518 4744; x_wconf 70' lang='lat' dir='ltr'>trien-archatum</span> <span class='ocrx_word' id='word_1_813' title='bbox 2537 4692 2680 4756; x_wconf 83' lang='lat' dir='ltr'>gessit</span> <span class='ocrx_word' id='word_1_814' title='bbox 2697 4704 2853 4754; x_wconf 87' lang='lat' dir='ltr'>neque</span> <span class='ocrx_word' id='word_1_815' title='bbox 2879 4690 3018 4740; x_wconf 89' lang='lat' dir='ltr'>alteri</span> <span class='ocrx_word' id='word_1_816' title='bbox 3044 4689 3252 4752; x_wconf 87' lang='lat' dir='ltr'>cuipiam</span> 
     </span>
     <span class='ocr_line' id='line_1_102' title="bbox 1698 4778 3252 4848; baseline -0.006 -13"><span class='ocrx_word' id='word_1_817' title='bbox 1698 4784 1879 4848; x_wconf 81' lang='lat' dir='ltr'>gerenti</span> <span class='ocrx_word' id='word_1_818' title='bbox 1896 4784 1959 4835; x_wconf 90' lang='lat' dir='ltr'>de</span> <span class='ocrx_word' id='word_1_819' title='bbox 1983 4796 2109 4847; x_wconf 86' lang='lat' dir='ltr'>penu</span> <span class='ocrx_word' id='word_1_820' title='bbox 2145 4796 2233 4833; x_wconf 85' lang='lat' dir='ltr'>suo</span> <span class='ocrx_word' id='word_1_821' title='bbox 2255 4782 2318 4833; x_wconf 86' lang='lat' dir='ltr'>ad</span> <span class='ocrx_word' id='word_1_822' title='bbox 2334 4784 2556 4846; x_wconf 87' lang='lat' dir='ltr'>sumptus</span> <span class='ocrx_word' id='word_1_823' title='bbox 2581 4780 2811 4841; x_wconf 81' lang='lat' dir='ltr'>eontulit,</span> <span class='ocrx_word' id='word_1_824' title='bbox 2836 4778 3102 4843; x_wconf 61' lang='lat' dir='ltr'>prasertim</span> <span class='ocrx_word' id='word_1_825' title='bbox 3124 4778 3252 4839; x_wconf 85' lang='lat' dir='ltr'>ejns-</span> 
     </span>
     <span class='ocr_line' id='line_1_103' title="bbox 1700 4865 3251 4937; baseline -0.006 -13"><span class='ocrx_word' id='word_1_826' title='bbox 1700 4872 1829 4924; x_wconf 91' lang='lat' dir='ltr'>modi</span> <span class='ocrx_word' id='word_1_827' title='bbox 1854 4874 1905 4923; x_wconf 91' lang='lat' dir='ltr'>in</span> <span class='ocrx_word' id='word_1_828' title='bbox 1923 4872 2041 4937; x_wconf 86' lang='lat' dir='ltr'>reip.</span> <span class='ocrx_word' id='word_1_829' title='bbox 2066 4872 2360 4935; x_wconf 84' lang='lat' dir='ltr'>temporibus</span> <span class='ocrx_word' id='word_1_830' title='bbox 2384 4891 2398 4921; x_wconf 73' lang='grc' dir='ltr'>ι</span> <span class='ocrx_word' id='word_1_831' title='bbox 2423 4870 2506 4921; x_wconf 84' lang='lat' dir='ltr'>sed</span> <span class='ocrx_word' id='word_1_832' title='bbox 2524 4870 2638 4933; x_wconf 83' lang='lat' dir='ltr'>alii,</span> <span class='ocrx_word' id='word_1_833' title='bbox 2661 4869 2838 4933; x_wconf 88' lang='lat' dir='ltr'>quibus</span> <span class='ocrx_word' id='word_1_834' title='bbox 2857 4868 3048 4917; x_wconf 88' lang='lat' dir='ltr'>tenuior</span> <span class='ocrx_word' id='word_1_835' title='bbox 3073 4878 3150 4915; x_wconf 87' lang='lat' dir='ltr'>res</span> <span class='ocrx_word' id='word_1_836' title='bbox 3179 4865 3251 4914; x_wconf 79' lang='lat' dir='ltr'>sa-</span> 
     </span>
     <span class='ocr_line' id='line_1_104' title="bbox 1700 4954 3254 5025; baseline -0.007 -13"><span class='ocrx_word' id='word_1_837' title='bbox 1700 4963 1899 5013; x_wconf 79' lang='lat' dir='ltr'>minaris</span> <span class='ocrx_word' id='word_1_838' title='bbox 1919 4964 2022 5022; x_wconf 81' lang='lat' dir='ltr'>est,</span> <span class='ocrx_word' id='word_1_839' title='bbox 2044 4974 2190 5025; x_wconf 85' lang='lat' dir='ltr'>quam</span> <span class='ocrx_word' id='word_1_840' title='bbox 2214 4960 2327 5010; x_wconf 88' lang='lat' dir='ltr'>buic</span> <span class='ocrx_word' id='word_1_841' title='bbox 2353 4962 2468 5011; x_wconf 87' lang='lat' dir='ltr'>sunt</span> <span class='ocrx_word' id='word_1_842' title='bbox 2485 4958 2668 5010; x_wconf 84' lang='lat' dir='ltr'>reditus</span> <span class='ocrx_word' id='word_1_843' title='bbox 2684 4957 2829 5008; x_wconf 90' lang='lat' dir='ltr'>annui</span> <span class='ocrx_word' id='word_1_844' title='bbox 2843 4993 2858 5019; x_wconf 87' lang='lat'>,</span> <span class='ocrx_word' id='word_1_845' title='bbox 2878 4958 3040 5006; x_wconf 87' lang='lat' dir='ltr'>tamen</span> <span class='ocrx_word' id='word_1_846' title='bbox 3063 4954 3254 5004; x_wconf 89' lang='lat' dir='ltr'>trierar-</span> 
     </span>
     <span class='ocr_line' id='line_1_105' title="bbox 1700 5041 3254 5115; baseline -0.008 -14"><span class='ocrx_word' id='word_1_847' title='bbox 1700 5051 1873 5101; x_wconf 83' lang='lat' dir='ltr'>chatus</span> <span class='ocrx_word' id='word_1_848' title='bbox 1900 5052 2088 5115; x_wconf 81' lang='lat' dir='ltr'>gerunt.</span> <span class='ocrx_word' id='word_1_849' title='bbox 2133 5051 2233 5114; x_wconf 80' lang='grc'>(37)</span> <span class='ocrx_word' id='word_1_850' title='bbox 2254 5052 2560 5113; x_wconf 86' lang='lat' dir='ltr'>Quamquam</span> <span class='ocrx_word' id='word_1_851' title='bbox 2589 5046 2860 5111; x_wconf 84' lang='lat' dir='ltr'>splendidas</span> <span class='ocrx_word' id='word_1_852' title='bbox 2879 5044 2985 5094; x_wconf 87' lang='lat' dir='ltr'>illas</span> <span class='ocrx_word' id='word_1_853' title='bbox 3007 5041 3254 5093; x_wconf 76' lang='lat' dir='ltr'>facultates</span> 
     </span>
     <span class='ocr_line' id='line_1_106' title="bbox 1700 5128 3251 5203; baseline -0.008 -13"><span class='ocrx_word' id='word_1_854' title='bbox 1700 5152 1799 5190; x_wconf 85' lang='lat' dir='ltr'>non</span> <span class='ocrx_word' id='word_1_855' title='bbox 1831 5142 1967 5203; x_wconf 87' lang='lat' dir='ltr'>pater</span> <span class='ocrx_word' id='word_1_856' title='bbox 1995 5139 2042 5190; x_wconf 83' lang='lat' dir='ltr'>ei</span> <span class='ocrx_word' id='word_1_857' title='bbox 2066 5140 2286 5203; x_wconf 90' lang='lat' dir='ltr'>reliquit,</span> <span class='ocrx_word' id='word_1_858' title='bbox 2323 5137 2408 5189; x_wconf 89' lang='lat' dir='ltr'>sed</span> <span class='ocrx_word' id='word_1_859' title='bbox 2439 5150 2528 5188; x_wconf 77' lang='lat' dir='ltr'>vos</span> <span class='ocrx_word' id='word_1_860' title='bbox 2561 5135 2786 5198; x_wconf 73' lang='lat' dir='ltr'>suffragio</span> <span class='ocrx_word' id='word_1_861' title='bbox 2820 5134 2984 5183; x_wconf 74' lang='lat' dir='ltr'>vestro</span> <span class='ocrx_word' id='word_1_862' title='bbox 3013 5128 3251 5189; x_wconf 75' lang='lat' dir='ltr'>donastis3</span> 
     </span>
     <span class='ocr_line' id='line_1_107' title="bbox 1702 5218 3250 5293; baseline -0.01 -13"><span class='ocrx_word' id='word_1_863' title='bbox 1702 5230 2012 5293; x_wconf 85' lang='lat' dir='ltr'>quapropter,</span> <span class='ocrx_word' id='word_1_864' title='bbox 2049 5227 2236 5281; x_wconf 84' lang='lat' dir='ltr'>etiamsi</span> <span class='ocrx_word' id='word_1_865' title='bbox 2267 5226 2386 5279; x_wconf 80' lang='lat' dir='ltr'>civis</span> <span class='ocrx_word' id='word_1_866' title='bbox 2413 5239 2512 5277; x_wconf 89' lang='lat' dir='ltr'>non</span> <span class='ocrx_word' id='word_1_867' title='bbox 2538 5226 2687 5286; x_wconf 84' lang='lat' dir='ltr'>esset,</span> <span class='ocrx_word' id='word_1_868' title='bbox 2710 5226 2874 5275; x_wconf 86' lang='lat' dir='ltr'>tamen</span> <span class='ocrx_word' id='word_1_869' title='bbox 2903 5233 3014 5271; x_wconf 87' lang='lat' dir='ltr'>eum</span> <span class='ocrx_word' id='word_1_870' title='bbox 3057 5218 3250 5268; x_wconf 87' lang='lat' dir='ltr'>deceret</span> 
     </span>
     <span class='ocr_line' id='line_1_108' title="bbox 1703 5308 3252 5383; baseline -0.01 -12"><span class='ocrx_word' id='word_1_871' title='bbox 1703 5318 1988 5371; x_wconf 77' lang='lat' dir='ltr'>liberalitate</span> <span class='ocrx_word' id='word_1_872' title='bbox 2003 5318 2054 5369; x_wconf 89' lang='lat' dir='ltr'>in</span> <span class='ocrx_word' id='word_1_873' title='bbox 2071 5330 2224 5383; x_wconf 88' lang='lat' dir='ltr'>remp.</span> <span class='ocrx_word' id='word_1_874' title='bbox 2243 5316 2544 5368; x_wconf 74' lang='lat' dir='ltr'>voluntatem</span> <span class='ocrx_word' id='word_1_875' title='bbox 2565 5314 2772 5366; x_wconf 69' lang='lat' dir='ltr'>vestram</span> <span class='ocrx_word' id='word_1_876' title='bbox 2792 5308 3039 5363; x_wconf 85' lang='lat' dir='ltr'>demereri.</span> <span class='ocrx_word' id='word_1_877' title='bbox 3107 5310 3252 5359; x_wconf 82' lang='lat' dir='ltr'>Porro</span> 
     </span>
    </p>
   </div>
  </div>
 </body>
</html>
