3825 5842
1006 506 1189 569 ISAEI
1228 506 1351 567 ΟΒ.
1392 505 1495 566 DE
1514 532 1521 543 ’
1539 502 1915 566 MENEcLls
1957 500 2466 564 HEREDITATE.

3205 512 3314 565 2⁴7

134 647 237 727 γὰρ
260 644 363 705 ἔδει
388 646 465 723 ᾤ
488 644 703 722 ὀρφανῷ
727 638 795 697 τὰ
806 636 1057 718 χρήματα
1082 636 1445 709 ἀποδίδοσθαι,
1470 639 1499 695 ὁ
1526 636 1570 694 δ’
1596 638 1689 695 οὐκ
1772 644 1883 704 bet,
1909 654 1996 705 ego
2027 640 2292 703 explicabo.
2357 640 2616 703 Postquam
2647 638 2778 689 enim
2799 638 2982 701 pupillo
3003 638 3218 701 oportuit
3235 651 3319 701 pe-

138 725 283 813 εἷχεν
299 730 481 791 ὁπόθεν
500 729 683 809 ἀποδῷ
696 770 714 799 ,
743 726 885 786 τόκοι
905 724 959 785 δὲ
983 726 1177 785 πολλοῦ
1201 722 1388 803 χρόνου
1406 745 1688 804 συνερρυη-

136 821 285 886 niet<
302 811 435 890 ἦσαν
459 818 637 896 αὐτῷ,
662 812 725 873 τὸ
748 811 943 894 χωρίον
960 810 1173 873 ἐπώλει.
1258 812 1366 872 Καὶ
1400 803 1542 878 οὗτος
1569 834 1691 869 και·

138 914 227 989 ροῦ
246 904 533 982 λαὸόμενος
554 902 645 961 καὶ
673 900 978 981 βουλόμενος
998 902 1141 981 αὐτῷ
1158 900 1477 979 ἐπηρεάζειν,
1500 896 1578 957 ὅτι
1596 897 1689 975 ἐμὲ

75 1016 95 1051 s
136 993 447 1065 ἐποιήσατο,
470 989 719 1049 διεκώλυε
742 986 803 1051 τὸ
822 988 1011 1069 χωρίον
1040 990 1329 1065 πραθῆναι,
1364 985 1451 1044 ἵνα
1478 983 1689 1065 κατόχι-

141 1106 238 1158 μον
280 1081 495 1159 γένηται
537 1077 628 1136 καὶ
674 1078 979 1155 ἀναγκασθῇ
1012 1078 1089 1154 τῷ
1134 1077 1339 1155 ὀρφανῷ
1382 1076 1688 1143 ἀποστῆναι.

140 1166 495 1251 Ἦμφισὸήτει
523 1156 610 1224 οὖν
631 1166 775 1243 αὐτῷ
803 1162 989 1241 μέρους
1018 1161 1152 1229 τινὸς
1196 1168 1284 1221 τοῦ
1312 1159 1507 1242 χωρίου
1526 1205 1543 1239 ,
1570 1155 1704 1239 πρό-

142 1280 286 1335 τερον
312 1254 427 1314 οὐδὲ
457 1250 673 1311 πώποτε
704 1248 1139 1330 ἀμφισὸητήσας,
1163 1248 1251 1307 καὶ
1279 1247 1566 1329 ἀπηγόρευε
1590 1254 1694 1313 τοῖς

143 1338 442 1417 ὠνουμένοις
462 1336 538 1416 μὴ
558 1339 816 1396 ὠνεῖσθαι.
902 1334 988 1411 (29)
1010 1337 1259 1399 Κάκεῖνος
1286 1334 1587 1411 ἠγανάκτει,
1612 1322 1692 1390 οἷ-

80 1453 121 1489 m
148 1454 270 1506 μαι,
299 1429 387 1485 καὶ
410 1424 735 1503 ἠναγκάζετο
779 1422 1149 1481 ὖπολείπεσθαι
1198 1412 1257 1480 οὗ
1292 1417 1690 1502 ἠμφισὸήτησεν

144 1510 301 1582 οὗτος.
380 1515 465 1576 Τὸ
500 1512 553 1573 δὲ
592 1512 721 1572 ἄλλο
767 1510 1069 1571 ἀποδίδοται
1100 1509 1359 1590 Φιλίππῳ
1395 1512 1469 1589 τῷ
1511 1510 1697 1569 Πιτθεῖ

144 1602 505 1680 ίῦδομῆκοντα
550 1604 713 1679 μνῶν,
762 1600 851 1657 καὶ
886 1596 1022 1657 οὕτω
1076 1598 1273 1656 διαλύει
1316 1597 1401 1655 τὸν
1452 1595 1691 1677 ὀρφανόν,

144 1690 273 1750 ἑπτὰ
300 1699 433 1768 μνᾶς
474 1689 565 1749 καὶ
592 1688 844 1746 τάλαντον
876 1684 1095 1754 ἀποδοὺς
1133 1683 1238 1743 ἀπὸ
1274 1688 1364 1756 τῆς
1407 1688 1561 1761 τιμῆς
1600 1688 1693 1741 τοῦ

140 1778 335 1857 χωρίου
351 1799 368 1817 ·
398 1776 569 1856 τούτῳ
609 1774 665 1833 δὲ
708 1772 962 1853 λαγχάνει
1008 1774 1155 1844 δίκην
1200 1777 1293 1843 τῆς
1336 1772 1690 1851 ἀπορρήσεως.

80 1874 119 1910 ¹⁵
146 1866 335 1942 Λόγων
350 1862 404 1922 δὲ
435 1864 641 1921 πολλῶν
663 1860 949 1938 γενομένων
986 1859 1076 1918 καὶ
1100 1859 1285 1938 ἔχθρας
1314 1860 1508 1929 πολλῆς
1529 1857 1694 1926 ἔδοξεν

144 1956 267 2027 ἡμῖν
288 1955 517 2031 χρῆναι,
546 1947 631 2007 ἵνα
668 1946 742 2023 μή
768 1969 895 2006 ποτε
918 1944 1043 2024 εἴπῃ
1070 1968 1147 2013 τις
1168 1944 1261 2021 ἐμὲ
1288 1946 1692 2025 φιλοχρηματεῖν

145 2039 231 2098 καὶ
254 2036 471 2118 ἐχθροὺς
488 2034 734 2115 ἀδελφοὺς
763 2033 915 2101 ὄντας
934 2031 1116 2101 αὐτοὺς
1140 2031 1465 2105 καθιστάναι,
1493 2032 1694 2111 ἐπιτρέ-

144 2131 327 2207 ψαιτῷ
349 2148 406 2185 τε
426 2125 659 2198 κηδεστῇ
674 2126 751 2201 τῷ
772 2120 954 2182 τούτου
972 2122 1061 2181 καὶ
1084 2128 1191 2187 τοῖς
1218 2119 1385 2200 φίλοις
1404 2120 1687 2191 διαιτῆσαι.

149 2213 233 2292 (aa)
262 2213 490 2272 Ἐκεῖνοι
516 2212 565 2269 δ’
592 2202 735 2269 εἶπον
758 2214 913 2287 ἡμῖν,
938 2208 1099 2285 εἰμὲν
1128 2208 1494 2287 ἐπιτρέποιμεν
1524 2208 1693 2273 αὐτοῖς

80 2308 125 2345 ²⁰
146 2300 277 2359 ὥστε
302 2300 373 2359 τὰ
394 2298 571 2358 δίκαια
610 2300 922 2375 διαγνῶναι,
943 2298 1038 2354 οὐκ
1070 2293 1133 2355 ἂν
1160 2294 1359 2374 ἔφασαν
1397 2295 1691 2365 διαιτῆσαι·

146 2388 281 2448 οὐδὲν
334 2388 436 2468 γὰρ
486 2386 681 2445 δεῖσθαι
728 2385 1045 2465 ἀπέχθεσθαι
1088 2381 1368 2461 οὐδετέροις
1426 2384 1600 2458 ἡμῶν·
1647 2382 1693 2438 εἰ

147 2477 187 2532 δ’
207 2474 429 2544 ἐάσομεν
452 2471 636 2539 αὐτοὺς
651 2474 843 2549 γνῶναι
860 2468 927 2527 τὰ
946 2468 1271 2548 συμφέροντα
1288 2473 1469 2543 πᾶσιν,
1492 2464 1691 2545 ἔφασαν

148 2559 447 2629 διαιτήσειν.
530 2555 641 2616 Καὶ
668 2559 848 2633 ἡμεῖς,
875 2554 961 2612 ἵνα
998 2556 1063 2625 δὴ
1097 2552 1419 2633 πραγμάτων
1452 2554 1693 2610 ἀπαλλα·

146 2651 331 2725 γῶμεν,
356 2643 433 2710 ὥς
451 2666 511 2723 γε
530 2641 595 2714 δὴ
618 2640 857 2725 ᾠόμεθα,
883 2640 1044 2707 οὕτως
1062 2638 1425 2720 ἐπιτρέπομεν.
1459 2640 1549 2716 (ιιι)
1580 2638 1692 2698 Καὶ

80 2749 123 2786 2⁵
146 2736 319 2791 ἐκεῖνοι
360 2731 646 2807 ὀμόσαντες
672 2730 799 2805 ἡμῖν
822 2728 949 2809 πρὸς
984 2730 1059 2809 τῷ
1090 2730 1254 2807 βωμῷ
1292 2730 1367 2807 τῷ
1402 2729 1490 2796 τῆς
1513 2725 1692 2805 Ἀφρο-

148 2822 277 2892 aim
336 2819 623 2900 Κεφαλῆσι
682 2815 751 2874 τὰ
816 2838 925 2892 συμ
964 2814 1145 2895 ίροντα
1202 2812 1520 2889 γνώσεσθαι,
1579 2809 1691 2888 διῄ-

148 2930 299 2979 τησαν
316 2911 468 2983 ἡμᾶς
479 2909 771 2975 ἀποστῆναι
788 2894 860 2961 ὧν
887 2838 1035 2969 οἶτος
1063 2900 1435 2982 ἠμφισὸήτησε
1458 2900 1547 2957 καὶ
1575 2900 1693 2957 δοῦ-

148 3019 223 3052 ναι
244 2992 464 3073 δωρεάν·
490 2995 550 3052 οὗ
577 2991 677 3071 γὰρ
702 2990 899 3072 ἔφασαν
924 2979 1057 3047 εἶναι
1085 2988 1249 3057 ἄλλην
1267 2984 1577 3065 ἀπαλλαγὴν
1606 2987 1692 3043 οὐ·

150 3080 335 3157 δεμίαν,
355 3084 405 3139 εἰ
433 3079 507 3157 μὴ
538 3077 927 3158 μεταλήψονται
946 3068 1085 3135 οὗτοι
1105 3079 1207 3133 τῶν
1224 3070 1436 3132 ἐκείνου.
1478 3075 1565 3151 (32)
1593 3072 1693 3132 Ἐκ

84 3188 127 3225 30
150 3169 197 3227 δὲ
226 3175 309 3228 τοῦ
336 3172 529 3227 λοιποῦ
572 3165 761 3246 χρόνου
818 3163 1045 3243 ἔγνωσαν
1096 3166 1235 3239 ἡμᾶς
1286 3150 1345 3219 εὖ
1381 3161 1545 3219 ποιεῖν
1600 3162 1689 3217 ἀλ·

146 3254 318 3326 λήλους
342 3255 444 3315 καὶ
456 3254 599 3335 λόγῳ
614 3252 705 3313 καὶ
716 3252 877 3333 ἔργῳ,
896 3250 987 3310 καὶ
1006 3255 1171 3309 ταῦτα
1182 3246 1371 3325 ὀμόσαι
1388 3248 1692 3328 ἠνάγκασαν

148 3349 272 3421 ἡμᾶς
298 3342 625 3425 ἀμφοτέρους
648 3340 775 3417 πρὸς
802 3343 879 3421 τῷ
908 3341 1073 3420 βωμῷ
1102 3329 1137 3409 ἧ
1179 3333 1283 3414 μὴν
1310 3334 1546 3407 ποιήσειν
1559 3355 1574 3370 ·
1604 3334 1693 3393 καὶ

150 3434 281 3507 ἡμεῖς
304 3430 601 3509 ὠμόσαμεν
643 3419 702 3487 εῧ
744 3430 909 3485 ποιεῖν
935 3424 1191 3496 ἀλλήλους
1221 3425 1281 3481 ἐκ
1308 3427 1397 3480 τοῦ
1425 3420 1693 3481 ἐπιλοίπου

148 3518 341 3598 χμῖνου,
358 3516 505 3576 κατὰ
520 3516 735 3591 δύναμιν
750 3505 905 3589 εἶναι,
922 3512 1011 3571 καὶ
1028 3514 1062 3571 λ
1077 3510 1091 3531 ’
1124 3536 1168 3592 ῳ
1186 3510 1275 3569 καὶ
1294 3508 1449 3590 ἔργῳ.
1479 3512 1566 3588 (33)
1583 3509 1693 3570 Καὶ

89 3625 127 3661 aa
150 3610 205 3672 ὡς
218 3606 249 3663 ὅ
262 3630 314 3664 τε
326 3604 485 3685 ὅρκος
501 3601 726 3680 ἐγένετο,
752 3600 841 3661 καὶ
852 3534 1209 3681 ἔχουσινίἒτοι
1225 3597 1259 3654 ἃ
1271 3597 1502 3676 ἐγνώσθη
1522 3598 1693 3664 αὐτοῖς

150 3694 237 3750 ὑπὸ
258 3696 363 3751 τῶν
396 3690 602 3750 οἰκείων
620 3694 722 3748 τῶν
760 3688 940 3748 τούτου
955 3732 973 3763 ,
994 3677 1106 3745 εἶτα
1126 3684 1235 3743 νυνὶ
1258 3684 1405 3742 ταυτὶ
1430 3682 1495 3742 τὰ
1524 3683 1693 3763 ἀγαθὰ

150 3786 367 3838 ποιοῦσιν
412 3782 585 3855 ἡμᾶς,
622 3776 709 3835 τὸν
744 3774 838 3851 μὲν
867 3776 1121 3832 τεθνεῶτα
1156 3771 1353 3829 ἄπαιδα
1392 3769 1692 3849 βουλόμενοι

148 3874 470 3939 καταστῆσαι
488 3913 504 3939 ,
530 3865 623 3943 ἐμὲ
651 3865 695 3923 δ’
718 3863 993 3923 ἕκὸάλλειν
1018 3859 1320 3937 ὑδρίσαντες
1335 3861 1393 3918 ἔκ
1413 3864 1502 3918 τοῦ
1522 3856 1687 3931 οἴκου,

148 3956 247 4023 τοὺς
284 3954 511 4034 γνόντας
546 3950 731 4019 αὐτοὺς
774 3954 897 4026 ὑμῖν
936 3946 1231 4027 παρέξομαι
1276 3944 1569 4028 μάρτυρας,
1600 3944 1689 4004 ἐὰν

88 4067 129 4103 w
146 4044 382 4102 ἐθέλωσιν
409 4040 708 4105 ἅναὸαίνειν
762 4035 894 4117 (εἰσὶ
921 4036 1024 4116 γὰρ
1052 4034 1250 4093 τούτων
1283 4034 1459 4093 οἰκεῖοι
1479 4035 1519 4111 ),
1547 4036 1593 4093 εἰ
1636 4033 1691 4092 δὲ

40 4153 43 4250 γ
147 4131 241 4205 μή,
264 4130 393 4197 τοὺς
430 4125 897 4211 παραγενομένους.
983 4120 1073 4201 (ai)
1116 4120 1224 4181 Καί
1253 4142 1343 4198 μοι
1371 4118 1462 4186 τὰς
1491 4144 1689 4201 μαρτυ-

40 4255 42 4294 ,
147 4216 243 4297 ρίας
265 4218 533 4294 ἀνάγνωθι
560 4211 811 4273 ταυτασί·
836 4209 898 4271 σὺ
920 4211 965 4268 δ’
986 4207 1204 4269 ἐπίλαὸε
1230 4208 1289 4265 τὸ
1316 4207 1473 4287 ὕδωρ.

735 4333 1095 4407 munem.

81 4510 121 4546 is
216 4488 367 4549 Λαὸὲ
398 4486 463 4558 δή
486 4508 575 4561 μοι
604 4483 697 4550 τὰς
724 4481 1011 4561 μαρτυρίας
1034 4477 1261 4551 ἐκείνας,
1289 4480 1357 4543 ὥς
1398 4474 1459 4533 τό
1496 4498 1554 4533 τε
1580 4497 1685 4553 χω-

151 4576 243 4654 ρίον
275 4572 641 4650 ἑὸδομήκσντα
674 4572 813 4647 μνῶν
836 4566 1063 4647 ἐπράθη,
1091 4563 1181 4623 καὶ
1206 4566 1277 4629 ὥς
1293 4560 1552 4620 ἀπέλαὸεν
1568 4565 1595 4619 ὁ
1611 4564 1689 4641 ὀρ-

150 4662 289 4733 φανὸς
316 4660 458 4723 ἑπτὰ
484 4658 577 4719 καὶ
596 4656 847 4729 ἑξήκοντα
870 4662 1001 4732 μνᾶς
1025 4649 1303 4734 πραθέντος
1325 4652 1415 4708 τοῦ
1447 4646 1659 4728 χωρίου.

736 4800 1069 4849 ΜΔΡἸῪΡῙΑΙ
1079 4833 1093 4847 .

222 4946 287 4984 35.
310 4926 381 4983 ‘O
408 4928 541 4989 θεῖος
568 4920 737 4980 τοίνυν
761 4916 959 4988 οὑτοσί,
986 4905 1030 4974 ὦ
1055 4912 1231 4993 ἄνδρες
1247 4957 1262 4985 ,
1292 4910 1683 4987 κεκληρονομη-

94 5024 135 5061 ⁶0
160 5010 245 5077 κὼς
267 5017 367 5071 τῶν
400 5010 599 5070 ἐκείνου
633 5004 769 5088 ἔργῳ
803 5004 893 5065 καὶ
940 5001 997 5061 οὔ
1037 5001 1177 5081 λόγῳ
1218 4998 1395 5079 ὥσπερ
1431 4994 1565 5073 ἐγώ,
1597 4995 1687 5055 καὶ

164 5098 278 5177 ἔχων
296 5104 422 5177 ἐμοῦ
452 5098 634 5177 πολλῷ
660 5091 891 5153 πλείονα·
919 5089 1021 5167 ἐγὼ
1042 5088 1136 5167 μὲν
1154 5086 1254 5165 γὰρ
1282 5086 1371 5151 τὰς
1391 5082 1685 5163 τριακοσίας

162 5186 377 5266 δραχμὰς
402 5183 592 5244 ἔλαὸον
620 5182 715 5248 τὰς
738 5177 1146 5260 περιλειφθείσας
1172 5173 1274 5233 ἀπὸ
1302 5176 1392 5243 τῆς
1414 5176 1565 5249 τιμῆς
1594 5175 1684 5229 τοῦ

164 5276 362 5355 χωρίου,
400 5272 490 5333 καὶ
532 5270 745 5331 οἰκίδιον
788 5268 821 5326 ὅ
850 5270 987 5327 ἰστιν
1024 5268 1117 5323 οὐκ
1143 5262 1280 5331 ἄξιον
1324 5262 1477 5340 τριῶν
1523 5260 1683 5336 μνῶν·

1774 724 1968 775 cuniam
1982 726 2206 787 praestare
2219 760 2234 785 ,
2261 723 2403 785 eique
2427 721 2556 771 unde
2581 721 2832 785 praestaret
2851 719 3127 779 deficiebat,
3157 722 3208 771 et
3230 720 3324 771 1⁵oe-

1774 822 1891 859 nora
1910 821 2056 871 porro
2073 810 2182 871 post
2205 808 2401 869 longum
2422 807 2614 869 tempus
2639 804 2943 857 confluebant
2957 841 2974 868 ,
2994 818 3172 856 venum
3194 816 3322 869 prae-

1774 897 1909 946 dium
1933 895 2080 945 dedit.
2144 894 2321 944 Aclste
2346 893 2538 955 arrepta
2571 890 2822 943 occasione
2849 890 3058 941 vexandi
3075 902 3188 942 eum
3214 904 3324 954 pro·

1776 989 1880 1049 pter
1906 997 2064 1035 meam
2090 982 2477 1046 adoptationem,
2501 981 2760 1044 quominus
2785 981 3021 1043 praedium
3041 991 3215 1032 venum
3234 982 3326 1032 iret
3391 1009 3396 1017 =

1775 1066 2064 1127 intercessit,
2085 1069 2142 1118 ut
2165 1066 2431 1129 obligatum
2449 1067 2572 1117 esset
2589 1067 2735 1127 atque
2752 1078 2810 1115 eo
2827 1065 3013 1129 pupillo
3031 1065 3200 1116 cedere
3221 1068 3324 1117 Me·

1775 1151 1935 1203 aedes
1986 1150 2252 1214 cogeretur.
2319 1149 2446 1197 cum
2478 1160 2540 1197 veo
2581 1146 2724 1209 igitur
2767 1160 2910 1211 super
2950 1146 3158 1210 quadam
3192 1150 3325 1211 parte

1776 1240 1940 1303 praedii
1959 1238 2226 1297 contendit,
2243 1237 2330 1287 etsi
2360 1237 2543 1287 nullam
2563 1250 2773 1301 uuquam
2792 1236 2925 1287 litem
2943 1236 3058 1287 olim
3073 1239 3324 1302 movisset,

1776 1323 2166 1387 emptoribusque
2189 1320 2437 1373 interdixit
2461 1334 2524 1371 ne
2554 1322 2784 1371 emerent.
2851 1322 2952 1383 (29)
2980 1324 3139 1386 Atque
3158 1322 3200 1372 ὴ
3216 1324 3326 1387 qui·

1776 1410 1885 1459 dem
1906 1407 2216 1471 querebatur,
2234 1409 2380 1469 puto,
2405 1406 2454 1456 et
2472 1407 2632 1469 parte,
2657 1418 2799 1468 super
2821 1418 2920 1469 qua
2944 1406 3034 1456 iste
3051 1406 3323 1469 contendit,

1776 1499 1946 1551 cedere
1969 1498 2247 1561 cogebatur,
2267 1498 2316 1546 et
2346 1488 2590 1559 reliquum
2609 1496 2908 1558 septuaginta
2939 1496 3080 1547 minis
3110 1497 3326 1563 Philippo

1778 1584 2007 1635 Pitthensi
2041 1584 2319 1647 assignatur.
2355 1584 2416 1633 Et
2449 1584 2544 1643 sic,
2569 1584 2753 1633 talento
2793 1584 2843 1633 et
2885 1585 3066 1646 septem
3095 1585 3240 1635 minis
3263 1584 3328 1637 de

1777 1669 1932 1731 pretio
1951 1668 2118 1733 praedii
2135 1667 2381 1731 depensis,
2401 1666 2584 1731 pupillo
2609 1666 2835 1718 satisfecit
2859 1686 2874 1716 ι
2908 1667 3144 1718 actionem
3163 1672 3326 1719 autem

1776 1754 2120 1805 interdictionis
2144 1767 2256 1804 cum
2287 1754 2381 1803 isto
2413 1752 2636 1803 instituit.
2664 1754 2725 1802 At
2746 1765 2860 1803 vero
2884 1752 3050 1803 multis
3085 1753 3327 1817 utrimque

1773 1842 1915 1904 jactis
1948 1836 2239 1891 clamoribus
2265 1850 2322 1887 ac
2357 1837 2614 1899 conviciis,
2645 1836 2786 1887 nobis
2821 1838 2979 1887 visum
3000 1839 3074 1887 est
3099 1840 3328 1901 oportere

1782 1929 1861 1991 ut,
1888 1940 1951 1978 ue
1970 1925 2078 1990 quis
2093 1940 2172 1976 me
2198 1925 2412 1976 avaritiae
2433 1924 2621 1973 incuset
2655 1923 2807 1987 etqui
2834 1923 3000 1973 fratres
3032 1924 3212 1974 fuerint
3233 1924 3325 1974 ini-

1779 2013 1927 2063 micos
1943 2010 2098 2071 saciat,
2112 2010 2378 2061 necessario
2391 2023 2558 2060 socero
2577 2010 2714 2060 istius
2727 2012 2873 2073 atque
2891 2008 3058 2059 amicis
3075 2008 3328 2059 arbitrium

1779 2099 1979 2149 deferre.
2030 2096 2128 2159 (30)
2157 2095 2232 2145 lili
2255 2107 2368 2145 vere
2387 2092 2526 2143 nobis
2553 2092 2889 2155 declarabant,
2917 2092 2959 2142 si
2974 2105 3030 2141 ea
3055 2092 3328 2143 conditione

1779 2197 1972 2235 causam
2005 2181 2288 2247 perscrutari
2319 2180 2412 2231 illis
2430 2178 2785 2243 permiserimus
2803 2181 2859 2228 ut
2881 2190 3068 2227 summo
3086 2176 3196 2238 jure
3212 2188 3326 2227 sen-

1780 2270 1980 2320 tentiam
1997 2270 2384 2333 pronuntiarent,
2408 2281 2460 2318 se
2485 2266 2860 2331 haudquaquam
2885 2266 3140 2316 arbitrium
3167 2278 3324 2316 susce-

1782 2356 1974 2418 pturos;
1993 2356 2122 2405 nolle
2140 2354 2268 2404 enim
2286 2367 2338 2404 se
2353 2353 2414 2403 ab
2437 2352 2668 2403 alterutro
2686 2354 2904 2402 nostrum
2923 2351 2972 2401 in
2986 2352 3096 2401 odio
3115 2350 3280 2401 haberi
3312 2370 3326 2401 ε

1781 2444 1853 2493 sin
1870 2456 1987 2491 vero
2010 2456 2093 2493 eos
2113 2441 2322 2492 sinarnus
2344 2454 2455 2504 qum
2476 2441 2701 2491 omnibus
2731 2440 3052 2491 conducibilia
3083 2442 3180 2492 sint
3195 2438 3329 2491 deci·

1781 2526 1921 2584 dere,
1939 2537 1990 2574 se
2015 2537 2114 2573 rem
2139 2523 2499 2585 disceptaturos.
2567 2526 2635 2573 Ac
2653 2534 2742 2571 nos
2756 2557 2770 2581 ‚
2789 2536 2888 2585 quo
2909 2522 3150 2573 molestias
3169 2522 3326 2573 dilue·

1782 2622 1965 2668 remus,
1985 2608 2056 2657 uti
2074 2606 2361 2670 putabamus
2373 2607 2530 2668 certe,
2550 2618 2606 2655 ea
2620 2606 2956 2669 permittimus.
3021 2607 3121 2671 (31)
3143 2609 3330 2666 Quum-

1781 2708 1877 2745 que
1896 2696 1968 2746 illi
1987 2696 2046 2745 ad
2077 2708 2210 2744 aram
2233 2694 2459 2756 Veneris,
2484 2707 2592 2757 quae
2610 2694 2660 2743 in
2683 2708 2804 2757 pago
2827 2694 3038 2759 cephala
3059 2698 3158 2759 est,
3177 2700 3330 2751 semet

1782 2785 1906 2848 ipsos
1924 2782 2232 2847 iureiurando
2257 2780 2620 2831 obstrinxissent
2641 2793 2692 2830 se
2717 2781 3090 2831 controversiam
3115 2783 3328 2832 nostram

1781 2878 1922 2929 aeque
1955 2866 2222 2928 decisuros,
2263 2867 2495 2917 sententia
2525 2878 2612 2913 sua
2646 2864 2961 2915 decreverunt
2983 2868 3038 2915 ut
3073 2878 3160 2915 nos
3193 2866 3330 2929 parte

1781 2964 1924 3013 super
1937 2964 2034 3013 qua
2055 2952 2142 2999 iste
2160 2948 2404 3000 contendit
2416 2947 2692 2997 cederemus
2706 2947 2930 3009 donoque
2946 2945 3170 2999 daremus
3191 2966 3203 2997 ε
3223 2948 3330 2997 nul·

1780 3029 1877 3079 lam
1908 3027 2036 3077 enim
2063 3026 2492 3076 reconciliationem
2517 3025 2618 3075 fore
2649 3024 2902 3086 dixerunt,
2931 3025 2981 3074 ni
3004 3024 3054 3073 hi
3075 3026 3092 3087 (
3111 3022 3329 3075 adversa·

1783 3108 1881 3158 rius
1898 3109 2094 3171 ejusque
2110 3107 2238 3157 iilius
2254 3108 2272 3168 )
2291 3108 2476 3169 partem
2502 3106 2711 3168 aliquam
2734 3104 2970 3154 bonorum
2987 3106 3213 3155 Meneclis
3243 3118 3328 3155 ac·

1782 3185 2010 3248 ciperent.
2074 3185 2170 3246 (32)
2189 3187 2342 3246 Inque
2357 3185 2598 3246 posterum
2608 3182 2852 3244 jusserunt
2864 3180 3003 3231 nobis
3020 3194 3107 3232 nos
3123 3182 3328 3233 invicem

1782 3272 2018 3335 dictisque
2035 3274 2086 3323 et
2101 3270 2240 3322 sactis
2253 3270 2614 3329 benefacturos,
2637 3270 2688 3317 et
2703 3266 2838 3317 istaec
2853 3267 2980 3317 bona
2997 3268 3094 3319 fide
3120 3269 3331 3319 tacturos

1781 3359 1843 3409 ad
1866 3371 2000 3407 aram
2027 3356 2338 3421 jurejurando
2362 3368 2452 3406 nos
2483 3355 2690 3405 invicem
2721 3354 3084 3405 obstrinxerunt
3109 3372 3122 3403 z
3159 3354 3210 3404 et
3240 3366 3330 3405 nos

1777 3442 2112 3507 iusim-andum
2135 3442 2379 3502 dedimus,
2403 3442 2452 3489 in
2473 3442 2747 3503 posterum,
2770 3438 2926 3502 quoad
2951 3439 3074 3501 potis
3091 3452 3327 3500 essemus,

1782 3544 1869 3580 nos
1893 3528 2100 3578 invicem
2137 3527 2276 3577 dictis
2309 3526 2540 3587 factisque
2557 3524 2817 3574 amicitiam
2850 3524 3082 3574 culturos.
3147 3524 3244 3587 (33)
3269 3526 3330 3575 Et

1777 3615 1876 3677 iam
1890 3651 1904 3675 ,
1930 3616 2126 3676 accepto
2149 3609 2486 3674 jurejurando,
2504 3607 2732 3671 quodque
2751 3607 3229 3669 compromisdonarii
3252 3608 3329 3659 inu

1782 3700 1926 3762 hujus
1941 3697 2198 3749 familiares
2226 3694 2560 3757 adjudicarant
2584 3694 2790 3751 asserto,
2815 3692 2944 3741 hiw
2975 3691 3217 3742 beneficiis
3242 3706 3330 3743 nos

1781 3784 1998 3836 afficiunt
2009 3821 2023 3845 ‚
2045 3784 2240 3833 fratrem
2253 3781 2435 3831 scilicet
2447 3792 2590 3829 suum
2608 3778 2892 3828 defunctum
2907 3778 3063 3829 facere
3077 3776 3328 3840 improlem

1780 3870 2022 3931 volentes,
2044 3880 2218 3931 meque
2239 3864 2583 3918 contumeliose
2606 3864 2864 3913 tractatum
2889 3874 2918 3911 e
2941 3862 3086 3912 domo
3115 3863 3290 3924 ejicere
3310 3882 3327 3914 ι

1781 3958 1920 4017 cujus
1935 3954 2006 4003 rei
2025 3954 2171 4002 testes
2199 3963 2287 4013 ego
2318 3949 2480 3999 sistam
2502 3949 2630 4011 ipses
2662 3946 2769 3995 illos
2793 3944 3023 4005 arbitros,
3054 3947 3326 4007 suggestum

1780 4036 2037 4088 ascendere
2065 4036 2104 4083 si
2135 4033 2368 4083 velint-
2397 4031 2608 4081 istorum
2639 4026 2770 4078 enim
2804 4027 3062 4077 familiares
3089 4028 3204 4077 sunt
3235 4046 3326 4091 -,

1779 4120 1854 4170 sin
1870 4119 2028 4168 minus
2039 4153 2056 4180 ‚
2075 4128 2158 4166 eos
2173 4114 2260 4178 qui
2280 4112 2531 4163 affuerant.
2597 4109 2696 4173 (3⁴)
2718 4111 2780 4160 Et
2811 4108 2928 4158 mibi
2947 4108 3094 4159 recita
3111 4108 3326 4160 testimo-

1780 4208 1859 4255 nia
1882 4204 2046 4254 haecce
2067 4202 2248 4267 :tuque
2269 4208 2447 4261 aquam
2468 4192 2648 4243 inhibe.

2347 4336 2742 4383 TESTIMONIA.

1842 4475 1972 4535 cape
1995 4472 2095 4533 iam
2109 4436 2194 4517 illa
2216 4464 2512 4525 testimonia,
2544 4474 2683 4526 quae,
2711 4460 2842 4525 quud
2863 4459 3161 4523 septuaginta
3184 4460 3327 4513 mini·

1778 4560 2014 4625 praedium
2030 4555 2210 4617 veniit,
2231 4552 2464 4618 quodque
2481 4550 2694 4614 pupillus
2709 4548 2771 4598 de
2786 4546 2940 4610 pretio
2956 4546 3188 4600 divenditi
3203 4560 3325 4614 prat.-

1774 4650 1845 4700 dii
1876 4648 2060 4712 septem
2081 4646 2132 4695 et
2147 4642 2391 4705 sexaginta
2405 4639 2562 4689 minas
2587 4636 2800 4703 accepit,
2821 4636 3078 4687 testantur.

2348 4784 2744 4829 TESTIMONIA.

1841 4918 1915 4962 35.
1937 4909 2036 4960 Iste
2059 4908 2203 4970 igitur
2224 4906 2423 4967 patruus
2436 4938 2451 4963 ,
2474 4900 2592 4964 viri,
2610 4912 2766 4963 quum
2796 4898 3108 4947 hereditatem
3129 4894 3232 4957 ejus
3247 4908 3322 4946 es·

1774 5003 1848 5053 set
1867 5009 2028 5061 reapse
2054 4994 2337 5046 consecutus
2365 4993 2416 5041 et
2445 5001 2544 5040 non
2568 4988 2693 5038 sicut
2709 4999 2795 5049 ego
2825 4985 3119 5037 verbotenus
3132 5018 3149 5045 ,
3175 4984 3322 5045 atque

1774 5102 1853 5139 me
1870 5086 2024 5135 multo
2041 5084 2180 5147 plura
2198 5079 2437 5145 possideat
2450 5104 2516 5123 -·
2531 5089 2620 5140 ego
2650 5075 2778 5125 enim
2801 5074 3037 5125 trecentas
3063 5082 3174 5133 quta
3192 5081 3320 5132 prm·

1774 5176 1839 5227 dii
1858 5175 1921 5225 de
1943 5174 2096 5236 pretio
2122 5169 2362 5221 restabant
2385 5166 2665 5228 drachmas,
2689 5176 2746 5213 ac
2775 5157 3113 5211 domunculam
3145 5169 3208 5207 ne
3228 5156 3318 5207 tri-

1775 5265 1868 5314 bus
1884 5260 2082 5326 quidem
2101 5258 2244 5308 minis
2259 5258 2500 5307 valentem
2513 5293 2528 5317 ,
2557 5252 2756 5315 adeptus
2787 5262 2896 5299 sum
2921 5267 2935 5297 e
2960 5248 3050 5299 iste
3085 5258 3200 5297 vero
3231 5242 3318 5310 qui
