3825 5842
479 509 552 560 ⁷0
1345 493 1778 556 ΑΝΔΟΚῙΔΟΥ
1807 496 1862 556 Ο
1902 494 2087 558 ΠΕΡΙ
2128 495 2285 558 ΤΩΝ
2326 495 2808 560 ΜΥΣΤΗΡῙΩΝ.

3399 499 3635 580 (ev-⁸⁸]

473 633 570 707 τὴν
593 631 852 714 τράπεζαν
874 629 1172 712 ἀνατρέπει.
1217 625 1502 706 Μέμνησθε
1523 631 1692 686 ταῦτα
1707 670 1726 705 ,
1749 615 1794 687 ὦ
1826 626 2025 709 ἄνδρες.
2114 635 2425 702 Meflninlstis,
2444 637 2563 702 viri,
2585 637 2729 702 buius
2748 639 2905 690 samm.
2968 636 3099 703 (131)
3125 639 3313 706 Ecquid
3338 645 3483 706 ergo?
3505 645 3651 700 exitus

477 725 498 804 (
503 722 592 804 131)
612 727 736 793 Πῶς
757 715 846 784 οῧν
863 726 896 794 ἡ
913 720 1063 803 φήμη
1081 723 1117 792 ἡ
1137 716 1254 777 τότε
1273 709 1402 776 οὖσα
1425 717 1564 774 δοκεῖ
1585 718 1708 788 ὑμῖν
1733 715 2025 790 ἀποόἥναι;
2115 725 2259 777 iidem
2278 727 2421 778 mmm
2438 727 2581 778 fecit?
2598 727 2835 779 Nimirum
2852 740 2999 793 quem
3018 729 3240 792 sperabat
3262 731 3551 794 Hipponicum
3564 748 3593 784 a
3610 749 3655 788 se

475 813 704 891 οἰόμενος
729 811 829 893 γὰρ
873 809 1176 875 Ἱππόνικος
1210 804 1317 865 υἱὸν
1343 802 1546 886 τρέφειν
1582 803 1848 885 ἀλιτήριον
1881 807 2025 886 αὑτῷ
2114 813 2269 865 filium
2288 815 2378 879 ali,
2404 816 2542 868 illum
2566 816 2727 869 alebat
2746 817 2839 868 sibi
2858 817 3041 868 malum
3062 817 3283 880 gmium,
3312 819 3397 884 qui
3424 822 3573 884 patris
3588 825 3655 876 sul

474 903 702 984 ἔτρεφεν,
735 902 788 970 ὃς
815 897 1154 980 ἀνατέτροφεν
1187 892 1381 954 ἐκείνου
1409 892 1494 952 τὸν
1531 894 1768 968 πλοῦτον,
1793 891 1888 966 τὴν
1911 916 2023 953 σω-

473 983 755 1067 φροσύνην,
772 982 858 1042 τὸν
878 981 1034 1040 ἄλλον
1063 983 1170 1060 βίον
1195 979 1419 1040 ἅπαντα.
1449 977 1635 1049 Οὕτως
1655 975 1742 1042 οὗν
1770 980 1874 1063 χρὴ
1898 982 2019 1065 περὶ

469 1074 648 1134 τούτου
675 1071 964 1154 γινώσκειν,
985 1072 1055 1136 ὡς
1075 1069 1218 1135 ὄντος
1239 1067 1538 1128 Ἱππονίκου
1559 1069 1842 1150 ἀλιτηρίου.

398 1183 444 1224 15
551 1183 645 1223 132.
693 1161 851 1222 Ἀλλὰ
868 1159 997 1240 γάρ,
1021 1149 1066 1217 ὦ
1085 1156 1290 1236 ἄνδρες,
1315 1154 1399 1215 διὰ
1417 1154 1467 1215 τί
1493 1179 1618 1216 ποτε
1639 1166 1744 1226 τοῖς
1771 1158 1890 1236 ἐμοὶ
1907 1157 2019 1218 νυνὶ

467 1251 830 1330 ἐπιτιθεμένοις
850 1248 983 1328 μετὰ
1008 1244 1244 1308 Καλλίου
1262 1245 1352 1304 καὶ
1371 1246 1912 1326 συμπαρασκευάσασι
1930 1247 2019 1306 τὸν

470 1343 645 1417 ἀγῶνα
673 1336 763 1398 καὶ
793 1335 1046 1418 χρήματα
1091 1336 1462 1411 εἰσενεγκοῦσιν
1501 1334 1584 1392 ἐπ’
1621 1333 1737 1411 ἐμοὶ
1767 1333 1886 1414 τρία
1923 1333 2017 1413 μὲν

466 1426 556 1501 ἔτη
577 1428 846 1506 ἐπιδημῶν
865 1425 957 1486 καὶ
975 1423 1115 1496 ἥκων
1139 1425 1198 1480 ἐκ
1229 1418 1444 1500 Κύπρου
1465 1422 1559 1479 οὐκ
1579 1421 1786 1481 ἀσεὸεῖν
1810 1421 2016 1483 ἐδόκουν

465 1518 663 1589 αὐτοῖς,
700 1519 842 1594 μυῶν
873 1511 966 1592 μὲν
994 1513 1139 1573 Ἀ....
1180 1507 1397 1589 Δελφόν,
1425 1507 1501 1568 ἔτι
1547 1508 1602 1568 δὲ
1629 1509 1817 1578 ἄλλους
1844 1509 2015 1581 ξένους

463 1601 822 1683 ἐμαυτοῢ,κα“ι
836 1598 1008 1661 εἰσιὼν
1032 1601 1102 1667 εἰς
1119 1595 1178 1656 τὸ
1203 1594 1518 1656 Ἐλευσίνιον
1544 1596 1635 1655 καὶ
1662 1595 1813 1672 θύων,
1838 1595 2015 1677 ὥσπερ

464 1691 688 1772 ἐμαυτὸν
725 1690 863 1762 ἄξιον
895 1687 1088 1766 νομίζω
1115 1675 1265 1746 εἶναι·
1293 1682 1431 1742 ἀλλὰ
1463 1684 1754 1745 τοῦναντίον
1783 1688 2013 1770 λειτουρ-

461 1789 571 1860 γεῖν
600 1771 740 1840 οὗτοι
782 1776 1194 1858 προῦὅάλλοντο,
1236 1774 1439 1853 πρῶτον
1491 1770 1586 1849 μὲν
1624 1773 2015 1856 γυμνασίαρχον

379 1887 434 1928 20
463 1868 840 1950 Ἥφαιστείοις,
853 1863 1032 1925 ἔπειτα
1053 1857 1366 1944 ἀρχιθεωρὸν
1385 1859 1457 1926 εἷς
1473 1858 1682 1936 Ἰσθμὸν
1701 1859 1790 1920 καὶ
1809 1859 2016 1940 Ὀλυμ-

459 1956 642 2036 πίαζε,
671 1946 784 2014 εἶτα
818 1955 872 2013 δὲ
899 1949 1092 2030 ταμίαν
1121 1950 1174 2009 ἐν
1207 1946 1356 2006 πόλει
1380 1949 1485 2006 τῶν
1512 1947 1663 2026 ἱερῶν
1697 1947 2012 2028 χρημάτων·

458 2051 548 2105 νῦν
569 2044 622 2104 δὲ
653 2042 828 2104 aare&
855 2041 946 2101 καὶ
973 2041 1136 2100 ἀδικῶ
1166 2036 1340 2098 εἰσιὼν
1367 2037 1439 2103 εἷς
1462 2034 1530 2094 τὰ
1550 2033 1693 2116 ἱεράς
1717 2035 1836 2119 (1³3)
1868 2036 2015 2118 Ἐγὼ

457 2135 580 2212 ὑμῖν
599 2135 702 2215 ἐρῶ
729 2131 858 2192 διότι
882 2121 1021 2189 οὗτοι
1047 2132 1212 2188 ταῦτα
1240 2130 1329 2185 νῦν
1355 2122 1712 2204 γινώσκουσιν.
1752 2124 2015 2210 Ἀγύρριος

456 2220 560 2303 γὰρ
579 2219 752 2280 οὑτοσί
762 2265 780 2293 ,
803 2223 830 2278 ὃ
851 2215 1012 2284 καλὸς
1030 2213 1284 2295 κάγαθός,
1305 2213 1544 2293 ἀρχώνης
1563 2210 1764 2290 ἐγένετο
1784 2216 1877 2284 τ’ἥς
1896 2238 2010 2276 mv-

455 2313 712 2382 τηκοστῆς
727 2307 898 2390 τρίτον
915 2305 1056 2379 ἔτος,
1071 2304 1161 2364 καὶ
1185 2300 1400 2385 ἐπρίατο
1416 2299 1696 2383 τριάκοντα
1715 2300 2009 2382 ταλάντων,

459 2397 710 2479 μετέσχον
733 2399 781 2457 δ’
803 2398 946 2478 αύτῷ
973 2384 1114 2454 οὗτοι
1133 2390 1324 2458 πάντες
1349 2392 1398 2449 οἳ
1416 2387 1892 2470 παρασυλλεγέντες
1911 2391 2012 2452 ὑπὸ

378 2511 432 2553 25
451 2485 546 2560 τὴν
572 2486 781 2559 λεύκην,
804 2483 890 2554 οθς
915 2487 1061 2560 ὑμεῖς
1079 2479 1190 2539 ἴστε
1209 2470 1308 2538 οἶοί
1329 2479 1474 2538 εἰσιν·
1501 2476 1554 2537 οἳ
1580 2475 1667 2536 διὰ
1686 2481 1838 2538 τοῦτο
1865 2477 2012 2558 ἔμοι-

453 2600 513 2656 γε
532 2578 740 2636 δοκοῦσι
766 2574 1080 2650 συλλεγῆναι
1108 2570 1308 2645 ἐκεῖσε,
1333 2569 1402 2625 ἵν’
1435 2567 1610 2634 αὐτοῖς
1637 2565 1908 2649 ἀμφότερα
1931 2559 2005 2648 ᾖ,

453 2665 543 2725 καὶ
575 2661 648 2742 μὴ
678 2659 1045 2743 ὖπερὸάλλωσι
1071 2656 1254 2718 λαὸεἶν
1280 2653 1520 2736 ἀργύριον
1545 2653 1634 2713 καὶ
1660 2655 1836 2734 ὀλίγου
1871 2679 2008 2738 πρα-

453 2753 623 2828 θείσης
643 2749 944 2832 μετασχεῖν.
1009 2749 1122 2826 (184)
1159 2745 1516 2828 Κερδάναντες
1538 2741 1595 2802 δὲ
1611 2741 1731 2824 τρία
1751 2743 2006 2820 τάλαντα,

451 2843 653 2923 γνόντες
676 2839 734 2900 τὸ
751 2847 973 2922 πρᾶγμα
998 2828 1100 2896 οἷον
1129 2835 1242 2910 εἴη,
1271 2837 1342 2902 ὡς
1360 2833 1556 2892 πολλοῦ
1580 2830 1736 2906 ἄξιον,
1759 2832 2007 2907 συνέστη-

450 2955 548 2991 σαν
569 2929 788 3006 πάντες,
816 2927 907 2987 καὶ
931 2923 1236 3005 μεταδόντες
1253 2921 1357 2990 τοῖς
1380 2919 1556 2988 ἄλλοις
1581 2922 1831 2982 ἐωνοῦντο
1847 2922 2009 2982 πάλιν

449 3018 726 3101 τριάκοντα
743 3014 1031 3075 ταλάντων·
1063 3012 1177 3072 ἐπεὶ
1205 3012 1252 3070 δ’
1278 3013 1371 3070 οὐκ
1395 3013 1668 3069 ἀντωνεῖτο
1695 3009 1882 3084 οὐδείς,
1901 3033 2006 3070 πα·

449 3107 639 3190 ρελθὼν
659 3105 762 3185 ἐγὼ
782 3105 852 3172 εἷς
877 3103 972 3177 τὴν
1003 3101 1195 3183 βουλὴν
1221 3097 1597 3181 ὑπερέὸαλλον,
1629 3096 1724 3166 ἕως
1743 3099 2007 3179 ἐπριάμην

369 3216 424 3258 30
445 3195 498 3266 ἓξ
521 3194 612 3256 καὶ
643 3192 923 3274 τριάκοντα
949 3187 1238 3250 ταλάντων.
1275 3186 1569 3255 Ἀπελάσας
1607 3185 1662 3246 δὲ
1689 3186 1896 3255 τούτους
1918 3188 2009 3246 καὶ

447 3283 782 3356 καταστήσας
815 3281 934 3359 ὑμῖν
976 3276 1226 3358 ἐγγυητὰς
1265 3273 1469 3345 ἐξέλεξα
1509 3274 1577 3333 τὰ
1613 3273 1868 3357 χρήματα
1908 3275 1999 3335 καὶ

445 3371 734 3434 κατέὸαλον
772 3372 838 3449 τῇ
874 3366 1024 3427 πόλει
1062 3365 1154 3425 καὶ
1195 3362 1348 3431 αὐτὸς
1382 3364 1479 3422 οὒκ
1519 3362 1833 3441 ἐζημιώθην,
1872 3362 2009 3423 ἀλλὰ

443 3461 535 3523 καὶ
575 3459 777 3543 βραχέα
814 3452 1250 3536 ἀπεκερδαίνομεν
1285 3455 1333 3511 οἱ
1379 3450 1726 3530 μετασχόντες
1741 3470 1756 3486 ·
1800 3449 2009 3520 τούτους

444 3553 491 3611 δ’
519 3550 742 3621 ἐποίησα
770 3549 875 3606 τῶν
903 3542 1056 3622 ὖμετέ
1089 3564 1159 3600 ων
1193 3539 1270 3618 μὴ
1297 3538 1661 3618 διανείμασθαι
1687 3537 1740 3608 ἓξ
1773 3539 2007 3602 τάλαντα

443 3637 708 3720 ἀργυρίου.
782 3631 900 3714 (135)
928 3631 994 3694 Ἃ
1025 3653 1052 3692 ο
1115 3653 1164 3692 οι
1195 3628 1399 3712 γνόντες
1427 3625 1610 3692 ἔδοσαν
1637 3627 1808 3715 σφίσιν
1834 3631 2007 3698 αὐτοῖς

439 3727 616 3807 λόγον,
652 3726 734 3786 ὅτι
761 3749 785 3778 α
823 3721 1089 3804 ἄνθρωπος
1125 3721 1300 3781 οὓτοαὶ
1327 3719 1446 3780 οὔτε
1472 3719 1626 3788 αὐτὸς
1651 3719 1876 3802 λήψεται
1902 3726 2007 3782 τῶν

439 3820 621 3877 κοινῶν
643 3811 931 3898 χρημάτων
959 3808 1070 3870 οὔθ’
1097 3815 1242 3890 ἡμᾶς
1265 3808 1442 3886 ἐάσει,
1469 3807 1686 3891 φυλάξει
1714 3808 1768 3870 δὲ
1791 3809 1882 3869 καὶ
1907 3813 2003 3888 ἐμ-

357 3929 408 3970 as
434 3903 608 3966 ποδὼν
633 3904 780 3964 ἔσται
804 3900 1166 3978 διανείμασθαι
1190 3896 1260 3958 τὰ
1279 3897 1445 3959 κοινά·
1467 3895 1596 3978 πρὸς
1619 3896 1674 3956 δὲ
1697 3897 1923 3974 τούτοις,
1944 3899 2002 3961 δν

438 3993 501 4053 ἂν
532 3996 681 4072 ἡμῶν
721 3993 998 4051 ἀδικοῦντα
1043 3985 1215 4068 Men,
1248 3985 1440 4056 εἰσάξει
1478 3987 1548 4053 εἰς
1572 3983 1634 4044 τὸ
1663 3987 1859 4060 πλῆθος
1895 3991 2000 4048 τῶν

435 4079 711 4155 ’Ἀθηναίων
734 4079 824 4140 καὶ
848 4078 1052 4138 ἀπολεῖ.
1077 4077 1173 4137 Δεῖ
1197 4065 1286 4135 οὗν
1309 4079 1492 4134 τοῦτον
1514 4069 1748 4134 ἐκποδὼν
1773 4075 1902 4150 ἡμῖν
1927 4066 2000 4136 ιῖ-

431 4195 519 4230 ναι
550 4171 639 4231 καὶ
671 4167 882 4236 δικαίως
907 4165 998 4226 καὶ
1030 4163 1242 4232 ἀδίκως.
1269 4188 1294 4216 υ
1339 4161 1462 4242 (130)
1491 4163 1678 4224 Ταῦτα
1699 4160 1794 4239 μὲν
1824 4156 1932 4238 οὖν,
1954 4154 1999 4224 ἶ)

435 4258 612 4339 ἄνδρες
640 4255 909 4329 δικασταί,
932 4252 1128 4320 τούτοις
1162 4247 1384 4324 ποιητέα
1409 4241 1490 4324 ἦν,
1515 4252 1636 4327 ὑμῖν
1671 4248 1726 4310 δὲ
1759 4248 1819 4310 τὸ
1846 4253 2002 4311 ἐναν-

432 4345 539 4404 τίον
573 4343 786 4406 τούτων·
817 4341 934 4410 τοὺς
959 4340 1062 4421 γὰρ
1086 4339 1359 4407 πλείστους
1395 4329 1527 4398 εἶναι
1554 4341 1679 4416 ὑμῖν
1715 4337 1899 4410 ἤθελον
1930 4338 1993 4398 ἂν

431 4433 663 4493 τοιούσδε
687 4423 898 4512 οἷόσπερ
922 4426 1054 4510 ἐγώ,
1079 4427 1288 4494 τούτους
1313 4425 1368 4486 δὲ
1401 4426 1632 4505 μάλιστα
1661 4424 1828 4505 [μὲν]
1859 4429 1999 4486 ἀπο-

354 4541 406 4584 ιο
429 4521 684 4598 λωλέναι,
709 4525 754 4580 εἰ
783 4517 838 4578 δὲ
862 4517 964 4597 μή,
987 4506 1118 4577 εἶναι
1142 4513 1260 4584 τοὺς
1286 4514 1360 4594 μὴ
1386 4513 1758 4597 ἐπιτρέψοντας
1784 4515 1985 4587 αὐτοῖς,

433 4603 507 4679 οἷς
523 4612 614 4671 καὶ
639 4608 893 4692 προσήκει
916 4605 1158 4689 ἀνδράσιν
1180 4595 1312 4665 εἶναι
1334 4602 1424 4664 καὶ
1444 4602 1655 4684 ἀγαθοῖς
1667 4601 1758 4662 καὶ
1780 4600 1999 4671 δικαίοις

432 4698 551 4780 περὶ
576 4697 634 4758 τὸ
652 4699 844 4770 πλῆθος
863 4695 923 4755 τὸ
951 4694 1106 4774 ὖμέτε
1144 4717 1218 4767 ον,
1239 4692 1332 4753 καὶ
1357 4691 1658 4772 βουλόμενοι
1677 4687 1986 4760 δυνήσονται

430 4779 488 4846 εὖ
516 4793 680 4846 ποιεῖν
712 4789 867 4862 ὑμᾶς.
901 4780 1048 4862 Ἐγὼ
1071 4805 1160 4842 ουν
1187 4786 1309 4858 ὑμῖν
1335 4783 1689 4859 ὑπισχνοῦμαι
1710 4774 1744 4848 ἢ
1768 4777 1990 4837 παύσειν

427 4875 638 4943 τούτους
672 4879 838 4934 ταῦτα
867 4877 1140 4938 ποιοῦντας
1163 4869 1254 4931 καὶ
1283 4867 1512 4950 βελτίους
1546 4864 1806 4947 παρέξειν,
1846 4863 1880 4938 ἢ
1911 4868 1983 4934 εἷς

429 4969 561 5043 ὑμᾶς
581 4961 875 5043 εἰσαγαγὼν
897 4959 1138 5022 κολάσειν
1171 4957 1287 5025 τοὺς
1309 4958 1612 5022 ἀδικοῦντας
1638 4955 1828 5013 αὐτῶν.

511 5075 602 5116 1:37.
649 5051 1035 5134 Κατηγόρησαν
1063 5049 1118 5110 δέ
1144 5071 1243 5128 μου
1267 5047 1359 5108 καὶ
1384 5046 1504 5128 περὶ
1529 5049 1632 5105 τῶν
1653 5046 1983 5127 ναυκληριῶν

347 5149 408 5199 18
427 5143 517 5202 καὶ
543 5142 662 5224 περὶ
685 5146 776 5214 τῆς
807 5139 1084 5222 ἐμπορίας,
1113 5142 1183 5206 ὡς
1206 5137 1310 5218 ἄρα
1337 5139 1385 5196 οἵ
1413 5133 1518 5195 θεοὶ
1546 5133 1632 5194 διὰ
1657 5133 1812 5196 τοῦτό
1837 5157 1906 5213 με
1932 5137 1994 5197 ἐκ

427 5235 530 5288 τῶν
556 5229 803 5298 κινδύνων
833 5228 1075 5301 σώσαιεν,
1105 5224 1190 5285 ἵνα
1209 5223 1370 5286 ἐλθὼν
1392 5225 1569 5306 δεῦρο,
1597 5227 1666 5292 ὡς
1690 5223 1873 5299 ἔοικεν,
1895 5224 1995 5283 ὑπὸ

434 5316 695 5395 Κηφισίου
715 5316 1028 5396 ἀπολοίμην.
1047 5313 1149 5396 ἐγὼ
1165 5315 1239 5392 δὲ,
1251 5303 1297 5375 ὦ
1315 5313 1593 5390 Ἀθηναῖοι,
1609 5315 1704 5374 οὔκ
1726 5311 1856 5385 ἀξιῶ
1873 5312 1991 5382 τοὺς

2111 904 2286 955 evertit
2306 905 2513 969 divitias,
2532 905 2833 958 honestatem
2844 943 2860 971 ,
2878 907 3115 970 reliquam
3132 919 3327 960 omnem
3344 909 3461 962 vite
3478 924 3653 976 prospe-

2110 991 2319 1043 ritatem.
2346 995 2549 1058 oportet
2566 994 2729 1060 itaque
2746 1008 2833 1046 vos
2847 994 2913 1048 de
2940 995 3091 1048 cama
3107 995 3383 1050 existimare
3402 998 3460 1049 ut
3480 998 3541 1050 de
3566 1013 3649 1054 au·

2020 1117 2027 1124 .
2114 1079 2243 1131 mine
2260 1081 2471 1144 quodam
2490 1083 2663 1134 mriali.

2178 1173 2284 1220 1³2.
2318 1170 2411 1220 sed
2428 1173 2513 1235 qut
2525 1172 2706 1223 factum
2722 1171 2870 1224 estut
2898 1171 3097 1238 his,-qui
3114 1186 3225 1224 cum
3238 1174 3390 1226 callia
3402 1175 3524 1226 mihi
3540 1189 3658 1230 nunc

2108 1244 2411 1311 insidiantur,
2434 1248 2575 1312 eique
2597 1249 2649 1300 in
2666 1249 2759 1301 hac
2780 1251 3055 1302 murinis
3086 1251 3311 1304 machina
3344 1256 3654 1306 construenda

2109 1323 2317 1376 consiliis
2332 1326 2639 1392 pecuniisque
2650 1329 2949 1380 conserendis
2962 1329 3139 1392 praesto
3152 1331 3280 1393 suut.
3295 1343 3383 1394 per
3403 1333 3653 1385 biennium

2109 1404 2239 1468 quod
2262 1419 2291 1456 e
2309 1407 2467 1470 cypro
2490 1419 2707 1458 reversus
2726 1408 2776 1458 in
2794 1407 2915 1460 urbe
2936 1405 3102 1473 exegl,
3116 1422 3216 1459 non
3241 1410 3385 1460 modo
3406 1411 3657 1475 impietatis

2108 1484 2309 1535 crimine
2334 1485 2489 1535 teneri
2518 1487 2651 1538 visus
2674 1500 2772 1536 uon
2798 1499 2978 1550 eseern,
2994 1487 3245 1539 temetsi...
3278 1489 3521 1553 Delpbum
3535 1492 3659 1542 alios·

2106 1575 2203 1626 que
2224 1562 2435 1626 hospites
2456 1576 2651 1628 peregre
2677 1564 2923 1616 vanientes
2938 1564 3205 1629 initiatam,
3220 1567 3271 1617 et
3286 1567 3349 1616 ad
3371 1567 3657 1620 Eleusiniam

2106 1639 2495 1692 adiremetsaera
2509 1642 3151 1706 laceran,slmtimedseere
3162 1645 3400 1696 arbitror:
3416 1645 3507 1696 aed
3522 1647 3657 1698 etiam

2106 1719 2195 1784 ipsi
2230 1733 2311 1772 me
2344 1720 2409 1771 ad
2440 1721 2689 1773 obeundas
2721 1722 2993 1774 functiones
3018 1725 3315 1776 maanus
3337 1723 3658 1792 manarat,

2104 1799 2312 1863 primum
2330 1802 2389 1851 ut
2416 1802 2806 1865 gymnasiarcbus
2824 1801 2875 1854 iu
2898 1802 3105 1855 Vulcani
3128 1803 3259 1856 ludis
3286 1819 3439 1857 essem
3454 1843 3472 1870 ,
3490 1805 3655 1858 deinde

2104 1879 2161 1928 ut
2182 1878 2403 1944 princeps
2421 1879 2671 1944 legationis
2686 1880 2751 1931 ad
2770 1880 2909 1932 ludos
2930 1881 3183 1934 Isthmicos
3194 1884 3341 1948 atque
3358 1885 3659 1950 olympiacos

2104 1955 2382 2021 mittendae,
2400 1957 2611 2022 denique
2636 1960 2694 2008 ut
2720 1960 2933 2020 quoestor
2954 1972 3201 2011 sacrorum
3222 1961 3563 2014 thesaurorum
3592 1978 3659 2015 es-

2104 2039 2241 2079 sem:
2268 2041 2398 2078 nunc
2428 2043 2545 2080 vero
2568 2029 2621 2079 iu
2650 2030 2761 2080 sana
2776 2029 3044 2093 ingrediens
3067 2030 3178 2093 iura
3194 2029 3357 2082 divina
3386 2034 3437 2084 et
3455 2033 3659 2086 human

2104 2106 2285 2156 violare
2300 2104 2496 2157 videar?
2512 2107 2643 2171 (133)
2664 2109 2833 2158 Dicam
2855 2108 3020 2171 vobis,
3046 2108 3167 2173 viri,
3190 2123 3279 2161 cur
3294 2111 3387 2161 bac
3406 2124 3542 2162 nunc
3556 2127 3658 2177 erga

2104 2189 2183 2227 ne
2215 2179 2379 2228 mente
2408 2178 2519 2228 sint.
2541 2178 2819 2235 Triennium
2838 2180 2937 2242 est,
2960 2193 3115 2244 quum
3138 2181 3419 2246 Agyrrbius,
3440 2183 3519 2232 vir
3534 2197 3657 2247 egre-

2102 2257 2233 2320 gius,
2253 2259 2476 2322 princeps
2492 2258 2631 2310 fleret
2650 2257 2833 2322 collegii
2852 2258 3211 2323 redemptorum
3226 2261 3654 2326 quinquagesima:

2104 2328 2369 2381 redimebat
2384 2330 2479 2380 boc
2495 2330 2697 2394 vectigal
2714 2331 2909 2393 triginta
2924 2331 3117 2382 talentis
3136 2351 3151 2384 ι
3171 2333 3366 2396 collegae
3390 2334 3483 2398 ipsi
3506 2335 3593 2386 hae
3610 2335 3657 2386 iu

2104 2407 2411 2471 redemptura
2440 2410 2579 2459 erant
2597 2409 2677 2459 mi
2693 2421 2888 2472 omnes,
2914 2410 2999 2473 qul
3021 2411 3175 2462 eoeurs
3192 2411 3323 2476 apud
3347 2411 3483 2462 illam
3506 2413 3655 2463 albam

2103 2479 2337 2544 populum
2354 2480 2562 2544 agitant,
2581 2492 2706 2544 quos
2728 2481 2897 2544 quales
2913 2480 3010 2532 sint
3026 2482 3175 2544 probe
3192 2484 3355 2534 noma.
3382 2485 3443 2534 Hi
3464 2485 3580 2534 mihi
3600 2487 3656 2536 il·

2102 2558 2184 2608 luc
2200 2557 2332 2608 coire
2341 2557 2585 2620 videntur,
2602 2571 2703 2622 quo
2720 2559 2896 2609 borum
2912 2558 3121 2609 duorum
3142 2560 3373 2611 alterutro
3388 2562 3631 2626 potiantur
3640 2583 3656 2628 ;

2104 2631 2163 2680 ut
2186 2631 2271 2680 aut
2286 2630 2479 2680 taceant
2490 2630 2539 2678 in
2558 2628 2747 2679 licendo
2764 2631 2914 2692 atque
2928 2630 2999 2681 dc
3010 2630 3278 2682 mercedem
3297 2633 3549 2699 auterant3
3578 2638 3660 2687 aut

2102 2707 2144 2760 si
2167 2707 2415 2770 vectigalis
2436 2706 2705 2771 redemptio
2740 2707 2913 2770 exiguo
2938 2711 3137 2771 veneat,
3167 2709 3255 2772 imi
3288 2710 3341 2760 in
3356 2714 3657 2766 communio-

2101 2795 2213 2834 nem
2234 2781 2357 2832 lucri
2374 2783 2561 2834 coeant.
2628 2783 2761 2846 (134)
2782 2785 2857 2832 Ex
2878 2782 2963 2834 illa
2978 2783 3145 2848 itaque
3164 2783 3501 2848 redemptione
3520 2789 3657 2850 quin-

2100 2859 2387 2924 quagesimae
2404 2872 2577 2924 quum,
2600 2861 2725 2911 iacto
2746 2860 2895 2911 trium
2906 2860 3203 2912 talentorum
3220 2863 3527 2928 compendio,
3538 2867 3656 2918 didi-

2102 2935 2275 2985 cissent
2296 2948 2443 2998 quam
2460 2935 2706 2985 tructuom
2728 2948 2805 2986 res
2825 2937 2969 2998 esset,
2996 2937 3188 2986 coibant
3216 2935 3267 2986 in
3292 2936 3588 3003 sodalitium,
3612 2941 3659 2990 et

2100 3026 2255 3076 quum
2267 3013 2464 3076 reliquis
2486 3026 2575 3065 suo
2598 3013 2661 3064 de
2688 3014 2826 3064 lucro
2856 3013 3055 3063 offulam
3068 3013 3369 3080 obiecissent,
3388 3015 3571 3067 iterum
3584 3019 3659 3069 tri-

2099 3085 2231 3148 ginta
2256 3087 2436 3136 talenta
2453 3086 2736 3138 offerebant.
2758 3086 2833 3138 lbi
2848 3087 3041 3138 nemine
3058 3087 3231 3138 licente
3242 3125 3257 3149 ‚
3282 3100 3559 3152 progressus
3576 3105 3658 3154 ego

2099 3162 2162 3212 ad
2180 3165 2400 3214 senatum
2413 3163 2727 3228 plus-licebat,
2744 3166 2795 3215 et
2805 3164 2999 3216 tandem
3011 3165 3131 3216 mibi
3144 3165 3406 3230 redemptio
3416 3181 3603 3230 prosex
3612 3173 3659 3221 et

2098 3236 2293 3300 triginta
2302 3238 2493 3288 talentis
2504 3237 2581 3300 adj
2586 3237 2777 3289 udicata
2788 3238 2895 3290 mit.
2910 3241 3014 3290 Hoc
3027 3241 3169 3302 pacto
3176 3239 3271 3290 iuis
3282 3238 3497 3305 dejectis,
3508 3257 3655 3307 quum

2098 3316 2217 3378 reip.
2264 3314 2625 3378 fidejussoribus
2640 3315 2767 3368 datis
2788 3316 3021 3368 cavissem
3033 3352 3050 3379 ,
3070 3317 3235 3380 collegi
3258 3319 3461 3382 vectigal
3480 3321 3577 3372 boc
3590 3325 3656 3374 at-

2098 3405 2197 3455 que
2218 3392 2391 3442 aerario
2415 3392 2645 3457 dependi,
2677 3407 2739 3443 ex
2770 3407 2926 3458 eoque
2946 3407 3045 3444 non
3061 3395 3255 3446 tantum
3282 3395 3473 3448 nullum
3496 3401 3655 3466 accepi

2098 3469 2355 3534 damnum,
2388 3470 2473 3522 sed
2494 3471 2641 3521 etiam
2662 3471 2825 3522 lucelli
2853 3484 3023 3534 parum
3059 3473 3176 3536 quid
3208 3473 3409 3524 fecimus
3428 3489 3547 3540 nos,
3571 3481 3653 3542 qui

2098 3547 2342 3596 consortes
2359 3545 2503 3606 hujus
2518 3545 2857 3609 redemptionis
2873 3558 3091 3610 eramus3
3111 3559 3303 3612 unaque
3319 3551 3524 3602 Calliam
3537 3553 3651 3616 ejus·

2097 3637 2194 3686 que
2219 3625 2461 3674 consortes
2478 3623 2707 3674 facultate
2727 3624 2912 3674 exclusi
2938 3637 3027 3677 sex
3042 3627 3223 3678 talenta
3248 3627 3374 3678 inter
3392 3642 3499 3680 sese
3530 3631 3651 3682 diri-

2097 3693 2258 3749 bendi.
2355 3693 2485 3762 (135)
2510 3694 2743 3749 coierunt
2763 3695 2930 3762 itaque
2960 3699 3011 3748 et
3031 3697 3123 3747 bac
3148 3698 3363 3750 oratione
3390 3701 3469 3750 usi
3490 3705 3604 3754 suut
3635 3723 3649 3753 =

2096 3793 2121 3818 κ
2150 3775 2243 3826 Hic
2262 3775 2409 3827 homo
2440 3787 2595 3838 neque
2611 3776 2712 3839 ipse
2732 3775 2797 3826 de
2816 3775 3009 3839 publico
3029 3775 3217 3839 peculio
3242 3775 3476 3828 {iambitur
3495 3792 3651 3844 neque

2093 3863 2181 3902 nos
2199 3852 2345 3901 fumi
2364 3852 2590 3915 patietur,
2608 3851 2691 3902 sed
2710 3851 2839 3902 τοι-ω
2859 3851 3131 3902 observabit
3154 3851 3511 3916 intemodetque
3526 3868 3649 3918 quo-

2092 3927 2255 3976 minus
2271 3939 2386 3990 opes
2400 3926 2617 3990 publicas
2640 3927 2768 3976 inter
2782 3939 2835 3977 se
2852 3926 3123 3989 discerpant
3143 3946 3158 3976 ι
3180 3928 3411 3989 praeterea
3426 3931 3649 3981 nostrum

2090 3995 2133 4046 si
2150 4009 2297 4060 quem
2314 3997 2365 4046 iu
2380 3996 2549 4047 fraude
2563 3996 2944 4061 deprehenderit,
2960 3996 3155 4048 inducet
3166 4010 3279 4048 eum
3298 3997 3351 4047 in
3368 3999 3649 4053 concionem

2090 4072 2371 4138 perdetque.
2434 4077 2591 4137 Opera
2612 4073 2775 4136 itaque
2790 4073 2928 4124 nobis
2944 4074 3017 4124 est
3038 4073 3223 4136 danda,
3244 4075 3300 4123 ut
3317 4073 3399 4124 hic
3418 4075 3569 4126 bomo
3590 4077 3651 4128 de

2090 4147 2250 4198 medio
2272 4147 2470 4199 tollatur
2485 4160 2681 4210 quoquo
2698 4151 2837 4212 pacto
2858 4160 2945 4210 per
2960 4147 3034 4199 sas
3057 4147 3304 4211 uerasque.
3327 4167 3352 4192 υ
3385 4148 3518 4212 (136)
3544 4153 3649 4200 Non

2092 4226 2311 4288 poterant
2332 4224 2402 4275 illi
2418 4223 2619 4288 quidem
2632 4222 2771 4274 aliter
2786 4235 2925 4286 agere
2939 4239 2954 4285 3
2970 4235 3057 4272 vos
3070 4223 3251 4285 autern,
3266 4223 3376 4286 viri,
3397 4223 3539 4276 decet
3553 4229 3646 4279 illis

2089 4313 2227 4364 agere
2236 4299 2472 4350 contraria
2482 4299 2842 4348 omniavellem
2850 4296 3355 4360 equidem,essevobis
3362 4299 3493 4350 cives
3500 4315 3646 4364 quam

2087 4377 2321 4441 plurimos
2337 4377 2431 4426 mei
2446 4375 2624 4425 similes
2636 4411 2651 4438 ,
2671 4373 2761 4423 bos
2775 4374 2937 4423 autem
2954 4373 3041 4422 aut
3062 4373 3189 4428 mala
3215 4375 3347 4434 peste
3364 4373 3577 4438 interire,
3598 4377 3645 4426 id

2088 4453 2218 4517 quod
2237 4452 2407 4515 utique
2430 4451 2553 4501 foret
2584 4449 2923 4513 praestabilius,
2943 4449 3055 4509 aut,
3071 4447 3111 4497 si
3136 4446 3237 4497 fieri
3256 4449 3418 4498 tamen
3435 4449 3529 4500 hoc
3548 4451 3641 4500 mi·

2086 4542 2180 4580 nus
2209 4530 2383 4592 queat,
2408 4527 2576 4576 saltem
2607 4537 2709 4575 esse
2734 4524 2821 4586 qui
2850 4522 3157 4586 cupiditatem
3186 4534 3353 4572 eorum
3374 4523 3644 4588 refrenent3

2085 4618 2207 4670 quos
2215 4616 2367 4669 quum
2383 4601 2585 4665 dignitas
2596 4611 2811 4664 personas
2822 4612 2925 4649 suae
2934 4597 3207 4660 admoneat,
3216 4598 3274 4647 ut
3282 4597 3394 4648 boni
3407 4598 3647 4662 sortesque

2086 4679 2238 4729 velint
2255 4690 2357 4728 esse
2369 4674 2613 4736 vestrique
2624 4671 2823 4722 studiosi
2837 4708 2852 4732 ‚
2868 4674 2977 4722 tum
2994 4675 3170 4734 praeter
3182 4672 3479 4723 voluntatem
3494 4673 3643 4724 facul·

2086 4754 2185 4802 tate
2206 4764 2401 4814 quoque
2418 4745 2655 4812 gaudeant
2676 4745 2798 4796 bene
2826 4743 2889 4795 de
2907 4745 3047 4798 vobis
3068 4745 3301 4796 merendi.
3327 4750 3427 4810 Ego
3446 4747 3644 4810 quidem

2083 4827 2222 4877 vobis
2251 4824 2452 4888 recipio,
2472 4835 2552 4874 me
2573 4822 2663 4871 bos
2685 4821 2773 4870 aut
2796 4820 3018 4872 metim-es
3050 4819 3353 4871 redditurum
3382 4823 3438 4872 ut
3458 4821 3520 4872 ab
3550 4821 3645 4871 bac

2082 4900 2253 4952 fraude
2276 4899 2531 4960 desistant,
2550 4897 2635 4946 aut
2652 4895 2702 4946 in
2714 4891 2953 4958 judicium
2970 4907 3054 4946 eos
3073 4891 3383 4945 inducturum
3400 4893 3483 4944 ubi
3500 4895 3642 4946 meri-

2082 4979 2159 5030 tus
2172 4988 2339 5040 poenas
2358 4973 2510 5026 luent.

2151 5057 2253 5104 1³7.
2272 5050 2491 5114 Denique
2512 5047 2642 5114 quod
2656 5047 3003 5099 naviculariam
3018 5046 3067 5096 et
3084 5044 3405 5094 mercaturam
3424 5042 3639 5108 fecerim,

2082 5141 2383 5192 accusatores
2394 5138 2513 5189 mihi
2531 5136 2649 5188 vitio
2666 5135 2903 5186 dederunt
2912 5171 2929 5198 ,
2948 5147 2977 5184 a
2991 5134 3081 5184 diis
3096 5133 3308 5184 dicentes
3324 5131 3433 5182 ideo
3448 5143 3522 5180 me
3536 5143 3639 5179 ma·

2082 5229 2254 5280 ritimis
2272 5243 2299 5279 e
2316 5226 2536 5292 periculis
2558 5226 2805 5276 servatum
2822 5223 2921 5273 huc
2946 5235 3048 5273 esse
3062 5221 3372 5286 perductum,
3387 5233 3487 5285 quo
3500 5233 3529 5268 a
3544 5221 3635 5268 Ce-

2084 5318 2239 5383 phisio
2262 5317 2481 5368 videlicet
2501 5313 2852 5382 pessumdaret.
2932 5315 3029 5376 Ego
3049 5323 3165 5361 vero
3180 5321 3301 5373 nego
3314 5346 3331 5375 ‚
3351 5309 3441 5359 vin·
3452 5344 3470 5372 ,
3487 5308 3637 5359 talem
