3825 5842
109 503 326 581 (ει-ω)

103 634 490 713 δομαρτυριῦν,
516 630 574 689 ὃν
601 630 864 703 Ξενοκλῆς
888 630 1123 713 ἔφευγεν,
1155 632 1194 705 ἢ
1229 632 1282 702 ἕξ
1309 632 1517 715 ἑταίρας
1545 631 1580 704 ἢ
1606 632 1659 701 ἐξ

1009 504 1180 562 lsAEl
1225 501 1349 563 OB.
1389 503 1492 562 DE
1537 502 1822 565 PYRRffl
1865 504 2379 568 HEREDITATE.
2430 554 2437 561 .

3164 523 3297 574 '2⁵8

1749 644 1879 707 ejus,
1928 644 2058 708 quod
2094 645 2157 695 de
2198 646 2319 697 falso
2352 646 2627 697 testimonio
2667 648 2952 703 certandum
2986 646 3107 711 ruit,
3136 645 3304 699 utrum

105 724 358 797 ἐγγυητῆς
381 717 480 791 τὴν
507 722 697 778 ἑαυτοῦ
715 720 932 798 γυναῖκα
955 709 1104 779 εἶναι.
1187 710 1319 779 Εἶτα
1351 720 1438 779 ἐπὶ
1463 718 1658 792 ταύτην
1747 736 1873 773 uxor
1899 738 1987 775 sun
2017 737 2046 773 e
2062 727 2223 775 scorto
2245 728 2358 775 min
2384 738 2447 775 tn
2465 739 2494 775 e
2517 728 2673 775 matre
2690 726 2895 777 familias
2912 730 3129 791 suscepta
3146 730 3302 783 esset?

101 805 160 864 ἂν
207 805 306 875 τὴν
357 806 673 887 μαρτυρίαν,
712 808 758 865 gt
805 798 869 878 ἦν
921 806 1117 879 ἀληθής
1132 850 1149 878 ,
1186 809 1280 865 οὐχ
1321 805 1384 865 ἂν
1426 805 1659 873 ἅπαντας
1747 805 1882 854 itane
1902 817 2021 853 vero
2041 805 2104 854 ad
2122 805 2449 855 testimonium
2465 805 2555 855 hac
2572 804 2635 855 de
2656 819 2707 855 re
2724 806 2982 869 ‚siverum
3000 807 3185 869 fuisset,
3206 820 3299 857 non

57 914 78 953 ι
99 892 214 961 τοὺς
240 893 456 959 οἰκείους
481 893 598 961 τοὺς
625 897 810 953 ἑαυτοῦ
837 896 1163 973 παρακαλεῖν
1195 895 1386 960 ἐκεῖνος
1413 892 1656 966 ἠξίωσας

105 984 192 1059 (n)
225 981 330 1041 Ναὶ
360 979 438 1058 μὰ
472 982 608 1053 Δία,
631 984 701 1048 ὥς
726 982 888 1059 ἔγωγε
915 978 1089 1061 ᾤμην,
1125 980 1176 1039 εἴ
1203 1004 1263 1059 γε
1297 972 1361 1053 ἦν
1389 980 1574 1053 ἀληθὲς
1601 981 1660 1039 τὸ

99 1078 335 1146 πρᾶγμα.
420 1062 502 1129 Οὗ
537 1066 708 1127 τοίνυν
748 1067 1010 1149 φαίνεται,
1047 1068 1162 1126 ἀλλ’
1189 1072 1218 1126 ὁ
1262 1067 1358 1146 μὲν
1389 1070 1654 1139 Ξενοκλῆς

99 1155 222 1235 πρὸς
263 1154 384 1222 τοὺς
439 1154 780 1234 ἐπιτυχόντας
827 1155 918 1213 δύο
977 1156 1504 1236 ἑκμαρτυρησάμενος
1563 1155 1660 1228 τὴν

103 1243 392 1322 μαρτυρίαν
441 1244 658 1315 ταύτην,
707 1242 1004 1319 Νικόδημος
1051 1241 1106 1301 δὲ
1173 1234 1317 1309 οὗτος
1364 1241 1454 1302 ἕνα
1505 1243 1660 1321 μόνον

105 1330 336 1411 μάρτυρα
365 1328 742 1411 παρακαλέσας
763 1330 875 1403 μεθ’
899 1334 1084 1390 ἑαυτοῦ
1111 1333 1186 1409 τῷ
1207 1330 1296 1389 τὸν
1323 1330 1658 1410 τριτάλαντον

105 1406 236 1474 οἶκον
261 1418 569 1496 κεκτημένῳ
597 1418 854 1495 ἐγγυῆσαί
871 1439 999 1498 φησι
1027 1416 1122 1489 τὴν
1153 1418 1398 1498 ἀδελφήν.
1431 1418 1518 1495 (2⁶)
1551 1416 1659 1478 Καὶ

103 1496 242 1569 οὗτος
279 1502 380 1580 μὲν
433 1502 521 1561 τὸν
567 1503 860 1583 Πυρετίδην
913 1502 1087 1581 μόνον,
1130 1506 1230 1582 οὐχ
1275 1506 1626 1580 ὁμολογοῦντα
1641 1548 1658 1577 ,

54 1614 73 1651 ι
101 1589 520 1670 προσεποιήσατο
557 1591 690 1663 μετὰ
717 1594 876 1651 αὑτοῦ
902 1589 1306 1671 παραγενέσθαι·
1341 1591 1442 1649 ὑπὸ
1480 1591 1536 1649 δὲ
1566 1596 1656 1649 τοῦ

105 1680 460 1756 ἐγγυήσασθαι
489 1678 764 1755 μέλλοντος
793 1677 887 1748 τὴν
909 1676 1152 1749 τοιαύτην
1174 1676 1471 1754 Λυσιμένης
1498 1677 1588 1735 καὶ
1610 1679 1659 1736 οἱ

99 1765 310 1846 ἀδελφοὶ
337 1766 500 1824 αὐτοῦ
518 1810 535 1840 ,
557 1764 772 1847 Χαίρων
798 1766 889 1825 καὶ
915 1766 1164 1836 Πυλάδης
1179 1809 1196 1839 ,
1227 1766 1359 1846 φασὶ
1378 1766 1656 1847 παρακλη-

99 1851 264 1919 θέντες
299 1856 368 1931 τῇ
409 1851 568 1931 ἐγγύῃ
603 1852 1018 1932 παραγενέσθαι,
1048 1852 1139 1912 καὶ
1174 1858 1342 1912 ταῦτα
1369 1855 1494 1911 θεῖοι
1520 1852 1661 1919 ὄντες

97 1943 170 2017 τῷ
195 1937 536 2019 ἐγγυωμένῳ.
623 1938 714 2019 (27)
740 1938 1026 2019 Ὗμέτερον
1053 1929 1142 1999 οὖν
1181 1938 1327 2020 ἔργον
1370 1936 1659 2020 σκέψασθαι

101 2030 208 2097 νῦν,
234 2027 282 2083 εἷ
307 2026 455 2083 δοκεῖ
471 2024 656 2084 πιστὸν
696 2016 830 2084 εἶναι
849 2026 910 2085 τὸ
939 2034 1182 2105 πρᾶγμα.
1266 2024 1410 2104 Ἐγὼ
1434 2029 1529 2103 μὲν
1557 2026 1658 2106 γὰρ

98 2112 294 2189 νομίζω
309 2156 326 2184 ,
354 2113 416 2171 ἐκ
442 2114 546 2170 vav
565 2111 778 2171 εἰκότων
802 2112 1154 2190 πατούμενος
1169 2158 1186 2185 ,
1205 2111 1338 2172 πολὺ
1369 2110 1431 2170 ἂν
1458 2113 1659 2189 μᾶλλον

101 2199 186 2257 τὸν
209 2198 422 2279 Πύρρον
444 2198 644 2267 πάντας
669 2199 734 2259 ἂν
759 2200 876 2268 τοὺς
897 2199 1111 2269 οἰκείους
1142 2200 1418 2280 βούλεσθαι
1443 2198 1656 2272 λεληθέ-

52 2304 75 2343 s
101 2308 210 2360 ναι,
247 2286 369 2345 εἴτι
398 2288 816 2367 παρεσκευάζετο
838 2290 1107 2366 ὁμολογεῖν
1126 2286 1162 2359 ἢ
1185 2287 1432 2368 πράττειν
1453 2286 1658 2355 ἀνάξιον

103 2378 204 2432 τῶν
235 2379 432 2449 αῢτοῦ,
460 2374 496 2447 ἢ
521 2375 889 2455 παρακαλέσαι
925 2378 1192 2456 μάρτυρας
1221 2374 1340 2444 τοὺς
1363 2375 1524 2443 θείους
1543 2372 1659 2441 τοὺς

101 2464 284 2520 ἑαυτοῦ
314 2461 408 2519 ἐπὶ
429 2462 720 2541 ἁμάρτημα
747 2466 1069 2534 τηλικοῦτον.

177 2568 256 2605 aa.
299 2546 428 2608 Ἔτι
449 2548 618 2607 δὲκαὶ
640 2549 760 2631 περὶ
788 2548 982 2609 ἐκείνω
1010 2552 1262 2630 θαυμάζω
1277 2594 1294 2622 ,
1329 2551 1374 2609 εἶ
1397 2548 1659 2627 μηδεμίαν

97 2648 286 2723 προῖκα
305 2644 436 2721 μήθ’
453 2648 484 2703 ὁ
511 2644 675 2711 διδοὺς
693 2645 818 2722 μήθ’
837 2650 866 2705 ὁ
885 2645 1174 2723 λαμὸάνων
1197 2644 1658 2723 διωμολογήσαντο

95 2730 220 2798 ἕξειν
249 2733 340 2791 ἐπὶ
381 2736 450 2811 τῇ
476 2734 701 2811 γυναικί.
785 2736 955 2793 Τοῦτο
983 2732 1078 2811 μὲν
1105 2734 1206 2814 γὰρ
1237 2733 1286 2793 εἴ
1309 2756 1424 2792 τινα
1454 2733 1618 2792 ἐδίδου
1637 2779 1656 2810 ,

97 2818 224 2885 εἰκὸς
253 2811 316 2890 ἦν
345 2819 440 2878 καὶ
467 2818 562 2889 τὴν
590 2820 826 2878 δοθεῖσαν
863 2820 964 2879 ὑπὸ
999 2824 1102 2879 τῶν
1139 2820 1524 2900 παραγενέσθαι
1552 2843 1654 2900 φα-

97 2906 318 2963 σκόντων
361 2911 761 2985 μαρτυρεῖσθαι·
785 2912 937 2966 τοῦτο
973 2909 1020 2966 δ’
1060 2910 1104 2965 εἰ
1146 2908 1209 2966 δι’
1252 2906 1524 2982 ἐπιθυμίαν
1559 2904 1657 2979 τὴν

49 3012 76 3051 ε
97 2993 280 3068 ἐγγύην
314 2998 346 3051 ὁ
383 2994 516 3060 θεῖος
547 2996 700 3071 ἡμῶν
737 2996 962 3053 ἐποιεῖτο
987 2998 1081 3066 τῆς
1117 2992 1360 3065 τοιαύτης
1386 2992 1654 3072 γυναικός,

96 3080 244 3151 δῆλον
267 3082 351 3139 ὅτι
371 3080 472 3139 κᾶν
494 3080 738 3161 ἀργύριον
761 3083 944 3163 πολλῷ
967 3082 1166 3158 μᾶλλον
1189 3084 1219 3139 ὁ
1239 3084 1434 3159 ἐγγυῶν
1462 3082 1653 3157 διωμο·

95 3168 358 3243 λογήσατο
381 3166 527 3248 ἔχειν
544 3168 698 3227 αὐτὸν
717 3169 804 3226 ἐπὶ
825 3173 892 3247 τῇ
910 3168 1149 3247 γυναικί,
1169 3166 1254 3227 ἵνα
1272 3167 1348 3244 μὴ
1369 3168 1450 3225 ἐπ’
1479 3167 1656 3249 ἐκείνῳ

94 3253 290 3331 γίνοιτο
335 3257 530 3337 ῥᾳδίως
571 3254 1027 3329 ἀπαλλάττεσθαι,
1062 3254 1216 3315 ὁπότε
1255 3254 1494 3333 βούλοιτο
1510 3300 1528 3333 ,
1562 3260 1656 3327 τῆς

96 3342 335 3417 γυναικός
355 3364 370 3377 ·
406 3344 497 3420 (29)
527 3342 620 3401 καὶ
643 3340 909 3421 μάρτυράς
934 3365 995 3420 γε
1022 3343 1202 3422 πολλῷ
1226 3340 1432 3408 πλείους
1459 3340 1546 3399 τὸν
1569 3342 1656 3420 ἰγ-

95 3432 294 3506 γυιῗιντα
323 3430 656 3508 παρακαλεῖν
685 3429 720 3500 ἢ
757 3428 844 3488 τὸν
883 3428 1210 3508 ἐγγυώμενον
1247 3426 1342 3500 τὴν
1382 3426 1626 3501 τοιαύτην
1640 3449 1657 3468 ·

95 3518 250 3583 οὐδεὶς
277 3516 390 3595 γὰρ
417 3518 564 3592 ὑμῶν
591 3518 764 3593 ἀγνοεῖ
785 3516 866 3576 ὅτι
904 3516 1055 3595 ὀλίγα
1093 3518 1353 3594 διαμένειν
1379 3514 1527 3575 εἴωθε
1554 3519 1657 3574 τῶν

93 3606 360 3666 τοιούτων.
387 3636 414 3663 .-
451 3604 522 3664 Ὅ
547 3603 642 3682 μὲν
663 3602 832 3667 τοίνυν
859 3608 1110 3685 ἐγγυῆσαι
1137 3604 1351 3685 φάσκων
1379 3603 1514 3681 μετὰ
1550 3602 1660 3671 ἑνὸς

49 3695 62 3746 Ι
95 3698 258 3771 μάρτυ
369 3690 466 3749 καὶ
491 3690 614 3749 ἄνευ
637 3690 915 3769 ὁμολογίας
937 3690 1148 3769 προικὸς
1171 3694 1242 3758 εἰς
1270 3690 1359 3749 τὸν
1376 3690 1656 3769 τριτάλαν-

95 3802 174 3837 τον
213 3714 362 3839 a&
399 3777 655 3856 ἐγγυῆσαί
686 3801 814 3858 φησι
849 3778 944 3851 τὴν
972 3778 1226 3859 ἀδελφήν·
1263 3779 1312 3837 οἱ
1349 3777 1404 3836 δὲ
1433 3778 1556 3837 θεῖοι
1583 3781 1658 3858 τῷ

94 3870 354 3949 ἀδελφιδῷ
379 3865 633 3944 ἄπροικον
658 3866 753 3939 τὴν
775 3866 1020 3938 τοιαύτην
1043 3865 1359 3946 ἐγγυωμένῳ
1391 3886 1658 3946 μεμαρτυ·

51 3955 53 3990 :
93 3956 280 4033 ρτξκασι
303 3954 714 4034 παραγενέσθαι.

161 4064 233 4103 ευ.
263 4042 380 4103 Καὶ
401 4044 450 4099 οἱ
463 4041 612 4101 αὐτοὶ
631 4046 755 4101 θεῖοι
772 4033 910 4101 οὗτοι
929 4044 983 4103 ἐν
1001 4046 1068 4121 τῇ
1084 4040 1276 4120 δεκάτῃ
1297 4045 1392 4112 τῆς
1411 4039 1660 4119 θυγατρὸς

91 4128 482 4210 ἀποφανθείσης
509 4120 641 4187 εἶναι
675 4130 776 4187 ὑπὸ
804 4135 900 4188 τοῦ
940 4129 1218 4210 ἀδελφιδοῦ
1256 4128 1528 4200 κληθέντες
1565 4150 1657 4203 με·

91 4218 471 4298 μαρτυρῆκασι
514 4217 917 4297 παραγενέσθαι.
1017 4214 1136 4296 Ἐφ’
1174 4207 1218 4294 ᾧ
1260 4216 1324 4287 δὴ
1364 4215 1454 4274 καὶ
1487 4216 1660 4282 δεινῶς

49 4330 72 4369 ς
95 4306 384 4379 ἀγανακτῶ
397 4346 418 4374 ,
436 4302 516 4361 ὅτι
537 4306 566 4361 ὁ
585 4302 678 4379 μὲν
700 4302 830 4383 ἀνὴρ
847 4300 1131 4382 λωαοίνων
1153 4300 1284 4381 ὑπὲρ
1306 4306 1398 4374 τῆς
1425 4302 1660 4379 γυναικὸς

91 4394 175 4461 τῆς
201 4395 372 4449 αὑτοῦ
397 4395 490 4449 τοῦ
512 4389 704 4471 κλήρου
733 4395 822 4449 τοῦ
845 4388 1093 4470 πατρῴου
1125 4388 1303 4461 Φίλην
1332 4388 1496 4465 ὄνομα
1525 4380 1660 4448 εἶναι

93 4480 364 4559 ἐγράψατο
401 4482 469 4556 τῇ
505 4476 740 4555 γυναικί,
778 4480 826 4535 οἳ
865 4477 918 4535 δὲ
959 4482 1048 4535 τοῦ
1095 4476 1308 4556 Πύρρου
1347 4482 1472 4535 θεῖοι
1496 4478 1554 4533 ἐν
1593 4480 1657 4555 τῇ

93 4566 282 4643 δεκάτῃ
321 4564 614 4645 φάσκοντες
655 4564 1034 4645 παραγενέσθαι
1071 4564 1132 4623 τὸ
1168 4568 1262 4635 τῆς
1301 4564 1460 4637 τήθης
1495 4563 1658 4642 ὄνομα

97 4652 457 4733 Κλειταρέτην
501 4651 590 4709 τὸν
633 4652 836 4733 πατέρα
875 4652 1241 4732 ἐμαρτύρησαν
1289 4650 1466 4711 θέσθαι
1505 4653 1656 4731 αὐτῇ.

101 4740 180 4817 (31)
205 4738 496 4818 Θαυμᾶζω
527 4730 614 4797 οὖν
645 4740 690 4797 εἰ
716 4742 746 4797 ὁ
782 4737 914 4817 ἀνὴρ
937 4742 966 4797 ὁ
989 4741 1236 4798 συνοικῶν
1265 4737 1430 4797 πλείω
1455 4736 1492 4810 ἢ
1521 4736 1659 4798 ὀκτὼ

105 4824 186 4895 ἔτη
209 4828 314 4899 ἤδη
345 4824 428 4902 μὴ
455 4826 572 4905 ᾔδει
593 4824 820 4904 τοῦνομα
844 4830 938 4896 τῆς
965 4829 1151 4885 ἑαυτοῦ
1179 4826 1439 4905 γυναικός.
1522 4817 1658 4887 Εἶτα

49 4929 86 4969 ιο
107 4910 208 4970 οὐδὲ
230 4912 385 4993 παρὰ
417 4916 524 4971 τῶν
544 4916 708 4972 ἀὖτοῦ
734 4911 1012 4994 μαρτύρων
1039 4912 1284 4993 πρότερον
1311 4910 1528 4984 ἐδυνήθη
1554 4936 1656 4973 πυ-

111 5002 306 5077 θέσθαι,
347 5004 460 5063 οὔδ’
497 5008 547 5074 ἢ·
577 5004 748 5086 μήτηρ
784 5010 878 5077 τῆς
915 5004 1154 5085 γυναικὸς
1191 5003 1250 5064 τὸ
1283 5008 1377 5076 τῆς
1412 5006 1658 5086 θυγατρὸς

111 5088 265 5166 ὄνομα
279 5096 378 5163 τῆς
403 5094 568 5161 αὑτῆς
589 5093 642 5150 ἐν
662 5091 832 5174 χρόνῳ
851 5090 1082 5172 τοσούτῳ
1105 5092 1326 5173 ἔφρασεν
1349 5094 1492 5175 αὐτῷ
1506 5137 1523 5166 ,
1547 5094 1655 5153 οὔδ’

115 5178 280 5244 ὁθεῖος
307 5176 500 5249 αὐτός,
529 5176 846 5257 Νικόδημος,
873 5181 966 5255 (82)
996 5177 1111 5237 ἀλλ’
1131 5177 1248 5237 ἀντὶ
1268 5178 1474 5251 mutii<
1497 5179 1658 5254 τήθης

115 5262 384 5341 ὁνόματος,
424 5262 475 5321 εἶ
509 5286 588 5331 τις
616 5262 724 5344 ᾔδει
755 5269 895 5325 τοῦθ’
933 5264 1046 5337 ὑπὸ,
1067 5269 1158 5324 τοῦ
1187 5264 1380 5346 πατρὸς
1418 5265 1654 5349 κείμενον

1747 885 1926 933 amicos
1943 886 2091 947 atque
2110 883 2367 933 familiares
2388 896 2557 933 omnes
2589 884 2900 935 advocasset?
2964 885 3061 947 (25)
3097 885 3302 949 Utique,

1748 961 1817 1011 ita
1840 976 1919 1011 me
1936 962 2223 1025 deusamet,
2243 976 2356 1013 vere
2374 964 2557 1013 sactum
2576 963 2622 1013 id
2640 964 2682 1014 si
2705 965 2897 1026 suisset,
2922 964 3049 1027 quod
3068 966 3099 1014 ii
3122 967 3302 1015 iactum

1748 1039 1903 1088 aiunt.
1994 1040 2139 1103 Atqui
2163 1042 2347 1090 nonita
2368 1054 2467 1090 rem
2490 1041 2667 1091 babere
2684 1044 2909 1105 apparet;
2934 1056 3046 1092 nam
3076 1045 3305 1093 Xenocles

1747 1115 1945 1179 quidem
1962 1116 2353 1167 extestimonium
2376 1118 2467 1167 sibi
2490 1117 2593 1167 dari
2618 1118 2805 1168 curavit
2824 1132 2987 1169 coram
3010 1118 3199 1169 duobus
3221 1132 3301 1169 so-

1749 1190 2000 1243 lum'modo
2024 1193 2227 1244 testibus
2258 1195 2457 1244 fortuito
2492 1195 2692 1257 oblatis,
2713 1195 3005 1246 Nicodemus
3033 1200 3197 1247 autem
3211 1233 3226 1259 ,
3252 1196 3303 1248 id

1747 1287 1890 1337 agens
1912 1276 1971 1323 ut
1985 1287 2200 1325 sororem
2222 1276 2326 1325 viro
2360 1276 2675 1326 substantiam
2699 1277 2894 1327 habenti
2920 1278 3077 1329 tribus
3111 1279 3305 1328 talentis

1749 1364 1911 1415 parem
1962 1352 2171 1402 elocasse
2190 1353 2451 1415 probaret,
2488 1366 2586 1403 non
2620 1353 2791 1405 habuit
2828 1367 2997 1405 secum
3032 1356 3121 1405 nisi
3150 1368 3301 1406 unum

1746 1428 2048 1477 solummodo
2062 1432 2232 1479 testem
2250 1430 2555 1480 advocatum.
2622 1432 2717 1493 (26)
2736 1434 2795 1481 Et
2808 1432 3095 1481 Nicodemus
3108 1433 3301 1495 quidem

1747 1523 1800 1559 se
1812 1511 1967 1561 solum
1990 1511 2259 1573 Pyretidem
2272 1526 2433 1561 secum
2450 1512 2669 1563 habuisse
2684 1516 2986 1565 commentus
3002 1517 3103 1575 est3
3128 1516 3305 1577 Pyreti·

1748 1592 1834 1645 des
1848 1594 1979 1644 enim
1994 1594 2096 1657 ipse
2115 1596 2297 1645 sactum
2318 1597 2573 1658 infitiatum
2592 1597 2655 1647 ab
2672 1610 2730 1647 eo
2749 1598 2913 1649 autem
2934 1599 3039 1648 viro
3051 1634 3065 1658 ,
3080 1600 3165 1661 qui
3179 1599 3304 1661 ejus·

1746 1670 1878 1720 modi
1895 1672 2147 1721 mulierem
2164 1673 2253 1721 sibi
2267 1672 2549 1736 desponderi
2562 1676 2782 1737 curaret,
2806 1674 3063 1725 advocatos
3084 1673 3144 1725 sc‘
3156 1690 3299 1739 spon-

1745 1752 1925 1802 salibus
1940 1752 2209 1803 interfuisse
2224 1753 2361 1803 aiunt
2387 1753 2655 1815 Lysimenes
2680 1754 2733 1802 et
2756 1753 2923 1805 fratres
2940 1754 3069 1816 eius,
3095 1755 3301 1808 Cliaeron

1745 1830 1795 1879 et
1826 1829 2047 1892 Pylades.
2114 1832 2215 1879 Hoc
2241 1828 2376 1879 aiunt
2403 1829 2482 1891 hl,
2512 1829 2595 1891 qui
2620 1828 2943 1891 despondendi
2970 1832 3199 1881 avunculi
3224 1846 3299 1885 es·-

1746 1918 1869 1963 sent.
1892 1911 1993 1974 (27)
2013 1914 2123 1961 sam
2145 1913 2353 1961 vestrum
2372 1914 2445 1961 est
2462 1948 2477 1973 ‚
2488 1910 2701 1973 judices,
2722 1910 2952 1974 dispicere
2966 1915 3299 1966 commentum

1747 1989 1840 2041 hoc
1853 1992 2017 2041 utrum
2037 1991 2099 2042 sit
2112 1992 2355 2042 credibile.
2420 1994 2542 2042 Nam
2564 2006 2649 2055 ego
2667 1992 2891 2054 equidem
2914 1994 3117 2043 autumo
3130 2031 3144 2055 ,
3164 2008 3226 2045 ex
3242 2008 3301 2045 eo

1746 2070 1974 2133 colligens
2009 2071 2141 2133 quod
2184 2074 2557 2122 consentancum
2592 2074 2665 2121 est
2714 2072 2817 2121 fleri
2832 2110 2847 2135 ,
2890 2074 2930 2123 si
2966 2075 3178 2135 Pyrrhus
3208 2074 3299 2125 sibi

1746 2150 2067 2212 proposuisset
2099 2150 2279 2213 aliquid
2312 2154 2399 2201 aut
2428 2151 2662 2215 spondere
2678 2153 2764 2201 aut
2802 2164 2942 2214 agere
2962 2153 3092 2216 quod
3130 2168 3301 2217 genere

1747 2232 1892 2296 ipsius
1940 2234 2066 2283 esset
2102 2232 2381 2297 indignum,
2418 2233 2575 2284 multo
2605 2247 2717 2284 eum
2748 2236 2899 2298 magis
2927 2249 3121 2299 operam
3149 2238 3297 2289 inisse

1745 2309 1975 2359 daturum
1997 2312 2051 2361 ut
2085 2310 2135 2359 id
2158 2310 2319 2360 insciis
2342 2310 2617 2361 necessariis
2655 2311 2880 2361 omnibus
2904 2312 3105 2378 taceret,
3142 2328 3291 2377 quam

1747 2392 1953 2443 voluisse
1970 2396 2237 2445 avunculos
2258 2393 2321 2444 ad
2351 2408 2563 2446 errorem
2590 2396 2692 2445 tam
2718 2396 2899 2446 foedum
2936 2399 3301 2452 contestandum

1745 2470 2000 2521 advocare.

1807 2553 1885 2599 28.
1922 2552 2161 2599 Praeterea
2198 2549 2291 2599 boc
2320 2563 2517 2613 quoque
2552 2552 2720 2613 miror,
2754 2565 2844 2601 cur
2872 2552 2934 2602 de
2967 2553 3081 2605 dote
3110 2554 3301 2607 nullum

1744 2620 1937 2680 pactum
1962 2618 2285 2669 intercesserit
2320 2632 2477 2683 neque
2508 2634 2537 2669 a
2557 2624 2695 2683 parte
2725 2620 2883 2671 dantis
2918 2636 3075 2686 neque
3113 2630 3301 2697 aparte

1743 2693 2035 2756 accipientis.
2098 2694 2209 2745 Sive
2246 2696 2375 2745 enim
2411 2696 2697 2747 Nicodemus
2732 2696 2897 2747 dotem
2938 2701 3117 2761 Pyrrho
3140 2700 3300 2763 dedit,

1743 2770 2115 2819 consentaneum
2147 2772 2252 2819 erat
2273 2774 2355 2831 ut,
2376 2772 2461 2833 qui
2488 2774 2631 2822 testes
2653 2784 2704 2822 se
2734 2774 3032 2836 sponsalibus
3061 2777 3199 2827 aiunt
3224 2778 3301 2828 in·

1743 2845 1963 2896 termisse
1976 2880 1992 2905 ,
2014 2845 2065 2894 hi
2090 2845 2235 2895 iidem
2262 2860 2457 2910 quoque
2472 2848 2765 2898 testarentur
2786 2849 2916 2899 illam
2936 2852 3099 2903 dotem
3118 2856 3301 2914 Pyrrho

1743 2922 1793 2971 in
1817 2933 1992 2971 manus
2012 2921 2175 2971 datam
2202 2922 2344 2973 ruisse
2367 2938 2379 2970 :
2410 2924 2485 2973 sin
2502 2924 2665 2973 autem
2688 2924 2950 2987 cupiditate
2978 2928 3191 2979 mulieris
3218 2942 3300 2980 ac—

1743 3010 1914 3047 census
1948 3000 2220 3049 avunculus
2241 3001 2403 3049 noster
2440 3012 2607 3061 passus
2631 3003 2757 3049 esset
2786 3001 3049 3053 indotatam
3084 3005 3173 3055 sibi
3212 3007 3301 3057 de-

1741 3073 1963 3135 sponderi
1994 3074 2143 3124 talem
2166 3075 2445 3134 mulierem,
2470 3078 2605 3136 paret
2634 3075 2951 3126 Nicodemum
2974 3080 3129 3130 multo
3153 3082 3300 3133 etiam

1743 3149 1894 3211 magis
1909 3161 2107 3211 operam
2124 3148 2355 3199 daturum
2373 3149 2516 3199 ruisse
2530 3152 2587 3198 ut
2604 3150 2817 3212 Pyrrhus
2832 3164 2993 3201 coram
3014 3154 3213 3205 testibus
3227 3157 3298 3205 ai-

1742 3223 1957 3275 iii-maret
1978 3238 2029 3276 se
2044 3225 2207 3275 dotem
2227 3240 2315 3289 pro
2332 3225 2537 3275 muliere
2557 3226 2796 3288 accepisse
2812 3228 2962 3290 atque
2989 3228 3059 3277 sic
3081 3233 3299 3293 caveret,

1743 3310 1805 3348 ne
1821 3300 1961 3351 t'acile
1978 3302 2022 3350 ci
2041 3302 2165 3351 esset
2194 3299 2471 3363 mulierem,
2494 3300 2536 3349 si
2568 3298 2761 3361 quando
2786 3299 2999 3362 luberet,
3036 3314 3063 3349 a
3088 3314 3139 3351 se
3165 3301 3300 3353 able·

1742 3385 1880 3434 ὅσιος
1901 3376 1999 3437 (29)
2024 3374 2179 3425 multo
2194 3374 2341 3424 etiam
2370 3374 2533 3437 piures
2553 3375 2661 3421 tum
2681 3374 2824 3421 testes
2839 3372 3138 3436 despondens
3160 3376 3300 3426 adbi-

1743 3446 1923 3497 buisset
1934 3460 2082 3511 quam
2100 3448 2141 3498 is
2156 3448 2239 3511 qui
2256 3448 2348 3498 sibi
2366 3448 2515 3497 talem
2529 3446 2781 3497 mulierem
2800 3446 3080 3510 desponderi
3094 3452 3299 3501 curaret.

1743 3524 1893 3571 Nemo
1913 3523 2043 3573 enim
2072 3525 2285 3573 vestrum
2304 3524 2491 3586 ignorat
2504 3560 2520 3586 ,
2550 3521 2787 3584 eiusmodi
2822 3522 3061 3572 connubia
3094 3524 3300 3587 utpluri-

1743 3608 1877 3646 mum
1907 3610 2025 3647 mox
2056 3596 2265 3649 dissolvi.
2330 3599 2391 3648 Et
2430 3597 2743 3650 nihilominus
2782 3598 2945 3647 tamen
2980 3598 3270 3652 Nicodemus
3283 3639 3300 3665 ,

1744 3682 1958 3721 sororem
1981 3683 2011 3721 a
2038 3684 2091 3721 se
2120 3671 2405 3735 desponsam
2427 3671 2587 3732 aiens,
2622 3670 2727 3719 viro
2752 3668 3071 3720 substantiam
3104 3672 3301 3727 habenti

1744 3746 1899 3796 tribus
1918 3746 2109 3797 talentis
2126 3746 2516 3810 oequiparabilem
2544 3744 2613 3795 ait
2626 3757 2731 3795 eam
2748 3743 3054 3807 despondisse
3075 3760 3175 3796 uno
3192 3750 3299 3797 tan·

1745 3830 1850 3877 tum
1877 3838 1991 3875 cum
2008 3826 2129 3875 teste
2147 3828 2197 3875 et
2213 3826 2317 3875 sine
2349 3827 2569 3888 pactione
2599 3820 2754 3884 dotis;
2774 3823 2824 3871 et
2845 3824 3069 3872 avunculi
3098 3824 3235 3875 aiunt
3249 3840 3301 3877 sc

1745 3899 2015 3950 interfuisse
2032 3900 2331 3965 sponsalibus
2356 3900 2413 3949 iis
2426 3899 2602 3962 quibus
2624 3898 2739 3945 suus
2756 3909 2817 3945 ex
2839 3909 3001 3946 sorore
3022 3910 3169 3960 nepos
3186 3912 3297 3948 mu-

1746 3972 1922 4030 lierem,
1930 3973 2075 4022 talem
2098 3972 2187 4023 sibi
2206 3974 2423 4022 curasset
2443 3971 2711 4021 indotatam
2734 3970 3033 4033 desponderi.

1809 4054 1884 4099 30.
1914 4046 2094 4099 Testati
2112 4048 2342 4109 praeterea
2360 4046 2687 4108 quoquesunt
2704 4043 2755 4092 hi
2782 4046 2927 4094 iidem
2950 4047 3119 4109 Pyrrhi
3138 4060 3297 4098 avun-

1745 4129 1845 4179 culi
1869 4144 1923 4181 se
1949 4130 2207 4180 advocatos
2228 4142 2259 4179 ιι
2274 4129 2449 4191 nepote
2466 4126 2656 4176 affuisse
2686 4120 2763 4175 'die
2779 4118 3007 4177 ‘nominali
3030 4129 3141 4178 iilioe
3153 4166 3168 4190 ,
3187 4119 3299 4193 q'uae

1746 4218 1791 4267 ei
1815 4220 1928 4267 nata
1954 4230 2055 4267 oese
2084 4216 2438 4281 perhibebatur.
2491 4216 2595 4264 Ἠιο
2612 4224 2737 4263 ‘vero
2755 4214 2849 4263 loci
2879 4216 3154 4277 gavissime
3180 4218 3301 4268 indi·

1745 4322 1880 4373 gnor,
1901 4308 2034 4373 quod
2050 4310 2253 4359 maritus
2269 4308 2464 4371 quidem
2490 4308 2654 4359 uxoris
2670 4307 2865 4359 nomine
2889 4302 3023 4357 litem
3046 4309 3299 4363 instituens

1745 4397 1806 4447 de
1824 4397 2089 4447 hereditate
2111 4397 2276 4461 Pyrrhi
2303 4396 2451 4447 veluti
2479 4396 2541 4446 de
2570 4396 2856 4459 patrimonio
2880 4396 3045 4445 uxoris
3061 4396 3111 4445 in
3136 4398 3299 4451 libello

1745 4486 2043 4536 accusatorio
2060 4486 2225 4536 uxoris
2240 4498 2341 4535 suoe
2361 4477 2509 4535 Philae
2531 4497 2705 4534 nomen
2725 4482 2927 4533 ediderit
2938 4500 2953 4544 3
2972 4486 3196 4534 avunculi
3210 4500 3297 4537 au·

1745 4575 1844 4623 tem
1861 4572 2045 4636 Pyrrhi,
2064 4574 2149 4637 qui
2160 4573 2239 4623 die
2252 4572 2479 4622 nominali
2492 4572 2685 4623 affuisse
2698 4571 2857 4620 testati
2870 4573 2983 4633 unt,
3000 4584 3108 4621 eam
3122 4586 3151 4621 a
3164 4577 3299 4635 patre

1746 4674 1810 4710 ex
1839 4661 1966 4711 aviae
2002 4661 2199 4711 nomine
2236 4660 2513 4710 elitaretam
2544 4658 2829 4721 appellatam
2861 4658 3020 4708 [uisse.
3085 4659 3182 4722 (32)
3209 4662 3299 4711 Mi·

1745 4762 1827 4798 ror
1867 4748 2031 4811 itaque
2073 4751 2157 4810 qui
2192 4750 2373 4798 factum
2408 4748 2471 4798 sit
2500 4748 2555 4796 ut
2590 4746 2817 4807 maritus,
2852 4748 3081 4795 octavum
3115 4748 3215 4809 jam
3247 4749 3296 4798 in

1745 4849 1927 4885 annum
1944 4848 2147 4885 uxorem
2172 4834 2303 4885 domi
2320 4834 2501 4885 habens
2514 4871 2529 4897 ‚
2547 4847 2716 4884 verum
2732 4832 2832 4895 eius
2842 4846 3019 4883 nomen
3042 4834 3295 4898 ignorarit,

1742 4924 1795 4973 et
1814 4936 1973 4987 neque
1992 4937 2023 4973 a
2040 4924 2243 4974 tatibus
2256 4924 2355 4974 suis
2372 4923 2421 4973 id
2446 4924 2560 4974 ante
2581 4923 2711 4972 bunc
2727 4920 2854 4972 diem
2874 4920 3120 4983 didicerit,
3138 4936 3297 4985 neque

1743 5022 1906 5060 socrus
1932 5010 1975 5060 ei
2008 5008 2121 5059 filim
2156 5024 2257 5061 suae
2288 5022 2467 5061 nomen
2502 5009 2629 5061 intra
2648 5010 2751 5059 tam
2768 5007 3079 5070 longinquum
3104 5010 3295 5073 tempus

1741 5096 2002 5161 prodiderit
2017 5133 2035 5158 ,
2076 5100 2127 5149 et
2167 5110 2231 5149 ne
2278 5098 2379 5161 ipse
2424 5096 2623 5160 quidem
2658 5098 2927 5147 avunculus
2976 5095 3290 5157 Nicodemus,

1743 5186 1842 5250 (23)
1863 5185 1949 5236 scd
1972 5199 2059 5250 pro
2082 5186 2207 5237 avim
2222 5186 2417 5237 nomine
2432 5212 2495 5221 —
2508 5185 2551 5235 si
2572 5197 2737 5235 revera
2756 5197 2931 5235 nomeu
2954 5184 3077 5234 avim
3100 5182 3291 5233 mulleri

1741 5274 1834 5325 fuit
1847 5286 2067 5337 unquam
2082 5272 2359 5337 impositum
2374 5300 2441 5311 —
2458 5272 2657 5325 maritus
2674 5271 2813 5321 uxori
2830 5284 2931 5322 suae
2950 5282 3125 5321 nomen
3144 5268 3291 5319 Philia
