3825 5842
93 531 308 614 (Η)

87 671 170 726 2532
187 663 334 724 ὄντων
350 656 468 738 ἐμοὶ
487 653 804 740 ἐφεισάμην,
838 653 966 716 ὅπου
985 653 1092 716 ἔδει
1114 652 1592 736 παρακινδυνεύειν·

88 753 182 814 ἀλλ’
201 749 372 812 αὐτίκα
393 745 492 825 μὲν
513 745 632 806 τότε
655 743 933 823 εἰσήγαγον
960 746 1034 811 εἰς
1057 743 1303 827 στρατιὰν
1328 747 1476 822 ὑμῶν
1503 735 1593 804 οὗ·

85 866 162 904 σαν
183 843 231 900 ἐν
263 836 426 916 Σάμῳ
452 832 660 898 κωπέας
675 875 694 904 ,
719 835 823 890 τῶν
847 831 1195 912 τετρακοσίων
1213 832 1316 904 ἤδη
1357 831 1422 890 τὰ
1447 831 1590 912 προί-

83 951 231 1008 γαατα
249 921 418 984 ἐνθάδε
435 920 851 1002 κατειληφότων,
872 917 1012 986 ὄντος
1034 943 1120 998 μοι
1141 919 1424 1000 Ἀρχελάου
1447 918 1590 989 ξένου

83 989 300 1096 rupino&
316 1010 406 1070 καὶ
439 1009 670 1076 διδόντος
695 1006 972 1084 τέμνεσθαι(
997 1029 1055 1065 τε
1076 1005 1167 1066 καὶ
1181 1006 1454 1087 ἐξάγεσθαι
1468 1007 1592 1067 ὁπό-

83 1127 182 1170 σους
199 1097 494 1175 ἐδουλόμην.
581 1093 810 1162 Τούτους
835 1118 893 1154 τε
914 1094 1190 1175 εἰσήγαγον
1207 1095 1323 1162 τοὺς
1354 1094 1562 1164 κωπέας
1575 1143 1592 1170 ,

82 1191 154 1253 καὶ
169 1187 318 1270 παρόν
340 1206 428 1265 μοι
461 1186 622 1244 πέντε
658 1185 908 1264 δραχμῶν
939 1181 1036 1254 τὴν
1063 1183 1220 1260 τιμὴν
1253 1186 1422 1243 αὐτῶν
1446 1183 1594 1254 δέξα-

43 1297 62 1334 ι
83 1287 198 1350 σθαι,
221 1278 308 1338 οὐκ
328 1273 556 1348 ἠθέλησα
580 1269 876 1350 πράξασθαι
902 1270 1058 1333 πλέον
1082 1268 1118 1342 ἢ
1153 1270 1274 1332 ὅσου
1305 1271 1420 1350 ἐμοὶ
1443 1271 1595 1332 κατέ-

84 1387 272 1440 στησαν,
299 1360 574 1439 εἰσήγαγον
597 1357 655 1418 δὲ
677 1359 818 1420 σῖτόν
861 1381 916 1418 τε
944 1358 1034 1419 καὶ
1073 1359 1299 1440 χαλκόν·
1383 1361 1473 1444 (12)
1502 1360 1593 1420 καὶ

81 1460 118 1514 οἱ
143 1455 302 1532 ἄνδρες
325 1450 506 1509 ἐκεῖνοι
533 1449 598 1506 ἐκ
622 1446 819 1507 τούτων
848 1451 1330 1528 παρεσκευασμένοι
1351 1449 1594 1522 ἐνίκησαν

83 1541 191 1622 μετὰ
224 1544 379 1598 ταῦτα
435 1534 890 1609 Πελοποννησίους
923 1540 1346 1614 ναυμαχοῦντες,
1373 1539 1468 1598 καὶ
1499 1537 1595 1610 τὴν

81 1634 204 1690 πόλιν
255 1627 442 1698 ταύτην
493 1623 646 1702 μόνοι
697 1622 984 1706 ἀνθρώπων
1032 1622 1234 1685 ἔσωσαν
1282 1629 1338 1685 ἐν
1370 1630 1444 1706 τῷ
1476 1627 1595 1687 τότε

79 1716 240 1800 χρόνῳ.
317 1717 382 1775 Εἰ
409 1711 582 1774 τοίνυν
605 1711 850 1791 μεγάλων
885 1715 1092 1792 ἀγαθῶν
1113 1711 1232 1782 ἄξια
1260 1717 1394 1793 ὑμᾶς
1415 1713 1597 1796 εἰργοί-

83 1829 214 1866 σαντο
233 1807 434 1874 ἐκεῖνοι,
461 1800 624 1882 μέρος
641 1797 746 1879 ἐγὼ
761 1803 856 1861 οὐκ
871 1798 936 1860 ἂν
957 1799 1232 1880 ἐλάχιστον
1252 1803 1462 1871 δικαίως
1477 1803 1600 1863 ταύ-

82 1918 157 1965 της
174 1897 258 1963 τῆς
277 1889 442 1956 αἰτίας
482 1887 683 1969 ἔχοιμι.
765 1890 834 1950 Εἰ
859 1887 960 1969 γὰρ
982 1893 1088 1957 τοῖς
1111 1890 1356 1973 α’νδρᾶσιν
1389 1891 1599 1961 ἐκείνοις

43 2003 64 2042 ο
83 1984 180 2042 τότε
201 1977 262 2039 τὰ
277 1977 539 2050 ἐπιτήδεια
579 1975 658 2055 μὴ
683 1975 902 2056 εἰσήχθη
916 2019 934 2049 ,
963 1977 1022 2036 οὖ
1049 1977 1170 2058 περὶ
1195 1983 1286 2038 τοῦ
1315 1981 1484 2040 σῶσαι
1505 1979 1598 2048 τὰς

84 2068 264 2139 Ἀθήνας
296 2070 324 2125 ὁ
345 2065 575 2132 κίνδυνος
605 2057 669 2138 ἦν
707 2066 880 2130 αὖτοῒς
911 2065 1111 2143 μᾶλλον
1145 2063 1180 2137 ἢ
1208 2064 1330 2149 περὶ
1351 2072 1442 2126 τοῦ
1474 2066 1598 2144 μηδ’

84 2153 240 2223 αὐτοὺς
259 2157 499 2226 σωθῆναι.
592 2151 682 2234 (1³)
730 2151 948 2213 Τούτων
975 2150 1143 2214 τοίνυν
1185 2153 1349 2223 οὕτως
1375 2155 1598 2234 ἑχόντων

87 2247 164 2304 οὗκ
189 2243 332 2324 ὀλίγῳ
355 2264 440 2320 μοι
472 2238 628 2322 παρὰ
649 2238 866 2320 γνώμην
895 2240 1074 2323 εὑρέθη
1114 2238 1182 2300 τὰ
1209 2243 1428 2302 ἐνταῦθα
1460 2243 1597 2325 πρά-

81 2356 232 2413 γματα
245 2331 440 2413 ἔχοντα.
524 2327 882 2391 Κατέπλευσα
908 2327 1002 2409 μὲν
1037 2327 1143 2411 γὰρ
1171 2333 1240 2398 ὣς
1261 2331 1599 2405 ἐπαινεθησό·

88 2445 214 2499 μενος
233 2421 324 2480 ὑπὸ
344 2421 446 2479 τῶν
472 2417 660 2479 ἐνθάδε
688 2417 977 2500 προθυμίας
997 2441 1055 2478 τε
1077 2415 1252 2479 εἵνεκα
1285 2419 1375 2480 καὶ
1411 2424 1597 2499 ἐπιμε-

83 2509 202 2578 λείας
214 2511 306 2568 τῶν
332 2506 599 2589 ὑμετέρων
612 2509 937 2590 πραγμάτων
954 2529 968 2544 ·
1001 2507 1281 2588 πυθόμενοι
1299 2507 1356 2570 δέ
1377 2510 1508 2580 τινές
1533 2535 1598 2588 με

43 2617 66 2657 ε
87 2599 250 2670 ἥκοντα
274 2599 370 2656 τῶν
399 2595 755 2677 τετρακοσίων
790 2596 1000 2669 ἐζήτουν
1027 2619 1084 2656 τε
1123 2602 1479 2678 παραχρῆμα,
1508 2599 1599 2658 καὶ

86 2685 292 2752 λαὸόντες
323 2683 518 2764 ἤγαγον
554 2685 634 2752 εἷς
652 2683 747 2756 τὴν
776 2683 988 2764 βουλήν.
1090 2684 1178 2764 (u)
1210 2684 1375 2753 Εὐθὺς
1412 2684 1466 2744 δὲ
1493 2709 1599 2745 πα-

89 2772 711 2854 ραστᾶςμοιΠείσανδρος,
729 2799 754 2825 α
781 2772 979 2854 ἄνδρες,
1025 2771 1147 2854 ἔφη,
1189 2773 1480 2853 βουλευταί,
1499 2772 1600 2854 ἐγὼ

87 2863 155 2921 τὸν
171 2861 315 2944 ἄνδρα
335 2867 514 2921 τοῦτον
539 2858 818 2920 ἐνδεικνύω
851 2865 974 2937 ὑμῖν
1009 2859 1150 2920 σῖτόν
1172 2882 1231 2919 τε
1253 2863 1324 2930 εἰς
1351 2861 1470 2930 τοὺς
1495 2885 1598 2924 πο-

87 2951 254 3028 )εμίους
289 2949 640 3030 εἰσαγαγόντα
695 2947 786 3008 καὶ
839 2947 1068 3016 κωπέας·
1109 2976 1136 3002 ν
1163 2948 1254 3008 καὶ
1281 2948 1342 3009 τὸ
1381 2959 1602 3030 πρᾶγμα

87 3041 166 3109 ἤδη
187 3047 280 3096 πᾶν
313 3039 542 3116 διηγεῖτο
571 3039 642 3104 ὥς
673 3035 986 3118 ἐπέπρακτο.
1066 3036 1166 3098 Ἐν
1191 3037 1246 3096 δὲ
1277 3041 1352 3118 τῷ
1383 3038 1502 3099 τότε
1534 3039 1602 3098 τὰ

91 3125 258 3186 ἐναντία
275 3131 576 3208 φρονοῦντες
595 3126 744 3198 δῆλοι
769 3116 902 3197 ἦσαν
928 3125 1032 3198 ἤδη
1057 3127 1106 3185 οἱ
1133 3125 1221 3186 ἰπὶ
1251 3135 1494 3208 στρατιᾶς
1517 3126 1602 3188 ὄν-

88 3239 150 3280 τες
177 3216 268 3281 τοῖς
291 3213 668 3294 τετρακοσίοις.
753 3215 842 3291 (ιε)
898 3211 1088 3292 Κάγώ,
1139 3213 1348 3294 θόρυὸος
1389 3214 1490 3296 γὰρ
1539 3216 1601 3288 δὴ

43 3317 70 3357 n
87 3307 274 3368 τοιοῦτος
305 3299 532 3380 ἐγίγνετο
581 3303 683 3358 τῶν
728 3301 1036 3378 βουλευτῶν,
1078 3299 1254 3372 ἐπειδὴ
1294 3299 1602 3380 ἐγίγνωσκον

89 3389 412 3467 ἀπολούμενος,
429 3387 588 3455 εὐθὺς
607 3389 898 3470 προσπηδῶ
913 3387 1040 3466 πρὸς
1053 3386 1148 3462 τὴν
1168 3390 1344 3449 ἑστίαν
1361 3390 1449 3450 καὶ
1463 3393 1603 3470 λαμ-

89 3475 276 3553 6ιίνομαι
305 3480 406 3535 τῶν
436 3478 622 3555 ἱερῶν.
701 3471 880 3556 Ὅπερ
922 3498 1012 3552 μοι
1051 3477 1140 3536 καὶ
1182 3475 1427 3538 πλείστου
1463 3478 1604 3548 ἄξιον

87 3565 248 3640 ἐγίνετο
270 3566 318 3622 ἐν
358 3567 434 3644 τῷ
459 3563 590 3624 τότε
604 3587 619 3602 ·
647 3566 717 3632 εἰς
754 3563 856 3644 γὰρ
882 3562 1000 3631 τοὺς
1039 3563 1180 3633 θεοὺς
1215 3563 1402 3646 ἔχοντα
1433 3567 1602 3641 ὀνείδη

87 3647 199 3710 οὗτοί
230 3674 288 3728 με
323 3652 520 3728 μᾶλλον
565 3655 670 3711 τῶν
711 3649 994 3732 ἀνθρώπων
1031 3650 1230 3712 ἐοίκασι
1261 3656 1602 3728 κατελεῆσαι,

89 3739 394 3816 βουληθέντων
412 3763 470 3799 τε
509 3741 689 3800 αὐτῶν
731 3739 1038 3800 ἀποκτεῖναί
1077 3764 1164 3816 με,
1203 3731 1344 3800 οὗτοι
1378 3733 1512 3815 ἦσαν
1556 3745 1605 3803 οἱ

89 3826 406 3894 διασώσαντες.
488 3825 684 3906 Δεσμοί
705 3850 764 3888 τε
783 3825 997 3908 ὕστερον
1017 3828 1108 3888 καὶ
1134 3828 1278 3888 κακὰ
1303 3828 1401 3890 ὅσα
1437 3854 1494 3891 τε
1516 3830 1604 3891 καὶ

89 3905 153 3972 οἷα
171 3919 236 3994 τῷ
261 3915 466 3994 σώματι
499 3913 826 3997 ἠνεσχόμην,
855 3915 1056 3996 μακρὸν
1081 3915 1144 3976 ἂν
1174 3915 1254 3991 εἴη
1287 3940 1379 3995 μοι
1416 3919 1602 3999 λε’γειν.

43 4003 158 4080 ε(1ε)
187 3993 259 4065 Οὗ
283 4003 342 4075 δὴ
367 4005 460 4062 καὶ
492 4003 709 4082 μάλιστ’
743 4003 968 4078 ἐμαυτὸν
987 4004 1440 4087 ἀπωλοφυράμην·
1464 4006 1603 4075 ὅστις

89 4096 208 4150 τοῦτο
239 4091 328 4169 μὲν
372 4094 426 4150 ἐν
461 4081 496 4118 ²⁹
527 4090 696 4152 ἐδόκει
745 4095 774 4149 ὁ
801 4093 964 4168 δῆμος
1003 4097 1326 4168 κακοῦσθαι,
1352 4093 1456 4174 ἐγὼ
1491 4095 1604 4155 ἀντὶ

89 4175 232 4235 τούτου
271 4175 408 4236 κακὰ
449 4116 618 4258 ἕχον,
663 4183 815 4238 τοῦτο
841 4176 897 4238 δὲ
945 4179 1122 4251 ἐπειδὴ
1149 4179 1384 4262 ἐφαίνετο
1433 4173 1490 4240 εὖ
1521 4183 1605 4242 ὑπ’

91 4264 188 4338 ἐμοῦ
199 4263 482 4338 πεπονθώς,
515 4265 678 4324 πάλιν
703 4255 770 4324 αὖ
796 4265 887 4324 καὶ
905 4264 991 4326 διὰ
1015 4269 1152 4327 τοῦτ’
1173 4268 1276 4346 ἐγὼ
1290 4269 1600 4349 ἀπολοίμην·

91 4347 197 4408 ὥστε
219 4351 326 4410 ὁδόν
347 4374 407 4410 τε
423 4351 519 4411 καὶ
543 4351 706 4434 πόρον
731 4354 951 4434 μηδαμῇ
965 4351 1042 4414 ἔτι
1064 4345 1196 4415 εἷναί
1210 4379 1300 4435 μοι
1323 4360 1604 4438 εὐθαρσεῖν·

89 4435 178 4496 ὅποι
187 4439 276 4519 γὰρ
285 4439 605 4522 τραποίμην,
622 4440 874 4501 πάντοθεν
885 4441 1044 4502 κακόν
1057 4443 1108 4502 τί
1137 4466 1227 4522 μοι
1237 4445 1473 4528 ἐφαίνετο
1484 4450 1610 4506 ἑτοι-

91 4526 352 4604 μαζόρενον.
377 4528 521 4588 Ἀλλ’
561 4527 702 4607 ὅμως
739 4530 830 4591 καὶ
868 4532 929 4591 ἐκ
953 4529 1148 4592 τούτων
1175 4532 1419 4593 τοιούτων
1447 4534 1608 4596 ὄντων

43 4631 77 4668 ιο
93 4615 369 4694 ἀπαλλαγεὶς
406 4618 504 4676 οὗκ
525 4613 665 4676 ἔστιν
699 4615 733 4675 ὅ
768 4640 820 4675 τι
859 4617 1031 4700 ἕτερον
1050 4619 1196 4700 ἔργον
1220 4621 1340 4702 περὶ
1375 4622 1609 4694 πλείονος

94 4701 330 4780 ἐποιούμην
350 4700 388 4776 ἢ
414 4702 516 4776 τὴν
541 4703 690 4764 πόλιν
729 4705 922 4779 ταύτην
959 4708 1149 4786 ἀγαθόν
1179 4732 1230 4769 τι
1253 4710 1588 4792 ἐργάσασθαι.

153 4811 209 4853 17.
245 4789 404 4874 Ὁρᾶν
429 4791 488 4852 δὲ
510 4793 648 4874 χρή,
668 4783 714 4852 ἦ
735 4793 1022 4871 Ἀθηναῖοι,
1049 4795 1157 4879 ὅσῳ
1179 4796 1247 4859 τὰ
1274 4807 1488 4863 τοιαῦτα
1505 4807 1606 4862 τῶν

92 4880 468 4959 ὑπουργημάτων
487 4881 740 4964 διαφέρει.
823 4887 992 4946 Τοῦτο
1014 4884 1109 4964 μὲν
1128 4885 1230 4969 γὰρ
1253 4886 1363 4950 ὅσοι
1385 4893 1488 4948 τῶν
1513 4915 1608 4950 πο-

92 4966 214 5024 λιτῶν
245 4967 308 5027 τὰ
348 4968 582 5052 ὑμέτερα
613 4971 904 5052 πράγματα
933 4975 1324 5056 διαχειρίζοντες
1367 4978 1609 5062 ἀργύριον

97 5057 190 5128 ὑμῖν
213 5057 584 5132 ἐκπορίζουσιν,
607 5058 737 5119 ἄλλο
759 5084 808 5120 τι
833 5057 869 5132 ἢ
896 5061 964 5122 τὰ
991 5061 1215 5145 ὑμέτερα
1242 5069 1362 5145 ὑμῖν
1389 5068 1608 5146 διδόασι;

95 5146 212 5200 τοῦτο
231 5143 280 5202 δὲ
304 5145 414 5206 ὅσοι
442 5150 728 5228 στρατηγοὶ
767 5150 1032 5230 γενόμενοι
1065 5153 1223 5214 καλόν
1258 5179 1310 5215 τι
1337 5155 1432 5229 τὴν
1459 5158 1608 5220 πόλιν

43 5236 84 5284 22
98 5235 488 5311 κατεργάζονται,
521 5236 570 5295 τί
597 5238 727 5296 ἄλλο
749 5237 786 5310 ἢ
810 5239 944 5317 μετὰ
972 5246 1061 5313 τῆς
1084 5247 1187 5302 τῶν
1218 5244 1482 5328 ὑμετέρων
1505 5271 1605 5307 σω·

96 5316 246 5392 μάτων
268 5324 624 5406 ταλαιπωρίας
649 5349 705 5386 τε
733 5327 824 5386 καὶ
845 5328 1110 5408 κινδύνων,
1147 5331 1237 5392 καὶ
1270 5331 1346 5392 ἔτι
1372 5339 1474 5394 τῶν
1499 5359 1610 5397 κοι-

1011 521 1423 596 ΑΝΒΟΟΠΠΒ
1463 523 1588 586 oR.
1627 522 1728 586 DE
1766 523 1914 588 SUO
1957 525 2265 590 REDITU.
3162 543 3233 596 ⁷3

1681 664 1980 730 periculum3
2008 666 2093 716 sed
2115 667 2234 716 tunc
2253 665 2423 718 statim
2436 665 2487 717 in
2510 667 2668 719 castra
2684 668 2845 722 vestra
2866 669 2931 722 ad
2949 671 3149 724 Samum
3169 671 3238 732 im,

1681 755 1800 806 duxi
1818 757 2043 822 remiges,
2060 757 2431 824 Quadringentis
2436 759 2539 824 jam
2556 773 2721 812 rerum
2738 761 2892 813 bacin
2910 763 3031 814 urbe
3046 749 3239 828 potitis,

1685 849 1919 899 Archelao
1936 885 1953 912 ,
1971 863 2071 913 quo
2102 852 2237 914 pater
2257 849 2362 913 iam
2385 850 2679 902 familiariter
2702 865 2821 904 usus
2841 853 3000 904 tuerat
3013 889 3032 916 ,
3072 868 3239 908 conce·

1683 940 1830 992 dente
1848 941 1970 992 mihi
1992 941 2177 992 caedere
2200 945 2251 992 et
2276 945 2533 1006 exportare
2554 947 2679 1007 quot
2705 946 2893 997 vellem.
2959 950 3033 999 lta
3057 949 3239 1000 sactum

1683 1035 1754 1083 est
1787 1035 1842 1083 ut
1869 1047 1957 1096 ego
1990 1035 2191 1098 remiges
2216 1035 2325 1086 illos
2358 1036 2635 1088 inducerem
2648 1073 2663 1100 ,
2706 1052 2794 1102 pro
2824 1041 3003 1104 quibus
3043 1042 3243 1107 singulis

1682 1138 1959 1190 quanquam
1978 1127 2157 1178 licebat
2170 1126 2343 1192 quinas
2359 1128 2613 1181 drachmas
2628 1143 2825 1194 poscere
2835 1165 2853 1193 ,
2872 1133 3155 1196 dedignatus
3168 1138 3242 1186 ta·

1683 1230 1796 1268 men
1821 1231 1931 1268 sum
1956 1221 2067 1282 plus
2082 1233 2279 1284 poscere
2299 1235 2449 1285 quam
2468 1223 2559 1286 ipsi
2578 1224 2699 1274 mibi
2716 1226 3070 1280 constitissent:
3140 1231 3241 1294 (12)

1682 1311 1766 1362 sed
1795 1312 2039 1364 frumenta
2054 1326 2249 1377 quoque
2272 1317 2503 1376 praeterea
2521 1319 2573 1367 et
2606 1329 2741 1367 arma
2763 1317 2953 1381 induxi,
2972 1303 3149 1384 quibus
3172 1323 3255 1376 illi·

1682 1403 1768 1454 alti
1819 1404 2093 1468 armatique
2136 1407 2445 1468 postmodum
2484 1411 2851 1474 Peloponnesios
2884 1415 3054 1477 proelio
3085 1418 3241 1468 navali

1683 1495 1928 1560 vicerunt,
1942 1497 2151 1561 solisque
2168 1501 2449 1552 mortalium
2463 1503 2683 1556 omnium
2697 1504 2774 1556 bis
2789 1503 2932 1557 debet
2947 1509 3211 1573 respublica
3224 1542 3241 1570 ,

1683 1587 1820 1650 quod
1833 1591 2025 1640 servata
2038 1591 2145 1641 tum
2164 1591 2326 1642 fuerit.
2393 1593 2577 1652 Quodsi
2594 1609 2707 1660 ergo
2724 1597 2795 1650 illl
2818 1599 2889 1649 ita
2904 1601 2965 1653 de
2982 1603 3119 1654 vobis
3136 1618 3243 1666 pro·

1686 1681 1842 1732 meriti
1859 1687 1994 1747 sunt,
2012 1685 2179 1736 videor
2196 1686 2317 1736 mibi
2335 1699 2421 1750 ego
2440 1701 2637 1753 quoque
2654 1689 2705 1741 in
2722 1693 2909 1755 partem
2923 1693 3071 1757 hujus
3087 1695 3243 1746 laudis

1685 1773 1814 1825 baud
1831 1777 2081 1828 minimam
2096 1779 2276 1832 venire.
2342 1783 2442 1844 Ego
2466 1781 2594 1832 enim
2612 1782 2655 1834 si
2677 1783 2906 1836 alimenta
2927 1785 2991 1837 ad
3010 1800 3093 1838 eos
3110 1789 3245 1841 nulla

1688 1867 1991 1920 advexissem
2002 1907 2019 1933 ,
2061 1871 2256 1922 tantum
2283 1871 2514 1924 abfuisset
2540 1875 2593 1926 ut
2610 1875 2671 1926 de
2686 1878 2980 1930 restituenda
3000 1879 3245 1944 republica

1689 1961 1983 2026 cogitarent,
2007 1963 2063 2012 ut
2094 1963 2254 2028 potius
2283 1978 2345 2016 ne
2380 1979 2521 2018 suam
2542 1967 2635 2032 ipsi
2658 1969 2859 2033 quidem
2874 1972 3078 2024 salutem
3096 1977 3244 2042 atque

1688 2054 1838 2105 vitam
1859 2055 1987 2106 tueri
2010 2059 2291 2121 potuissent.
2362 2059 2460 2124 (13)
2483 2063 2607 2120 Quoe
2628 2077 2781 2128 quum
2804 2067 2872 2116 ita
2893 2071 3054 2118 essent
3066 2103 3083 2130 ,
3102 2069 3245 2134 longe

1689 2149 1830 2201 aliter
1864 2163 1925 2201 ac
1948 2165 2251 2214 speraveram
2272 2166 2349 2204 ras
2380 2154 2446 2205 ibi
2470 2158 2643 2222 reperi.
2708 2159 3051 2216 proficiscebar
3072 2179 3245 2232 nempe

1689 2241 1832 2290 Samo
1853 2240 1952 2291 buc
1966 2279 1983 2304 ,
2006 2242 2171 2292 nullus
2184 2242 2411 2296 dubitans
2440 2246 2545 2297 l'ore
2588 2249 2645 2298 ut
2664 2247 2899 2302 industria
2918 2265 3025 2304 mea
3042 2253 3165 2306 bene
3182 2255 3244 2308 de

1690 2327 1828 2378 vobis
1849 2329 2155 2391 promerendi
2177 2334 2368 2396 paratas
2399 2347 2545 2398 penes
2568 2348 2657 2388 vos
2683 2336 2851 2390 laudes
2876 2342 3135 2405 reperiret:
3160 2345 3244 2398 sed

1689 2428 1826 2467 secus
1842 2417 2041 2480 cecidlt;
2060 2419 2405 2484 Quadringenti
2418 2423 2545 2474 enim
2560 2427 2618 2474 ut
2630 2438 2745 2476 cum
2756 2441 2879 2480 nave
2895 2442 2975 2482 me
2990 2434 3243 2496 appulsum

1689 2503 1752 2554 ad
1787 2505 1984 2568 portum
2003 2508 2219 2558 vestrum
2240 2509 2549 2575 audiverant,
2572 2515 2793 2576 protinus
2824 2531 2906 2569 me
2940 2521 3247 2582 requirebant

1689 2593 2037 2658 inventumque
2054 2593 2107 2646 in
2122 2599 2343 2648 senatum
2360 2599 2670 2652 inducebant.
2738 2604 2836 2666 (14)
2855 2605 2929 2656 lbi
2951 2609 3177 2662 Pisander
3194 2611 3245 2664 in

1693 2681 1904 2733 medium
1929 2695 2233 2748 pmgressuse
2274 2705 2299 2730 ιι
2316 2688 2419 2738 Viri
2439 2691 2681 2742 senatores
2710 2691 2887 2758 (inquit
2940 2732 2957 2759 ,
2978 2696 3113 2748 lateri
3134 2713 3243 2751 meo

1691 2772 1852 2821 astans
1863 2771 1902 2835 ),
1932 2785 2023 2838 ego
2055 2773 2192 2826 vebis
2212 2775 2343 2826 hunc
2364 2776 2605 2830 bominem
2630 2778 2815 2844 indico,
2835 2785 2891 2834 ut
2920 2785 3006 2847 qui
3028 2785 3246 2840 hostibus

1691 2859 1932 2911 frumenta
1961 2862 2011 2912 et
2048 2863 2249 2927 remiges
2275 2863 2549 2919 adduxerit.
2566 2886 2591 2911 ν
2674 2870 2861 2928 Quibus
2878 2871 2959 2923 ille
2974 2873 3142 2939 dictis,
3162 2879 3243 2930 to·

1691 2946 1792 2996 tam
1811 2947 2029 3010 protinus
2042 2963 2143 3001 rem
2160 2952 2217 3002 ut
2232 2954 2363 3014 gusta
2380 2952 2539 3006 ruerat
2554 2959 2923 3020 exsequebatur.
2989 2966 3115 3016 'rum
3131 2978 3246 3018 vero

1688 3033 1790 3097 jam
1804 3037 2074 3102 constabat,
2092 3038 2143 3088 iu
2160 3041 2325 3090 castris
2337 3040 2399 3090 ad
2416 3045 2614 3094 Samum
2627 3048 2819 3110 agentes
2834 3061 2865 3098 a
2881 3050 3247 3116 Quadringentis

1692 3123 1961 3176 dissentire.
1997 3126 2095 3190 (15)
2121 3126 2401 3180 Pisandrum
2424 3143 2578 3195 quum
2603 3137 2879 3186 senatorum
2904 3142 3127 3202 permulti
3146 3144 3244 3196 fre·

1693 3211 1816 3262 mita
1832 3213 2167 3276 secundarent,
2182 3215 2309 3266 unde
2322 3229 2409 3280 ego
2428 3221 2635 3270 mortem
2652 3221 2772 3272 mihi
2784 3227 3054 3289 augurabar
3070 3230 3247 3284 instan-

1693 3301 1812 3362 tem,
1834 3301 1998 3352 statim
2024 3301 2087 3352 ad
2106 3314 2242 3354 aram
2268 3308 2430 3356 vestae
2450 3308 2653 3372 supplex
2678 3311 2843 3364 accido
2864 3317 2915 3366 et
2935 3316 3246 3376 simulacrum

1693 3388 1971 3452 amplector.
1989 3390 2045 3441 Id
2060 3391 2195 3456 quod
2208 3394 2406 3445 maximi
2419 3397 2524 3446 tum
2542 3397 2605 3448 ad
2620 3399 2829 3454 salutem
2840 3416 2999 3457 meam
3014 3413 3247 3464 momenti

1695 3476 1812 3539 suit5
1833 3491 1947 3528 nam
1970 3479 2014 3530 si
2048 3493 2128 3531 me
2152 3481 2215 3532 ab
2246 3495 2330 3532 ara
2346 3483 2642 3537 abstractum
2664 3490 2973 3558 occidissent,
2995 3496 3249 3562 impietatis

1693 3577 1804 3630 erga
1818 3566 1933 3618 deos
1946 3571 2213 3622 commissus
2226 3570 2471 3624 infamiam
2484 3574 2573 3639 ipsi
2584 3575 2677 3628 sibi
2690 3582 3064 3650 contraxissent3
3078 3601 3249 3642 verum
3308 3645 3313 3648 ,

1695 3653 1744 3702 1ιί
1767 3653 1949 3717 majore
1964 3656 2085 3719 mei,
2106 3670 2255 3722 quam
2272 3659 2492 3712 homines
2507 3699 2524 3724 ,
2538 3665 2953 3721 commiseratione
2968 3673 3089 3724 moti
3105 3678 3247 3740 sunt,

1695 3741 1870 3806 q'uippe
1886 3744 1972 3806 qui
1995 3745 2215 3808 spiritum
2234 3745 2365 3798 bunc
2382 3754 2745 3817 conservarunt,
2770 3768 2918 3818 quem
2943 3758 3163 3814 homines
3178 3763 3247 3816 illi

1694 3829 1987 3882 exstinctum
2006 3831 2159 3884 ibant.
2227 3837 2359 3893 Quas
2370 3838 2534 3888 autem
2549 3845 2849 3906 quantasque
2864 3845 3107 3900 molestias
3122 3853 3250 3916 post-

1696 3916 1890 3968 modum
1918 3931 1949 3968 a
1974 3920 2179 3971 vinculis
2202 3922 2523 3988 toleraverim,
2542 3926 2737 3990 longum
2758 3930 2821 3982 sit
2846 3945 3084 3988 enarras.
3148 3941 3249 4004 (ts)

1693 4005 1897 4056 Devenit
1913 4007 2069 4057 oratio
2092 4021 2201 4058 mea
2230 4009 2279 4058 in
2300 4011 2463 4062 locum
2478 4013 2776 4080 luctuosum,
2795 4022 2853 4069 ut
2874 4033 3002 4086 soepe
3022 4038 3103 4076 me
3126 4041 3249 4078 mem

1694 4094 1836 4144 sortis
1847 4095 2099 4146 misertum
2117 4096 2263 4147 ruerit
2282 4110 2477 4161 prorsus
2494 4102 2813 4157 lamentabilis
2834 4127 2847 4158 ι
2868 4122 2963 4172 qua
2980 4113 3109 4164 enim
3128 4116 3177 4164 in
3196 4129 3249 4168 re

1695 4183 1901 4246 populns
1913 4182 2138 4245 iniuriam
2152 4184 2405 4236 videbatur
2418 4189 2650 4254 accipere,
2669 4205 2727 4242 ea
2740 4195 2880 4247 resin
2892 4199 3019 4249 mala
3036 4215 3115 4254 me
3130 4216 3248 4256 con-

1692 4270 1840 4334 jecit;
1865 4284 2035 4322 rursus
2054 4272 2175 4322 illud
2198 4272 2326 4324 idem
2351 4277 2762 4345 emolumentum,
2790 4296 2891 4346 quo
2912 4290 3145 4352 populum
3166 4307 3249 4344 or-

1697 4371 1924 4409 naver-am
1941 4397 1957 4423 ‚
1990 4373 2159 4424 parum
2178 4363 2335 4414 abfuit
2352 4363 2469 4427 quin
2490 4367 2675 4429 pestem
2702 4370 2823 4421 mihi
2844 4373 3057 4428 afferret.
3118 4383 3251 4436 Adeo

1696 4447 1874 4498 clausa}
1887 4448 2003 4498 mihi
2019 4461 2186 4500 omnes
2202 4451 2339 4500 erant
2349 4450 2412 4501 ad
2428 4453 2553 4504 bene
2564 4458 2851 4518 sperandum
2866 4463 2977 4515 vias.
3046 4469 3253 4536 Quoquo

1697 4535 1826 4586 enim
1851 4549 1931 4586 me
1962 4538 2197 4589 verterem
2212 4574 2227 4602 ‚
2256 4538 2323 4588 ibi
2349 4541 2531 4592 malum
2564 4545 2685 4595 milii
2718 4553 2939 4610 paratum
2976 4559 3249 4614 cernebam.

1697 4624 1790 4678 sed
1815 4624 1890 4676 bis
1920 4639 2117 4690 quoque
2138 4628 2283 4678 tantis
2308 4630 2447 4681 malis
2464 4631 2661 4684 tandem
2686 4635 2942 4704 liberatus,
2968 4644 3085 4696 nihil
3102 4647 3252 4701 habui

1700 4713 1965 4778 antiquius,
1985 4728 2132 4778 quam
2153 4719 2209 4768 ut
2232 4730 2383 4782 remp.
2404 4710 2635 4772 beneficio
2654 4727 2864 4787 quodam
2885 4742 3126 4786 ornarem.

1766 4812 1838 4859 17.
1871 4809 2020 4858 Decet
2037 4809 2201 4858 autem
2226 4822 2338 4874 vos,
2359 4811 2695 4876 Athenienses,
2722 4820 3023 4876 considerare
3034 4861 3051 4889 ,
3070 4833 3253 4891 quanto

1699 4898 1807 4972 baec
1820 4933 1929 4972 mea
1945 4921 2008 4971 ab
2024 4922 2229 4973 aliorum
2246 4923 2519 4976 ministeriis
2532 4925 2772 4982 disserant.
2790 4934 2981 4986 civium
3000 4939 3127 4991 enlm
3146 4945 3253 5007 qui-

1699 5046 1908 5097 cumque
1928 5034 2115 5096 negotia
2130 5036 2288 5086 vestra
2302 5035 2563 5088 tractantes
2581 5042 2807 5104 pecunias
2824 5045 2959 5098 vobis
2975 5049 3252 5120 conficiunt,

1701 5150 1818 5187 num
1838 5136 1973 5187 aliud
2002 5137 2119 5200 quid
2144 5151 2290 5203 qnam
2327 5143 2489 5192 vestra
2509 5142 2649 5194 vobis
2664 5143 2813 5196 dant?
2835 5151 2986 5198 Porro
3002 5151 3250 5214 sepiarum

1699 5243 2010 5306 imperatores
2028 5256 2055 5292 e
2078 5244 2197 5308 reip.
2226 5246 2481 5298 commodo
2502 5248 2680 5313 aliquid
2714 5251 2835 5302 bene
2859 5255 3075 5316 gerentes
3090 5269 3251 5313 nonno

1699 5345 1777 5398 isti
1795 5359 1907 5396 cum
1922 5359 2179 5412 corporum
2192 5349 2466 5403 vestrorum
2478 5353 2667 5406 miseria
2678 5355 2729 5407 et
2739 5356 2963 5423 periculis
2972 5359 3250 5430 puhliciqno
