3825 5842
179 448 377 525 (ιι-»ιη

1141 464 1552 531 ANDoclm's
1595 464 1718 533 ΟΒ.
1753 466 1866 531 ΒΕ
1906 469 2338 531 MYSTERHS.
2426 462 2431 467 ’

3282 486 3355 537 58

183 601 392 680 Τεῦκρος
416 598 472 658 δὲ
489 596 680 679 χιλίας.
765 594 874 657 Καί
907 617 996 673 μοι
1022 594 1174 656 κάλει
1195 595 1391 657 τούτων
1433 596 1550 666 τοὺς
1575 597 1712 682 μάρ-
1799 608 1896 658 cies
1912 607 2046 659 mille
2064 607 2317 658 drachmas
2332 608 2471 673 tulit,
2491 608 2571 659 hic
2582 610 2745 661 autem
2758 611 2892 663 mille
2907 593 3227 663 solummodo.
3247 615 3356 668 cita

179 707 334 765 τυρας.

759 802 1101 851 ΜΑΡΤΥΡΕΣ.

131 944 158 991 5
247 949 314 991 2⁹.
357 926 488 1009 Περὶ
509 925 604 1005 μὲν
631 926 735 985 τῶν
769 934 942 1004 μυστ-η
977 924 1088 1000 ίων,
1113 914 1156 985 ὦ
1197 924 1399 1005 ἄνδρες,
1439 916 1510 984 ῶν
1540 924 1710 985 εἵνεκα

177 1022 206 1087 ἡ
231 1016 422 1086 ἔνδειξις
446 1016 647 1094 ἐγένετο
673 1015 764 1074 καὶ
785 1014 906 1095 περὶ
976 1018 1162 1093 νῦμεῖς
1184 1017 1230 1074 οἱ
1256 1014 1580 1093 μεμυημένοι
1601 1017 1711 1074 εἷσν

178 1104 468 1183 εληλύθατε,
514 1104 876 1165 ἀποδέδεικταί
911 1127 1000 1182 μοι
1041 1106 1112 1171 ὥς
1160 1102 1280 1163 οὔτε
1308 1101 1550 1176 ἠσέὸηκα
1591 1102 1709 1164 οὔτε

178 1192 427 1270 μεμήνυκα
455 1192 576 1275 περὶ
605 1190 804 1260 οὐδενὸς
845 1189 962 1251 οὔτε
1001 1190 1318 1270 ὡμολόγηκα
1364 1190 1486 1271 περὶ
1521 1194 1708 1265 αὐτῶν,

177 1280 278 1341 οὐδὲ
303 1273 406 1340 ἔστι
432 1304 524 1357 μοι
548 1280 844 1361 ἁμάρτημα
870 1277 989 1358 περὶ
1012 1276 1088 1336 τὼ
1117 1277 1218 1337 θεὼ
1245 1277 1362 1337 οὔτε
1405 1281 1576 1357 μεῖζον
1597 1278 1707 1338 οὔτ’

176 1370 364 1431 ἔλαττον
405 1370 522 1430 οὐδὲ
568 1370 644 1430 ἓν.
725 1366 904 1449 Ὅπερ
948 1366 1066 1445 ἐμοὶ
1113 1367 1233 1449 περὶ
1277 1366 1524 1429 πλείστου
1567 1368 1706 1427 ἐστὶν

121 1479 141 1515 'a
177 1462 296 1537 ὑμᾶς
317 1464 504 1519 πεῖσαι.
590 1456 702 1519 Καὶ
725 1456 824 1537 γὰρ
845 1459 893 1516 οἱ
920 1455 1065 1534 λόγοι
1094 1459 1196 1515 τῶν
1217 1454 1522 1537 κατηγόρων
1541 1462 1708 1515 ταῦτα

175 1548 231 1607 τὰ
252 1548 380 1607 δεινὰ
403 1548 496 1608 καὶ
526 1546 764 1630 φρικώδη
789 1542 1124 1625 ἀνωρθίαζον,
1151 1543 1241 1603 καὶ
1270 1544 1454 1624 λόγους
1477 1534 1618 1605 εἷπον
1637 1550 1708 1613 ὣς

174 1638 394 1719 πρότερον
413 1636 601 1718 ἑτέρων
625 1633 965 1715 ἁμαρτόντων
982 1631 1074 1693 καὶ
1100 1632 1470 1707 ἀσεὸησοίντων
1493 1633 1615 1716 περὶ
1631 1632 1706 1693 τὼ

173 1727 288 1799 θεώ,
325 1715 406 1785 οἷα
431 1724 652 1792 ἕκαστος
692 1724 862 1784 αὐτῶν
886 1722 1047 1782 ἔπαθε
1074 1722 1166 1781 καὶ
1208 1723 1524 1803 ἐτιμωρήθη.
1606 1723 1703 1803 (ao)

173 1814 363 1875 Τούτων
390 1805 476 1874 οὖν
511 1813 631 1893 ἐμοὶ
646 1816 749 1872 τῶν
778 1810 944 1889 λόγων
972 1808 1007 1884 ἢ
1035 1814 1139 1870 τῶν
1163 1808 1324 1891 ἔργων
1349 1810 1400 1869 τί
1423 1810 1704 1893 προσήκει,

173 1902 262 1982 ἐγὼ
285 1903 380 1986 γὰρ
403 1902 536 1965 πολὺ
562 1904 766 1982 μᾶλλον
799 1899 1007 1959 ἐκείνων
1052 1901 1330 1980 κατηγορῶ
1363 1897 1453 1959 καὶ
1485 1899 1550 1957 δι’
1579 1900 1706 1959 αὐτὸ

171 1993 304 2051 τοῦτό
333 2016 463 2073 φημι
486 1992 592 2052 δεῖν
617 1988 838 2055 ἐκείνους
863 1986 956 2067 μὲν
977 1986 1295 2066 ἀπολέσθαι,
1321 1986 1704 2061 ὅτιήσέὸησαν,

126 2104 146 2140 ο
170 2080 252 2157 ἐμὲ
275 2080 326 2140 δὲ
343 2081 628 2159 σώζεσθαι,
655 2076 894 2139 ὅτιοῦδὲν
915 2075 1217 2158 ἡμάρτηκα.
1297 2073 1374 2136 *fl
1395 2075 1555 2135 δεινόν
1571 2078 1619 2156 γ’
1640 2076 1704 2137 ἀν

169 2170 241 2241 εἴη
265 2173 306 2229 εἰ
325 2170 434 2247 ἐμοὶ
459 2168 749 2251 ὀργίζοισθε
774 2166 860 2226 ἐπὶ
887 2166 992 2234 τοῖς
1011 2162 1198 2245 ἐτέρων
1224 2164 1589 2246 ἁμαρτήμασι,
1612 2166 1703 2226 καὶ

169 2256 252 2330 τὴν
277 2261 338 2327 εἷς
365 2257 454 2337 ἐμὲ
495 2254 750 2328 διαὸολὴν
779 2254 968 2322 εἰδότες
998 2254 1077 2313 ὅτι
1109 2253 1212 2313 ὑπὸ
1236 2257 1342 2313 τῶν
1368 2256 1567 2336 ἐχθρῶν
1598 2258 1701 2315 τῶν

169 2350 292 2425 ἐμῶν
315 2348 539 2428 λέγεται,
570 2345 797 2429 κρείττω
822 2349 916 2417 τ’ἥς
955 2342 1196 2417 ἀληθείας
1230 2342 1505 2421 ἡγήσεσθε.
1587 2348 1700 2419 Δη-

169 2436 316 2497 >undu
331 2437 428 2519 γὰρ
440 2446 544 2506 τοῖς
559 2437 660 2515 μὲν
682 2431 1011 2515 ἡμαρτηκόσι
1021 2430 1089 2491 τὰ
1109 2436 1324 2511 τοιαῦτα
1341 2430 1700 2513 ἁμαρτήματα

169 2528 248 2584 ιῦκ
263 2525 389 2585 ἔστιν
417 2524 679 2604 ἀπολογία
724 2527 794 2591 ὣς
817 2524 911 2582 οὐκ
951 2520 1231 2593 ἐποίησαν·
1273 2524 1308 2593 ἡ
1335 2519 1436 2601 γὰρ
1476 2524 1702 2601 βάσανος

169 2613 289 2687 ἶεινὴ
313 2615 451 2696 παρὰ
469 2624 578 2683 τοῖς
597 2611 792 2673 εἰδόσιν
809 2634 822 2649 ·
853 2609 970 2689 ἐμοὶ
997 2608 1051 2668 δὲ
1077 2612 1106 2667 ὃ
1133 2607 1344 2689 ἔλεγχος
1371 2608 1580 2681 ἥδιστος
1598 2654 1616 2689 ,
1649 2608 1712 2670 ἐν’

165 2694 227 2769 οἷς
243 2708 376 2782 ὑμῶν
403 2704 546 2763 οὐδέν
567 2726 638 2782 με
653 2703 732 2761 δεῖ
749 2698 990 2777 δεόμενον
1010 2696 1128 2760 οὐδὲ
1159 2696 1572 2779 παραιτούμενον
1597 2722 1702 2758 σω-

107 2805 144 2843 ¹⁵
167 2796 300 2863 θῆναι
314 2794 401 2853 ἐπὶ
424 2790 642 2872 τοιαύτῃ
676 2788 818 2870 αἰτίᾳ
833 2834 850 2863 ,
882 2786 996 2847 ἀλλ’
1017 2786 1298 2866 ἐλέγχοντα
1318 2783 1436 2854 τοὺς
1463 2790 1568 2845 τῶν
1597 2810 1700 2847 κα-

165 2880 373 2963 τηγόρων
396 2880 598 2959 λόγους.
689 2878 780 2957 (at)
801 2874 910 2937 Καὶ
933 2881 1068 2954 ὑμᾶς
1097 2872 1484 2953 ἀναμιμνήσκω
1514 2872 1584 2933 τὰ
1605 2898 1699 2955 γε·-

167 2968 420 3049 γενημένα,
440 2966 624 3037 οἵτινες
643 2966 828 3047 ὅρκους
849 2962 1108 3044 μεγάλως
1122 2961 1406 3041 ὀμόσαντες
1423 2962 1589 3023 οἴσετε
1601 2962 1696 3035 τὴν

165 3058 310 3139 ψῆφον
335 3058 450 3138 περὶ
473 3061 636 3137 ἐμοῦ,
684 3053 776 3115 καὶ
813 3052 1135 3135 ἀρασάμενοι
1161 3050 1255 3120 τὰς
1287 3050 1534 3132 μεγίστας
1569 3052 1698 3135 ἀρὰς

165 3145 268 3221 ὑμῖν
287 3170 339 3205 τε
364 3148 534 3213 αὐτοῖς
575 3144 674 3205 καὶ
699 3142 850 3202 παισὶ
875 3148 983 3208 τοῖς
1027 3138 1292 3221 ὑμετέροις
1314 3142 1506 3215 αὐτῶν,
1529 3134 1564 3213 ἧ
1591 3140 1697 3219 μὴν

163 3235 435 3315 ψηφιεῖσθαι
463 3233 585 3315 περὶ
609 3235 744 3311 ἐμοῦ
774 3228 843 3291 τὰ
883 3228 1092 3307 δίκαια,
1121 3226 1252 3310 πρὸς
1295 3226 1350 3288 δὲ
1383 3226 1580 3297 τούτοις
1602 3254 1695 3307 με·

167 3321 338 3397 grinosa
366 3322 454 3382 καὶ
475 3320 756 3403 ἑωράκατε
787 3326 896 3378 τοῖν
927 3322 1058 3377 θεοῖν
1085 3316 1154 3377 τὰ
1181 3316 1328 3397 ἱερά,
1355 3314 1441 3375 ἵνα
1463 3318 1695 3399 τιμωρή·

167 3432 272 3483 σητε
295 3412 384 3488 μὲν
409 3409 525 3479 τοὺς
545 3407 870 3473 ἀσεὸοῢντας
885 3453 902 3483 ,
936 3405 1132 3479 σώζητε
1159 3404 1214 3463 δὲ
1234 3402 1354 3471 τοὺς
1377 3402 1538 3481 μηδὲν
1576 3408 1693 3465 ἀδι-

107 3518 144 3554 zu
168 3503 370 3567 ιοῧντας.
448 3501 538 3577 (32)
562 3495 844 3574 Νομίσατε
862 3493 1028 3553 τοίνυν
1044 3492 1292 3570 ἀσέὸημα
1319 3491 1464 3551 οὐδὲν
1480 3492 1694 3553 ἔλαττον

169 3575 278 3645 εἶναι
291 3588 398 3655 τοὺς
413 3588 576 3667 μηδὲν
595 3583 918 3659 ἠδικηκότας
933 3582 1139 3641 ἀσεῧεῖν
1159 3584 1492 3661 καταγνῶναι
1517 3579 1552 3653 ἢ
1571 3580 1688 3649 τοὺς

165 3676 452 3751 ἡσεὸηκότας
493 3678 570 3757 μὴ
615 3678 974 3755 τιμωρεῖσθαι.
1054 3671 1212 3733 “ssa-‘r’
1261 3671 1364 3749 ἐγὼ
1393 3674 1514 3747 ὑμῖν
1560 3669 1692 3730 πολὺ

167 3768 336 3841 μᾶλλον
372 3771 472 3827 τῶν
515 3762 831 3844 κατηγόρων
873 3760 1000 3843 πρὸς
1033 3770 1142 3821 τοῖν
1181 3760 1313 3820 θεοῖν
1357 3758 1684 3833 ἐπισκήπτω,

168 3855 276 3935 ὑπέρ
295 3880 346 3916 τε
367 3861 465 3916 τῶν
494 3860 652 3937 ἱερῶν
691 3852 726 3911 ἃ
747 3850 936 3924 εἴδετε,
963 3848 1054 3910 καὶ
1077 3848 1211 3930 ὑπὲρ
1226 3852 1329 3907 τῶν
1357 3847 1622 3919 Ἑλλήνων
1645 3846 1695 3907 οἳ

167 3946 415 4026 ἧςὲορτῆς
436 3944 610 4005 ἕνεκεν
642 3942 883 4023 ἔρχονται
905 3940 1078 4019 δεῦρο·
1104 3940 1150 3997 εἶ
1187 3935 1281 4015 μέν
1305 3960 1356 3995 τι
1383 3935 1622 4009 ἡσέὸηκα
1655 3934 1690 4008 ἢ

166 4034 444 4115 ὡμολόγηκα
473 4033 509 4107 ἢ
541 4030 783 4112 ἐμήνυσα
805 4027 944 4089 κατά
969 4050 1104 4093 τινος
1131 4023 1433 4107 ἀνθρώπων,
1458 4023 1494 4097 ἢ
1534 4022 1687 4092 ἄλλος

108 4137 146 4173 ²³
164 4143 228 4187 ’ὡς
243 4123 348 4203 περὶ
371 4126 525 4201 ἐμοῦ,
560 4114 906 4181 ἀποκτείνατέ
926 4138 1018 4193 με·
1045 4116 1103 4175 οὔ
1131 4116 1515 4193 παραιτοῦμαι·
1536 4110 1624 4192 (3.3)
1647 4114 1690 4171 εἰ

166 4208 212 4267 δὲ
234 4212 362 4272 οῦδὲν
383 4207 692 4293 ἡμάρτηταί
721 4230 840 4284 μοι,
885 4202 976 4264 καὶ
997 4208 1150 4262 τοῦτο
1184 4204 1308 4278 ὑμῖν
1350 4199 1690 4279 ἀποδείκνυμι

167 4302 313 4379 σαφῶς
327 4345 343 4373 ,
364 4298 546 4378 δέομαι
567 4299 731 4374 ,ὑμῶν
754 4292 882 4352 αὐτὸ
903 4290 1123 4373 φανερὸν
1157 4294 1265 4357 τοῖς
1289 4284 1523 4359 Ἕλλησι
1557 4296 1691 4348 πᾶσι

166 4392 370 4467 ποιῆσαι,
388 4392 454 4456 ὣς
475 4387 671 4452 ἀδίκως
687 4386 758 4451 εἷς
780 4380 925 4441 τόνδε
950 4379 1042 4439 τὸν
1063 4381 1239 4456 ἀγῶνα
1259 4376 1536 4447 κατέστην.
1559 4374 1689 4437 Ἐὰν

167 4472 250 4550 γὰρ
279 4476 346 4553 μὴ
373 4474 650 4554 μεταλάὸῃ
678 4472 740 4531 τὸ
776 4468 1014 4547 πέμπτον
1053 4466 1206 4547 μέρος
1233 4470 1336 4525 τῶν
1375 4463 1561 4557 ψήερων
1601 4464 1690 4523 καὶ

170 4564 372 4638 ἀτιμωθῇ
404 4570 432 4625 ὁ
463 4562 687 4631 ἐνδείξας
715 4556 808 4636 ἐμὲ
847 4556 1104 4638 Κηφίσιος
1132 4554 1306 4614 οὑτοσί
1321 4599 1339 4629 ,
1373 4555 1468 4611 οὐκ
1499 4550 1690 4619 ἔξεστιν

170 4652 288 4730 αὐτῷ
310 4633 374 4719 εἷς
409 4653 468 4711 τὸ
497 4652 637 4733 ἱερὸν
663 4652 772 4707 τοῖν
809 4646 942 4705 θεοῖν
985 4642 1232 4721 εἰσιέναι,
1267 4641 1302 4713 ἢ
1333 4644 1688 4702 ἀποθανεῖται.

169 4738 222 4797 Εἰ
251 4734 326 4799 οὖν
351 4744 468 4819 ὑμῖν
495 4742 632 4800 δοκῶ
666 4738 858 4803 ἱκανῶς
881 4734 1000 4814 περὶ
1027 4730 1221 4792 τούτων
1247 4732 1688 4806 ἀπολελογῆσθαι,

117 4837 148 4871 ³¹·
170 4828 405 4899 ἷηλώσατέ
427 4854 515 4909 μοι
533 4876 547 4903 ,
566 4828 656 4887 ἵνα
681 4824 1064 4908 προθυμότερον
1087 4821 1206 4902 περὶ
1229 4822 1332 4879 τῶν
1355 4818 1530 4878 ἄλλων
1565 4822 1690 4875 ἀπο-

169 4916 391 4995 λογῶμαι.
1403 4926 1408 4931 ’

232 5026 292 5067 ai.
329 5006 457 5089 Περὶ
489 5008 662 5066 δὲτῶν
685 5003 1038 5082 ἀναθημάτων
1059 5005 1150 5072 τῆς
1173 5000 1462 5081 περικοπῆς
1489 4992 1691 5065 καὶτῆς

173 5094 425 5170 μηνύσεως,
437 5094 615 5178 ὥσπερ
626 5096 718 5156 καὶ
735 5092 1044 5173 ὑπεσχόμην
1057 5093 1196 5168 ὑμῖν,
1207 5086 1342 5147 οὕτω
1356 5084 1446 5146 καὶ
1460 5081 1684 5153 ποιήσω·

174 5179 216 5247 ἐξ
249 5186 400 5263 ἀρχῆς
445 5183 548 5266 γὰρ
592 5188 727 5263 ὑμᾶς
768 5182 960 5251 διδάξω
1000 5179 1206 5237 ἅπαντα
1231 5176 1300 5234 τὰ
1340 5168 1681 5251 γεγενημένα.

175 5270 363 5345 Ἐπειδὴ
409 5277 638 5355 Τεῦκρος
669 5266 797 5347 ἦλθε
839 5267 1144 5349 Μεγαρόθεν
1183 5266 1360 5325 ἄδειαν
1385 5260 1686 5344 εὑρόμενος,

1799 698 1856 747 ιιι
1879 696 1999 747 mihi
2024 697 2195 747 horum
2210 697 2375 747 testes.

2452 814 2703 865 TESTES.

1859 934 1941 979 29.
1962 930 1991 978 J
1992 940 2072 978 am
2082 927 2143 978 de
2156 928 2396 992 mysteriis
2407 942 2621 993 quorum
2634 943 2779 982 causa
2794 932 2902 983 haec
2914 931 3165 985 delationis
3176 934 3303 986 actio
3312 936 3363 987 in

1797 1012 2121 1062 meintentata
2128 1014 2220 1075 est,
2231 1011 2291 1062 de
2299 1025 2396 1075 qua
2404 1026 2493 1062 vos
2500 1014 2583 1077 qui
2591 1014 2704 1064 oetis
2710 1012 2882 1065 initiati
2893 1016 3135 1080 cognitum
3145 1016 3243 1067 huc
3252 1030 3363 1069 con·

1799 1097 2010 1159 venistis,
2024 1098 2223 1161 planum
2234 1097 2373 1148 vobis
2385 1098 2493 1161 feci,
2509 1112 2585 1149 me
2602 1112 2761 1164 neque
2776 1100 2934 1165 ipsum
2949 1102 3082 1166 impii
3094 1102 3362 1167 quidquam

1797 1179 2090 1232 commisisse
2112 1192 2270 1243 neque
2290 1180 2411 1231 alios
2428 1192 2672 1249 accusasse
2690 1197 2847 1248 neque
2868 1186 3047 1235 fassum
3064 1185 3245 1251 aliquid
3263 1201 3365 1240 esse

1797 1262 1860 1312 de
1869 1274 2113 1326 quoquam
2122 1263 2217 1313 alio
2227 1264 2485 1328 impietatis
2498 1279 2597 1327 reo,
2606 1266 2811 1329 denique
2819 1280 2964 1331 penes
2973 1281 3052 1318 me
3062 1269 3366 1333 culpamesse

1794 1348 1982 1397 nullam
1996 1346 2059 1399 ad
2071 1360 2207 1397 sacra
2228 1349 2426 1397 dearum
2446 1350 2764 1413 pertinentem
2780 1363 2938 1420 neque
2952 1351 3187 1414 maiorem
3208 1364 3367 1414 neque

1795 1430 2050 1481 minorem.
2113 1432 2272 1495 Atque
2288 1432 2382 1481 hoc
2407 1445 2438 1482 a
2456 1444 2535 1483 me
2558 1432 2694 1483 vobis
2710 1433 2988 1497 persuaderi
3006 1434 3186 1485 summi
3200 1434 3324 1485 facio
3344 1454 3360 1485 ε

1797 1511 2072 1567 exsultabat
2102 1515 2298 1579 quidem
2315 1516 2408 1567 hoc
2424 1516 2475 1566 in
2505 1516 2611 1566 loco
2633 1518 2970 1568 accusatorum
3000 1520 3182 1584 oratio,
3200 1522 3364 1572 nescio
3392 1542 3398 1550 ·

1797 1608 1910 1657 quae
1946 1597 2249 1647 formidanda
2287 1601 2436 1662 atque
2470 1598 2719 1649 tremenda
2756 1599 3053 1664 proedicans;
3085 1605 3365 1667 repetenant

1793 1678 1923 1729 enim
1950 1692 2102 1742 quam
2119 1692 2273 1729 saevas
2294 1681 2411 1730 olim
2432 1680 2515 1744 qui
2543 1680 2671 1731 circa
2691 1680 2805 1733 deas
2825 1674 3128 1747 peccassent,
3146 1685 3362 1749 impieta·

1792 1760 1858 1811 tis
1873 1773 2041 1823 poenas
2075 1762 2331 1813 dedissent.
2396 1762 2494 1826 (30)
2516 1766 2699 1813 Harum
2730 1766 2892 1815 autem
2926 1768 3257 1818 narrationum
3278 1768 3365 1819 ho-

1791 1856 2001 1908 rumque
2018 1845 2284 1897 facinorum
2301 1846 2421 1909 quid
2436 1846 2499 1897 ad
2510 1859 2589 1896 me
2605 1848 2845 1910 pertinet?
2864 1850 3019 1901 Multo
3032 1850 3162 1901 enim
3175 1852 3363 1916 aequius

1792 1940 1879 1992 ego
1903 1929 2013 1980 illos
2038 1942 2260 1982 accusem
2273 1968 2288 1994 ,
2318 1932 2369 1983 et
2390 1932 2585 1995 propter
2606 1932 2701 1983 hoc
2722 1932 2881 1999 ipsum
2904 1934 2981 1986 aio
2994 1972 3009 1999 ,
3032 1936 3141 1987 illos
3166 1936 3361 1999 quidem

1792 2013 2019 2075 oportere
2034 2014 2267 2078 supplicio
2284 2015 2417 2077 dari,
2440 2014 2574 2079 quod
2591 2014 2723 2078 impii
2742 2016 2840 2067 sint
2850 2055 2865 2081 ,
2885 2029 2965 2067 me
2982 2031 3041 2068 au
3047 2019 3143 2069 tem
3160 2021 3360 2084 servari,

1794 2094 1927 2158 quod
1954 2095 2073 2146 nihil
2104 2097 2405 2161 deliquerim.
2471 2102 2615 2152 Foret
2642 2101 2811 2165 utique
2844 2102 3102 2169 acerbum,
3130 2103 3171 2153 si
3201 2116 3289 2155 vos
3310 2104 3361 2154 in

1789 2184 1872 2225 me
1892 2174 2126 2226 amviretis
2160 2176 2224 2226 ob
2259 2177 2415 2226 aliena
2444 2177 2619 2228 delicia
2632 2214 2649 2242 ,
2678 2182 2727 2230 et
2758 2181 2930 2231 falsam
2952 2180 3330 2232 criminationem
3343 2218 3359 2245 ,

1789 2265 1940 2317 quam
1958 2252 2020 2302 ab
2036 2252 2244 2305 inimicis
2256 2255 2374 2305 meis
2384 2256 2649 2319 profectam
2666 2256 2816 2307 nostis
2826 2295 2841 2320 ,
2857 2258 2967 2321 plus
2979 2258 3141 2309 valere
3159 2260 3361 2311 veritate

1789 2332 2029 2385 duceretis
2044 2338 2279 2399 oportere.
2310 2336 2485 2399 Liquet
2501 2336 2629 2387 enim
2643 2336 2701 2387 iis
2711 2374 2726 2399 ,
2752 2337 2836 2401 qui
2848 2338 2963 2388 talia
2980 2337 3179 2388 crimina
3192 2353 3360 2390 revera

1789 2414 2153 2477 perpetrarunt,
2170 2414 2222 2464 in
2243 2414 2527 2465 infitiatione
2543 2416 2735 2465 nullum
2752 2428 2855 2466 esse
2876 2417 3163 2481 perfugium.
3198 2420 3360 2469 Manet

1791 2490 1921 2541 enim
1947 2504 2030 2543 cos
2048 2492 2335 2543 scrutinium
2361 2503 2583 2543 severum
2598 2494 2659 2543 ab
2676 2494 2760 2557 iis,
2782 2495 2868 2557 qui
2892 2493 3137 2559 religiones
3162 2508 3252 2546 usu
3270 2510 3359 2547 suo

1791 2572 1960 2623 tenent
1981 2592 1994 2623 :
2030 2572 2149 2623 milii
2182 2586 2301 2623 vero
2321 2573 2609 2623 scrutinium
2628 2576 2703 2624 est
2715 2574 3119 2636 jucundissimum
3134 2613 3150 2640 ,
3187 2576 3273 2627 ubi
3293 2576 3358 2627 ad

1790 2652 1998 2705 salutem
2026 2651 2377 2717 impetrandam
2404 2654 2472 2704 nil
2490 2667 2612 2717 opus
2630 2653 2783 2705 habeo
2804 2668 2893 2707 vos
2917 2668 3087 2720 rogare
3102 2658 3249 2721 atque
3268 2658 3357 2709 de-

1791 2730 1975 2794 precari
1989 2768 2005 2794 ,
2024 2732 2109 2782 sed
2122 2730 2238 2783 satis
2255 2734 2327 2783 est
2342 2733 2622 2796 argumenta
2640 2734 2978 2783 accusatorum
2995 2747 3026 2784 a
3038 2748 3119 2786 me
3131 2736 3329 2787 refutari
3340 2774 3357 2801 ,

1787 2808 1887 2874 (31)
1915 2810 2063 2873 atque
2104 2809 2230 2861 tacta
2257 2810 2398 2860 vobis
2418 2810 2469 2859 in
2494 2811 2779 2861 memoriam
2811 2811 3056 2874 revocari,
3087 2813 3173 2875 qui
3195 2826 3357 2871 sacra-

1785 2888 1956 2938 mento
1973 2888 2271 2939 sanctissimo
2290 2886 2507 2939 obstricti
2543 2887 2606 2940 de
2625 2902 2705 2939 me
2733 2889 2837 2939 sitis
2849 2889 3075 2953 suffragia
3096 2890 3269 2955 laturi,
3308 2895 3359 2945 et

1785 2966 1872 3029 qul
1892 2964 2022 3015 diras
2044 2965 2344 3027 gravissimas
2362 2966 2599 3016 vobismet
2611 2965 2725 3029 ipsis
2740 2968 2791 3017 et
2808 2967 2969 3019 liberis
2984 2968 3157 3019 vestris
3172 2970 3353 3033 impre-

1785 3044 1882 3095 cati
1897 3044 2003 3095 sitis
2020 3044 2109 3094 nisi
2122 3044 2171 3094 iu
2186 3046 2296 3108 jure
2311 3044 2373 3095 de
2384 3058 2463 3095 me
2484 3046 2693 3095 dicundo
2709 3060 2906 3110 aequum
2924 3050 2973 3096 et
2986 3046 3172 3109 iustum
3190 3062 3355 3113 aequa·

1783 3128 1933 3193 mini,
1952 3130 2279 3192 praetereaque
2292 3128 2464 3180 initiati
2481 3129 2585 3179 sitis
2597 3131 2648 3180 et
2665 3129 2867 3181 deorum
2885 3130 3033 3181 sacris
3048 3131 3136 3194 ipsi
3160 3136 3350 3195 specta·

1785 3211 1915 3260 tores
1938 3207 2272 3272 interfueritis,
2293 3209 2429 3260 vobis
2446 3210 2611 3272 itaque
2629 3210 2754 3259 iacta
2765 3208 3070 3260 solummodo
3088 3211 3151 3261 ad
3173 3222 3353 3263 memo-

1781 3287 1904 3337 riam
1922 3288 2190 3338 revocanda
2207 3289 2338 3351 sunt,
2354 3300 2455 3350 quo
2470 3300 2623 3350 quum
2638 3287 2809 3349 impios
2822 3288 3051 3353 puniatis,
3068 3292 3173 3340 tum
3186 3290 3353 3342 inson-

1781 3366 1854 3415 tes
1866 3366 2025 3417 salvos
2044 3367 2298 3429 praestetis.
2364 3366 2465 3429 (32)
2483 3364 2761 3416 Existimate
2775 3366 2936 3429 itaque
2954 3366 3184 3430 flagitium
3202 3370 3353 3423 nihilo

1781 3445 1936 3495 levius
1960 3458 2090 3508 esse,
2117 3446 2157 3497 si
2175 3445 2397 3497 homines
2420 3446 2657 3509 insontes,
2682 3446 2939 3508 impietatis
2956 3448 3023 3498 rei
3053 3450 3194 3512 sacti,
3217 3464 3351 3501 avo·

1779 3525 1854 3576 bis
1880 3524 2281 3590 condemnentur,
2308 3542 2457 3592 quam
2483 3528 2524 3578 si
2545 3541 2715 3578 revera
2739 3528 3087 3581 contaminatos
3108 3531 3353 3595 impietate

1779 3604 1847 3654 nil
1865 3605 2043 3656 curetis
2058 3606 2305 3669 castigare.
2368 3609 2531 3664 Quare
2554 3606 2695 3657 vobis
2723 3620 2809 3670 ego
2830 3606 2987 3657 multo
3003 3610 3153 3659 etiam
3172 3612 3349 3675 magis,

1777 3701 1927 3752 quam
1943 3692 2245 3741 accusatores
2262 3691 2444 3743 iaciunt
2456 3728 2471 3754 ,
2486 3690 2723 3741 demando
2740 3693 2789 3742 et
2804 3706 2887 3755 per
2905 3692 3021 3743 deos
3037 3707 3127 3744 vos
3151 3694 3320 3757 adiuro
3333 3734 3348 3758 ,

1777 3777 1880 3825 tam
1903 3787 2151 3824 sacrorum
2182 3786 2327 3825 eausa
2351 3788 2463 3838 quac
2486 3774 2761 3837 spectastis,
2786 3788 2935 3839 quam
2962 3780 3245 3827 Graecorum
3262 3777 3349 3841 qui

1780 3852 1884 3905 sesti
1913 3852 2059 3915 liujus
2088 3866 2201 3916 ergo
2232 3854 2329 3903 huc
2360 3853 2685 3917 conveniunt,
2713 3854 2797 3917 ut,
2828 3855 2871 3904 si
2904 3854 3022 3918 quid
3048 3856 3252 3919 impium
3268 3869 3348 3906 me

1779 3930 2075 3983 commisisse
2097 3934 2183 3983 aut
2199 3930 2353 3981 aliena
2378 3932 2681 3982 convictione
2704 3932 2791 3981 aut
2821 3934 3030 3982 meamet
3059 3933 3209 3997 ipsius
3228 3947 3348 3984 con-

1775 4006 1980 4063 't'oesione
1997 4012 2267 4063 constiterit
2280 4050 2294 4073 ,
2318 4014 2403 4063 aut
2428 4013 2467 4063 si
2490 4026 2637 4076 quem
2652 4016 2747 4071 'ego
2762 4012 2913 4062 alium
2930 4011 2993 4064 de
3014 4014 3260 4077 impietate
3278 4015 3349 4067 in-

1778 4092 2003 4143 dicavero
2020 4095 2104 4143 aut
2122 4093 2242 4143 alius
2268 4106 2368 4155 me,
2390 4094 2447 4142 ut
2462 4106 2551 4141 vos
2566 4106 2645 4143 me
2658 4094 2763 4142 tum
2792 4092 3045 4154 occidatis;
3074 4094 3143 4142 nil
3171 4090 3347 4152 depre-

1778 4194 1886 4229 cor:
1904 4180 2002 4242 (33)
2018 4180 2092 4230 sin
2108 4180 2270 4227 autem
2291 4176 2407 4226 nihil
2426 4176 2695 4241 hujusmodi
2716 4176 2928 4239 peccavi,
2943 4178 2993 4227 et
3006 4191 3094 4227 vos
3113 4177 3257 4240 hujus
3278 4180 3346 4230 rei

1777 4262 1938 4309 certos
1954 4260 2062 4320 feci,
2078 4260 2184 4308 tum
2204 4272 2321 4321 rogo
2338 4272 2443 4321 vos,
2465 4260 2517 4307 ut
2537 4258 2600 4307 ad
2618 4260 2814 4307 Graecos
2834 4268 3003 4308 omnes
3026 4260 3255 4327 testatum
3272 4262 3347 4311 t'a·

1778 4339 1943 4399 ciatis,
1970 4350 2049 4387 me
2066 4350 2153 4400 per
2174 4337 2309 4387 nefas
2326 4337 2377 4385 in
2402 4338 2497 4386 hoc
2528 4337 2769 4385 certamen
2800 4335 3072 4397 conjectum
3098 4350 3218 4389 esse.
3252 4342 3345 4392 ce·

1779 4417 1958 4480 pluisins
1982 4416 2112 4465 enim
2125 4452 2140 4477 ,
2159 4414 2243 4477 qui
2275 4415 2515 4465 actionem
2544 4413 2849 4465 iudicationis
2874 4414 3001 4464 hanc
3017 4415 3069 4466 in
3088 4429 3169 4466 me
3186 4417 3345 4470 inten-

1777 4503 1876 4563 dit,
1894 4500 1935 4551 si
1961 4500 2179 4563 quintam
2200 4498 2539 4561 suffragiorum
2564 4498 2751 4560 partem
2776 4495 2905 4545 haud
2933 4494 3124 4559 tulerit,
3152 4500 3347 4552 infamia

1777 4584 2041 4645 notabitur,
2067 4596 2221 4646 eoque
2240 4582 2367 4633 sacto
2396 4593 2494 4631 non
2511 4578 2674 4630 licebit
2705 4579 2793 4641 ipsi
2810 4578 2861 4627 in
2880 4579 3116 4642 templum
3144 4579 3347 4631 dearum

1779 4663 1994 4727 ingredi,
2022 4665 2133 4724 aut,
2159 4662 2199 4711 si
2226 4658 2416 4721 fecerit,
2438 4660 2595 4707 morte
2620 4656 2956 4707 mulctabitur.
3032 4658 3215 4716 Quodsi
3246 4659 3346 4720 jam

1779 4747 1916 4797 vobis
1942 4744 2141 4794 videbor
2170 4743 2263 4792 lice
2286 4738 2346 4790 (le
2369 4738 2569 4789 crimine
2593 4737 2643 4787 id
2668 4737 2797 4799 quod
2830 4736 2945 4786 satis
2969 4736 3031 4786 sit
3056 4736 3233 4786 dixisse
3249 4774 3264 4798 ,
3290 4737 3346 4785 si·

1777 4826 1999 4890 &iilic-ate
2021 4823 2071 4872 id
2088 4820 2205 4871 milii
2222 4820 2344 4871 nutu
2359 4855 2374 4875 ‚
2393 4831 2493 4881 quo
2509 4816 2571 4867 (le
2586 4816 2785 4879 reliquis
2801 4828 2997 4879 quoque
3016 4828 3095 4865 me
3112 4815 3204 4865 hoc
3225 4828 3335 4863 con·

1777 4905 2003 4955 fidentius
2022 4914 2238 4965 purgem.

1839 4998 1918 5045 34.
1953 4996 2063 5043 Jam
2082 4991 2143 5040 de
2171 4987 2461 5039 indicatione
2495 4985 2558 5035 ad
2574 4981 2941 5055 simulacrorum
2961 4982 3337 5045 amputationem

1777 5084 2078 5149 pertinente,
2104 5084 2159 5130 ut
2178 5077 2332 5141 recepi
2350 5074 2484 5125 vobis
2509 5074 2779 5133 facturum,
2808 5072 2877 5121 ita
2902 5084 3033 5120 nunc
3064 5069 3231 5117 faciam
3245 5102 3260 5128 ,
3285 5068 3343 5115 nt

1785 5186 1886 5223 rem
1915 5184 1945 5221 a
1977 5168 2210 5233 principio
2246 5166 2356 5216 inde
2395 5164 2549 5214 totam
2582 5160 2846 5212 enarrando
2878 5158 3016 5207 vobis
3057 5168 3338 5218 proponam.

1777 5267 1959 5315 Teucer
1976 5261 2031 5309 ut
2044 5294 2061 5321 ‚
2078 5256 2412 5320 impunitatem
2430 5254 2627 5315 nactus,
2647 5264 2677 5300 a
2696 5252 2881 5311 Megara
2898 5247 2995 5295 huc
3021 5243 3187 5309 rediit,
3206 5245 3257 5296 et
3273 5244 3336 5297 de
