3825 5842
98 1056 159 1104 45

202 483 422 559 [gns—oz)

198 608 325 664 σίων
349 600 639 683 θυγατέρων
668 604 767 683 οὔχ
794 594 898 662 οἶόν
924 624 981 663 τε
1005 602 1119 663 οὔτε
1148 604 1467 675 ποιήσασθαι
1488 605 1605 665 οὔτε
1631 608 1749 666 δοῦ-

196 717 285 751 ναι
306 690 473 753 οὐδενὶ
498 690 644 750 οῦδὲν
670 696 772 750 τῶν
800 695 1001 752 ἑαυτοῦ.
1068 694 1157 771 (os)
1194 696 1399 754 Οὐκοῦν
1436 697 1483 753 εἰ
1506 693 1601 773 μὲν
1632 696 1751 754 ἄνευ

198 786 293 851 τ’ἦς
318 778 531 858 γνησίας
548 779 797 857 θυγατρὸς
824 780 909 838 τὸν
932 778 1144 841 Ἔνδιον
1170 782 1377 863 Πύρρος
1400 784 1623 843 ἐποιεῖτο
1646 784 1752 842 υἱὸν

204 872 374 948 αὑτῷ,
404 866 594 945 ἄκυρος
615 866 679 925 ἂν
702 859 767 939 ἦν
804 869 961 927 αὐτοῦ
988 872 1020 939 ἡ
1054 868 1260 941 ποίησις
1283 868 1420 928 κατὰ
1456 870 1543 929 τὸν
1574 870 1751 949 νόμον·

196 960 243 1015 εἶ
273 956 325 1015 δὲ
352 954 447 1027 τὴν
476 955 736 1035 θυγατέρα
771 955 939 1015 ἐδίδου
966 956 1058 1015 καὶ
1086 957 1174 1016 ἐπὶ
1201 956 1368 1037 τούτῳ
1405 960 1753 1037 ποιησάμενος

196 1046 471 1117 κατέλιπε,
496 1046 608 1109 πῶς
632 1042 695 1100 ἂν
720 1046 865 1118 ὑμεῖς
896 1043 1211 1126 ἐπετρέψατε
1245 1046 1653 1120 ἐπιδικάζεσθαι,
1676 1048 1751 1107 τὼ

194 1140 285 1193 τοῦ
310 1132 521 1212 Πύρρου
544 1130 667 1190 θείω
682 1177 699 1209 ,
720 1132 807 1189 τὸν
822 1127 1035 1192 Ἕνδιον
1054 1137 1145 1193 τοῦ
1174 1131 1387 1214 Πύρρου
1407 1134 1601 1216 κλήρου
1627 1134 1749 1195 ἄνευ

194 1228 285 1293 τῆς
310 1221 527 1301 γνησίας
564 1220 845 1302 θυγατρός,
870 1224 915 1280 εἰ
939 1213 1005 1293 ἦν
1036 1221 1247 1303 ἐκείνῳ,
1275 1224 1445 1291 ἄλλως
1484 1248 1539 1283 τε
1575 1226 1620 1283 εἰ
1661 1225 1749 1284 καὶ

195 1308 593 1390 ἐμαρτυρήσατε
622 1312 690 1376 ὡς
711 1308 1002 1391 ἐπέσκηψεν
1031 1312 1151 1386 ὑμῖν
1177 1315 1204 1369 ὁ
1232 1311 1532 1391 ἀδελφιδοῦς
1569 1313 1749 1390 ἐπιμε-

194 1402 393 1460 λεῖσθαι
412 1396 705 1457 τούτουτοῧ
722 1396 932 1458 παιδίου
947 1418 966 1475 ;
996 1397 1087 1477 (70)
1104 1398 1243 1458 Ἀλλ’
1256 1388 1301 1457 ὦ
1316 1399 1475 1476 ’γαθέ,
1490 1394 1640 1460 τοῦτο
1656 1400 1750 1477 μὲν

194 1486 284 1547 καὶ
300 1489 479 1546 λαθεῖν
508 1485 721 1566 φήσαιτ’
750 1484 813 1544 ἂν
840 1488 993 1564 ῧμᾶς·
1022 1484 1107 1544 ὅτε
1132 1488 1179 1544 δ’
1202 1485 1385 1563 ἐνεγύα
1409 1486 1500 1545 καὶ
1528 1487 1750 1555 ἐξεδίδου

194 1582 223 1634 ὁ
247 1574 453 1643 Ἔνδιος
492 1573 589 1646 τὴν
619 1576 871 1653 γυναῖκα,
906 1573 1215 1654 ἐπετρέπετε
1245 1574 1389 1650 ὑμεῖς
1417 1577 1464 1632 οἱ
1494 1579 1617 1634 θεῖοι
1655 1574 1749 1646 τὴν

192 1670 281 1723 τοῦ
310 1662 592 1744 fleckeisen·
615 1668 705 1720 τοῦ
732 1662 981 1742 ὑμετέρου
1008 1664 1179 1720 αὐτῶν
1200 1666 1269 1729 ὡς
1292 1661 1345 1730 ἐξ
1368 1650 1577 1743 ἑταίρας
1592 1654 1748 1722 οὖσαν

192 1750 369 1831 ἐκείνῳ
394 1754 685 1830 ἐγγυᾶσθαι
703 1795 721 1827 ,
742 1750 915 1818 ἄλλως
931 1774 987 1809 τε
1006 1749 1097 1809 καὶ
1118 1750 1505 1831 παραγενέσθαι
1527 1750 1749 1833 φάσκον-

190 1865 299 1914 τες,
329 1838 419 1898 ὅτε
455 1844 485 1898 ὁ
520 1840 823 1920 ἀδελφιδοῦς
852 1842 997 1915 ὑμῶν
1033 1840 1279 1917 ἐνεγυᾶτο
1300 1837 1394 1909 τὴν
1425 1838 1627 1920 μητέρα
1654 1839 1750 1911 τὴν

190 1928 379 2001 ταύτης
408 1926 553 1986 κατὰ
568 1926 758 2005 νόμους
786 1926 916 1995 ἕξειν
938 1926 1159 2006 γυναῖκα
1174 1970 1193 2002 ,
1218 1925 1296 1985 ἔτι
1318 1924 1373 1985 δὲ
1396 1926 1486 1985 καὶ
1509 1928 1560 1985 ἐν
1580 1930 1645 2005 τῇ
1666 1928 1748 1985 δε-

192 2016 321 2094 κάτῃ
347 2020 419 2095 τῇ
456 2016 653 2086 ταύτης
686 2014 959 2086 κληθέντες
992 2018 1389 2087 συνεστιᾶσθαις
1474 2017 1563 2093 (71)
1607 2014 1749 2095 Πρὸς

192 2104 245 2163 δὲ
279 2101 479 2169 τούτοις
514 2100 689 2179 (τουτὶ
716 2100 821 2181 γὰρ
848 2101 905 2161 τὸ
940 2100 1101 2161 δεινόν
1130 2098 1297 2181 ἐστιν)
1327 2102 1617 2182 ἐπισκῆψαι
1647 2101 1746 2182 φά-

192 2216 395 2259 σκοντες
440 2194 567 2268 ὑμῖν
598 2188 687 2249 τὸν
714 2190 1016 2271 ἀδελφιδοῦν
1059 2192 1415 2267 ἐπιμελεῖσθαι
1447 2188 1628 2251 τούτου
1656 2196 1749 2249 τοῦ

190 2278 430 2356 παιδίου,
456 2277 621 2345 οὕτως
646 2278 1001 2355 ἐπεμελήθητε
1022 2275 1149 2336 ὥστ’
1179 2279 1334 2337 ἐᾶσαι
1364 2280 1435 2345 ὡς
1456 2276 1509 2343 ἐξ
1542 2277 1749 2359 ἑταίρας

126 2387 167 2425 ιο
192 2359 347 2427 οὖσαν
370 2366 538 2437 αὐτὴν
563 2368 868 2444 ἐγγυᾶσθαι,
890 2366 1061 2433 ἄλλως
1082 2388 1137 2425 τε
1158 2366 1247 2425 καὶ
1277 2364 1499 2446 ἔχουσαν
1522 2365 1747 2443 τοῦνομα

188 2459 275 2527 τῆς
296 2453 553 2535 ὑμετέρας
576 2456 745 2513 αὐτῶν
780 2454 1003 2533 ἀδελφῆς
1020 2499 1037 2532 ,
1059 2456 1129 2521 ὡς
1146 2455 1510 2537 ἐμαρτυρεῖτε;

262 2564 334 2605 72.
380 2544 487 2602 Ἐκ
521 2541 690 2601 τοίνυν
714 2540 927 2615 τούτων,
951 2529 995 2599 ὦ
1033 2540 1239 2622 ἄνδρες,
1268 2541 1359 2600 καὶ
1383 2541 1435 2609 ἐξ
1468 2544 1625 2600 αὐτοῦ
1656 2546 1747 2600 τοῦ

186 2632 496 2712 πράγματος
539 2628 709 2712 ῥᾴδιόν
752 2632 861 2689 ἐστι
894 2633 1089 2709 γνῶναι
1126 2627 1245 2688 ὅσον
1285 2628 1747 2708 ἀναισχυντότατοι

185 2719 471 2801 ἀνθρώπων
508 2719 639 2777 εἰσὶν
664 2709 821 2779 οὗτοι.
902 2718 1057 2786 Τίνος
1088 2716 1189 2798 γὰρ
1216 2716 1385 2791 ἕνεκα,
1407 2721 1451 2777 εἶ
1471 2710 1534 2791 ἦν
1558 2717 1747 2797 γνησία

184 2808 417 2887 θυγάτηρ
437 2810 517 2885 τῷ
535 2804 777 2887 ἡμετέρῳ
794 2805 913 2887 θείῳ
932 2802 1376 2881 καταλειπομένη,
1401 2805 1748 2883 ποιησάμενος

183 2903 209 2957 δ
228 2902 357 2963 θεῖος
376 2893 626 2955 κατέλιπε
650 2893 736 2953 τὸν
761 2896 885 2971 ἐμὸν
911 2892 1131 2975 ἀδελφὸν
1179 2893 1286 2951 υἱὸν
1308 2896 1506 2973 ἑαυτῷ;
1531 2892 1746 2973 πότερον

120 3007 161 3045 ιε
182 2984 255 3043 ὅτι
287 2982 649 3065 προσήκοντες
677 2984 819 3063 αὐτῷ
838 2981 1096 3064 ἐγγυτέρω
1117 2980 1293 3060 γένους
1312 2984 1463 3059 ἡμῶν
1489 2973 1621 3054 ἦσαν
1645 2982 1743 3041 ἄλ-

182 3076 286 3147 λοι,
307 3072 401 3141 οὓς
427 3070 738 3152 βουλόμενος
761 3070 853 3143 τὴν
877 3069 1205 3130 ἐπιδικασίαν
1224 3074 1317 3143 τῆς
1342 3068 1590 3151 θυγατρὸς
1613 3072 1747 3129 ἄπο-

182 3165 439 3242 στερῆσαι
453 3204 473 3235 ,
498 3162 721 3220 ἐποιεῖτο
758 3158 845 3219 τὸν
870 3160 1087 3241 ἀδελφὸν
1117 3158 1224 3217 υἱὸν
1253 3160 1424 3237 αὓτῷ;
1466 3156 1603 3218 Ἀλλ’
1628 3156 1745 3217 οὔτε

181 3250 387 3329 ἐγένετο
410 3247 523 3309 οὔτ’
563 3247 707 3321 ἔστι,
750 3250 825 3325 μὴ
860 3246 1145 3327 γενομένων
1184 3245 1238 3305 δὲ
1278 3247 1480 3305 παίδων
1520 3246 1743 3325 γνησίων

182 3338 363 3419 ἐκείνῳ
384 3382 403 3415 ,
434 3335 695 3418 ἐγγυτέρω
726 3341 877 3414 ἡμῶν
899 3334 1016 3396 οὐδὲ
1038 3327 1138 3415 εῗςῖ·
1164 3332 1383 3415 ἀδελφὸς
1406 3330 1501 3411 μὲν
1532 3332 1632 3414 γὰρ
1652 3338 1747 3394 οὐκ

180 3420 238 3497 ἦν
267 3429 423 3506 αὐτῷ
450 3425 558 3485 οὐδ’
594 3428 815 3506 ἀδελφοῦ
836 3426 1051 3497 παῖδες,
1074 3426 1133 3482 ἐκ
1157 3420 1211 3480 δὲ
1235 3426 1327 3493 τῆς
1350 3423 1573 3502 ἀδελφῆς
1594 3428 1745 3499 ἡμεῖς

178 3506 306 3592 ἦμεν
334 3518 509 3594 αὖτῷ.
596 3514 693 3594 (7³)
722 3512 879 3573 Ἀλλὰ
900 3511 964 3585 νὴ
985 3512 1088 3572 Δία
1121 3510 1277 3569 ἄλλον
1309 3507 1426 3568 τινὰ
1453 3510 1741 3589 ποιησάμε·

181 3627 253 3670 νος
290 3606 407 3661 τῶν
454 3605 715 3682 συγγενῶν
764 3600 951 3660 ἔδωκεν
998 3598 1061 3658 διν
1104 3596 1243 3678 ἔχειν
1293 3598 1379 3657 τὸν
1431 3599 1621 3678 κλῆρον
1655 3599 1743 3658 καὶ

180 3688 264 3762 τὴν
294 3688 570 3771 θυγατέρα
593 3688 689 3761 τὴν
729 3692 942 3761 ἑαυτοῦ;
972 3687 1081 3749 Καὶ
1102 3690 1151 3745 τί
1185 3686 1337 3745 αὐτὸν
1367 3684 1469 3744 ἔδει
1508 3709 1743 3767 καταφα-

180 3782 267 3846 νῶς
315 3777 417 3836 καὶ
461 3780 655 3858 ὁτῳοῦν
696 3774 1013 3856 ἀπεχθέσθαι
1060 3778 1162 3835 τῶν
1207 3772 1430 3851 οἰκείων,
1487 3773 1619 3847 ἐξόν,
1668 3774 1742 3833 εἴ-

178 3890 269 3947 περ
318 3860 393 3939 ἦν
438 3864 812 3945 ἐγγεγυημένος
859 3862 954 3935 τὴν
1009 3860 1235 3942 ἀδελφὴν
1273 3860 1369 3933 τὴν
1412 3862 1741 3940 Νικοδήμου,

178 3956 264 4026 τὴν
310 3954 583 4035 θυγατέρα
622 3951 719 4025 τὴν
749 3954 806 4011 ἐκ
840 3950 1033 4023 ταύτης
1078 3952 1459 4032 ἄποφανθεῒσαν
1498 3940 1629 4009 εἶναι
1674 3954 1743 4018 εἷς

170 4043 279 4111 τοὺς
310 4042 583 4123 φράτορας
626 4041 955 4118 εἰσαγαγόντι
983 4042 1051 4106 ὡς
1093 4032 1252 4096 οὖσαν
1287 4037 1505 4116 γνησίαν
1542 4041 1739 4119 ἑαυτῷ,

176 4131 254 4188 ἐπὶ
282 4130 492 4189 ἅπαντι
522 4132 599 4210 τῷ
626 4128 805 4208 κλήρῳ
835 4126 1063 4185 ἐπίδικον
1103 4126 1412 4185 καταλιπεῖν
1441 4124 1624 4199 αὗτήν,
1648 4125 1739 4185 καὶ

174 4220 471 4300 ἐπισκῆψαι
503 4220 608 4277 τῶν
638 4214 953 4297 γιγνομένων
975 4219 1067 4286 τῆς
1094 4211 1345 4293 θυγατρὸς
1366 4213 1567 4273 παίδων
1592 4214 1739 4273 εἰσα-

174 4316 355 4386 γαγεῖν
386 4307 499 4365 υἱὸν
521 4308 731 4385 ἔαυτῷς
796 4306 883 4383 (74)
916 4306 1087 4376 Δῆλον
1114 4302 1209 4381 μὲν
1232 4301 1333 4383 γὰρ
1361 4301 1439 4361 ὅτι
1461 4302 1738 4383 ἐπίκληρον

108 4423 153 4465 2³
174 4392 486 4455 καταλιπὼν
517 4392 746 4475 ἄκριὸὦς
769 4392 832 4451 ἂν
862 4392 976 4469 ᾔδει
1003 4390 1082 4450 ὅτι
1117 4393 1254 4451 δυοῖν
1288 4390 1501 4471 θάτερον
1525 4390 1737 4469 ἔμελλεν

176 4484 433 4563 ὑπάρχειν
468 4482 630 4562 αὗτῇ·
656 4480 691 4553 ἢ
716 4479 815 4562 γὰρ
844 4483 995 4559 ἡμῶν
1012 4503 1129 4539 τινα
1148 4484 1253 4538 τῶν
1281 4479 1540 4557 ἐγγύτατα
1566 4477 1739 4557 γένους

176 4570 615 4647 ἐπιδικαάάμενον
640 4568 769 4637 ἕξειν
790 4576 1011 4646 γυναῖκα
1026 4612 1042 4640 ,
1068 4566 1103 4639 ἢ
1133 4570 1178 4626 εἷ
1204 4566 1383 4645 μηδεὶς
1404 4569 1555 4645 ἡμῶν
1586 4566 1739 4625 ἐδού-

175 4660 285 4719 λετο
306 4657 627 4735 λαμβάνειν,
644 4661 749 4715 τῶν
775 4654 921 4714 θείων
938 4652 1055 4714 τινὰ
1079 4652 1275 4713 τούτων
1297 4656 1399 4713 τῶν
1425 4652 1740 4735 μαρτυρούν-

178 4769 290 4820 των,
319 4750 365 4805 εἰ
408 4744 464 4804 δὲ
511 4744 621 4822 μή,
660 4747 763 4802 τῶν
807 4743 978 4802 ἄλλων
1014 4741 1131 4801 τινὰ
1161 4744 1420 4820 συγγενῶν
1446 4740 1535 4800 τὸν
1582 4740 1738 4801 αὐτὸν

178 4834 357 4913 τρόπον
372 4831 498 4915 περὶ
520 4832 696 4904 πάσης
710 4836 801 4904 τῆς
822 4829 999 4897 οὐσίας
1018 4827 1457 4906 ἐπιδικασάμενον
1472 4826 1609 4887 κατὰ
1622 4828 1740 4897 τοὺς

180 4920 355 4998 νόμους
378 4919 513 4991 ἕξειν
540 4918 737 4992 ταύτην
761 4926 1003 4998 γυναῖκα.
1089 4918 1179 4996 (75)
1212 4918 1417 4977 Οὗκοῧν
1442 4919 1500 4975 ἐκ
1527 4914 1621 4993 μὲν
1648 4922 1736 4975 τοῦ

182 5009 266 5081 τὴν
288 5008 553 5092 θυγατέρα
576 5011 647 5077 εἷς
663 5008 778 5075 τοὺς
798 5008 1059 5090 φράτορας
1078 5008 1374 5085 εἷσαγαγεῒν
1393 5004 1483 5065 καὶ
1504 5002 1578 5083 μὴ
1592 5003 1742 5075 ποιή·

118 5130 161 5169 30
184 5106 361 5158 σασθαι
388 5098 478 5157 ιἰὴν
505 5097 631 5175 ἐμὸν
661 5097 880 5178 ἀδελφὸν
902 5096 1181 5174 υἱὸνὲαὓτῷ
1198 5138 1217 5170 ,
1246 5096 1391 5152 ταῦτ’
1424 5092 1487 5151 ἂν
1519 5092 1737 5172 διεπρά-
2727 5176 2738 5189 .
3022 5172 3032 5183 .

184 5182 295 5252 ξατο
309 5210 323 5224 ·
345 5189 403 5247 ἐκ
430 5186 489 5245 δὲ
508 5192 601 5246 τοῦ
623 5190 802 5245 τοῦτον
832 5182 925 5261 μὲν
953 5184 1271 5255 ποιήσασθαι
1289 5226 1305 5259 ,
1327 5178 1423 5253 τὴν
1449 5180 1503 5239 δὲ
1528 5178 1603 5257 μὴ
1627 5181 1739 5238 sio·-
1828 5186 1960 5235 illam
1984 5182 2168 5234 veroin
2189 5181 2442 5244 phratoras
2455 5190 2552 5227 non
2571 5174 2790 5236 induxit,
2811 5175 2935 5223 hanc
2952 5170 3146 5234 quidem
3165 5182 3250 5231 pro
3271 5180 3381 5230 spu-

186 5284 406 5357 αγαγεῐν,
446 5274 547 5347 τὴν
591 5272 687 5352 μὲν
726 5270 899 5353 νόθην,
939 5270 1118 5353 ὥσπερ
1158 5270 1299 5350 αὖτῷ
1338 5272 1602 5348 προσῆκε,
1652 5266 1743 5327 καὶ
1830 5271 1927 5333 ria,
1955 5267 2002 5317 id
2039 5265 2166 5330 quod
2199 5278 2311 5315 eum
2347 5261 2544 5314 decebat
2575 5272 2769 5323 quoque
2809 5258 2990 5317 facere,
3031 5254 3228 5304 fratrem
3267 5264 3380 5299 vero

1099 482 1268 541 lsAE1
1324 482 1447 543 ΟΒ.
1492 482 1593 544 DE
1647 484 1937 545 PYRRHI
1987 486 2500 549 HEREDITATE.

3277 505 3390 557 259

1842 616 2049 669 tiliarum
2081 620 2287 682 legitime
2324 624 2548 672 natarum
2587 624 2766 673 ratione
2799 624 2932 675 nulla
2970 626 3134 677 habita
3183 629 3392 691 aliquem

1838 695 2066 759 adoptare
2088 698 2228 761 eique
2245 700 2370 749 bona
2388 714 2476 749 sua
2493 702 2670 763 legare.
2709 703 2808 764 (69)
2831 702 3014 760 Quodsi
3037 718 3148 767 ergo
3179 707 3392 767 Pyrrhus

1839 774 2048 836 legitima
2069 774 2168 825 tilia
2197 778 2439 839 praeterita
2463 778 2670 828 Endium
2699 779 2973 842 adoptavit,
3006 782 3088 831 lex
3118 783 3248 833 illam
3272 784 3391 833 ado·

1840 852 2102 913 piationem
2123 854 2419 916 illegitimam
2450 855 2711 907 declaravit
2739 858 2848 907 :sin
2871 862 3034 909 autem
3065 860 3213 910 Endio
3244 861 3392 913 tiliam

1839 927 1972 978 dedit
1989 942 2140 993 eaque
2153 931 2424 983 conditione
2443 933 2720 996 adoptatum
2735 936 2788 984 in
2811 936 2947 985 bonis
2961 936 3168 987 Endium
3181 940 3390 1004 reliquit,

1840 1018 1928 1054 cur
1948 1008 2074 1069 passi
2097 1022 2182 1057 vos
2199 1008 2297 1059 duo
2311 1011 2424 1060 estis
2435 1047 2450 1073 ,
2477 1011 2562 1074 qui
2582 1012 2750 1075 Pyrrhi
2769 1014 2934 1063 essetis
2951 1016 3177 1066 avunculi
3189 1059 3204 1081 ‚
3225 1020 3282 1067 ut
3299 1022 3392 1067 En·

1838 1082 1947 1132 dius
1967 1084 2093 1135 bona
2111 1086 2278 1148 Pyrrhi
2302 1100 2330 1137 a
2349 1086 2588 1150 judicibus
2618 1089 2709 1139 sibi
2730 1094 2933 1153 curaretj
2951 1093 3174 1157 attribui,
3203 1096 3390 1147 tametsi

1838 1166 2122 1225 proetensam
2149 1167 2278 1216 illam
2310 1168 2478 1229 Pyrrhi
2499 1168 2644 1219 liliam
2679 1170 2725 1219 in
2755 1172 3116 1222 matrimonium
3149 1174 3280 1224 haud
3299 1174 3389 1224 du·

1838 1246 1997 1293 ceret?
2027 1246 2290 1307 proesertim
2314 1248 2472 1296 testati
2495 1261 2648 1310 quum
2679 1249 2784 1299 sitis
2809 1251 2896 1313 ipsi
2931 1254 3198 1315 Pyrrhum,
3217 1255 3389 1307 sororis

1837 1324 2012 1371 vestra:
2029 1322 2184 1372 lilium
2201 1360 2215 1385 ,
2236 1324 2395 1387 ipsum
2417 1326 2556 1375 vobis
2577 1326 2958 1379 demandassent
2976 1331 3120 1393 hujus
3142 1334 3268 1381 natoe
3289 1346 3388 1383 sum

1838 1410 2004 1447 curam
2024 1398 2292 1451 haberetis?
2317 1402 2415 1465 (7ο)
2438 1404 2499 1452 At
2517 1402 2640 1477 agite
2653 1440 2668 1464 ,
2686 1419 2718 1453 o
2732 1404 2842 1455 boni
2853 1438 2871 1463 ,
2889 1408 3177 1459 excusabitis
3195 1410 3390 1460 forsitan

1837 1475 2204 1527 obliviositatem
2236 1482 2474 1541 vaetram5
2504 1482 2556 1529 at
2581 1481 2760 1531 Endius
2782 1485 2946 1533 tamen
2963 1499 3116 1548 quum
3139 1488 3390 1538 mulierem

1838 1551 2152 1616 desponderet
2163 1557 2310 1618 atque
2327 1557 2552 1617 elocaret,
2567 1572 2654 1607 cur
2669 1561 2774 1609 tum
2788 1573 2876 1611 vos
2887 1563 3163 1624 permisistis
3183 1566 3390 1627 mulieri,

1838 1637 1893 1684 ut
1910 1636 2056 1685 tacita
2083 1640 2132 1686 et
2153 1638 2220 1687 nil
2239 1642 2408 1689 contra
2427 1641 2630 1691 hiscens
2655 1656 2708 1692 se
2729 1646 2972 1706 pateretur
2989 1660 3077 1710 pro
3099 1650 3258 1711 spuria
3277 1653 3392 1712 Pyr-

1838 1714 1912 1764 rhi
1929 1715 2234 1779 desponderi,
2271 1732 2357 1769 vos
2379 1721 2462 1783 qui
2483 1722 2650 1783 Pyrrhi
2667 1725 2892 1775 avunculi
2911 1729 3106 1777 essetis?
3129 1729 3392 1791 prasertim

1836 1810 1990 1860 quum
2015 1798 2100 1861 ipsi
2131 1800 2267 1851 alatis
2288 1814 2376 1851 vos
2398 1803 2590 1854 amiisse
2621 1808 2726 1854 tum
2740 1843 2755 1868 ‚
2780 1821 2934 1870 quum
2958 1809 3169 1872 Pyrrhus
3188 1813 3391 1861 matrem

1840 1881 1982 1942 hujus
2013 1882 2226 1933 mulieris
2257 1888 2310 1935 ut
2332 1886 2590 1949 legitimam
2617 1903 2817 1941 uxorem
2848 1894 2938 1943 sibi
2970 1898 3160 1945 curaret
3185 1894 3388 1959 despon-

1836 1962 2069 2028 dendam,
2094 1967 2144 2015 et
2162 1969 2392 2029 praeterea
2421 1968 2480 2019 iis
2514 1970 2666 2033 epulis
2700 1985 2787 2023 vos
2821 1974 2958 2025 aistis
2983 1975 3213 2026 invitatos
3243 1978 3382 2027 inter·

1836 2048 2007 2112 fuisse,
2043 2064 2157 2112 quae
2186 2051 2264 2101 die
2297 2052 2442 2115 hujus
2477 2054 2590 2105 filiae
2621 2057 2852 2109 nominali
2882 2060 3132 2111 celebratae
3167 2062 3392 2126 fuissent3

1839 2133 1938 2196 (71)
1957 2133 2162 2197 denique
2178 2136 2195 2199 (
2209 2136 2254 2185 id
2271 2138 2399 2200 quod
2412 2138 2723 2191 deterrimum
2737 2144 2835 2207 est)
2853 2144 2944 2207 ipsi
2960 2159 3114 2209 quum
3127 2148 3264 2200 aistis
3281 2152 3391 2213 Pyr·

1837 2220 1980 2271 rhum
2001 2224 2288 2277 morientem
2305 2226 2642 2292 demandasse,
2667 2242 2833 2281 curam
2861 2233 3004 2295 huius
3019 2237 3192 2297 puellae
3219 2239 3276 2286 ut
3296 2236 3419 2286 vel-⁸

1837 2302 1944 2353 letis
1974 2304 2150 2357 habere
2162 2342 2176 2368 ,
2205 2309 2306 2357 tam
2333 2308 2484 2371 probe
2509 2313 2816 2364 consuluistis
2831 2314 2876 2364 ei
2901 2318 2955 2366 ut
2975 2318 3258 2380 pateremini
3284 2332 3392 2370 eam

1837 2398 1925 2447 pro
1947 2387 2108 2449 spuria
2133 2388 2442 2455 desponderi,
2461 2396 2728 2455 proesertim
2747 2410 2858 2459 qum
2883 2401 3061 2451 sororis
3096 2404 3270 2455 vestrae
3299 2417 3390 2455 no·

1836 2478 1950 2515 men
1965 2471 2150 2529 gereret
2165 2505 2180 2529 ,
2199 2472 2257 2520 ut
2279 2470 2367 2533 ipsi
2384 2472 2658 2525 testimonio
2673 2475 2962 2529 affirmastis.

1898 2558 1925 2606 7
1931 2562 1976 2604 2.
2011 2559 2084 2606 Ex
2103 2556 2176 2607 his
2199 2558 2360 2621 itaque
2376 2573 2407 2609 a
2433 2574 2514 2611 me
2531 2560 2671 2614 dictis
2692 2566 2740 2613 et
2760 2578 2822 2615 ex
2839 2568 2942 2617 tota
2965 2582 3108 2619 causa
3125 2570 3264 2621 facile
3285 2586 3388 2635 per·

1835 2642 2003 2701 spectu
2033 2641 2206 2705 cuique
2241 2646 2341 2706 est,
2364 2657 2511 2706 quam
2533 2646 2926 2710 impudentissimi
2959 2652 3055 2704 sint
3078 2653 3128 2702 hi
3161 2654 3387 2705 homines.

1836 2727 2118 2777 Avunculus
2141 2728 2268 2779 enim
2287 2732 2450 2780 noster
2467 2732 2506 2781 si
2529 2731 2676 2798 tiliam
2700 2734 2792 2785 rite
2807 2734 2898 2785 sibi
2911 2740 3076 2789 natam
3099 2740 3389 2805 reliquisset,

1835 2822 1991 2872 ecquo
2021 2812 2216 2863 fratrem
2235 2816 2453 2864 nostrum
2477 2830 2564 2879 pro
2583 2818 2683 2867 filio
2708 2819 2936 2881 adoptato
2957 2820 3004 2870 in
3023 2822 3160 2873 bonis
3177 2827 3390 2890 reliquis·

1834 2893 1939 2941 set?
1962 2891 2136 2943 ldeone
2147 2930 2163 2956 ,
2187 2896 2320 2957 quod
2335 2897 2414 2947 alii
2435 2900 2594 2947 essent
2611 2900 2960 2951 necessitudine
2977 2904 3220 2965 propiores
3243 2920 3389 2970 quam

1835 2990 1950 3040 nos,
1970 2992 2092 3041 quos
2113 2979 2194 3029 ille
2211 2981 2378 3031 volens
2395 2982 2629 3032 facultate
2659 2982 2810 3033 tiliam
2833 2998 2972 3034 suam
2999 2986 3046 3034 in
3061 2988 3170 3049 jnre
3199 2992 3388 3053 petendi

1835 3062 2117 3125 excludere,
2145 3064 2344 3115 fratrem
2367 3068 2584 3115 nostrum
2606 3066 2912 3130 adoptasset?
2931 3072 2993 3119 At
3009 3084 3166 3135 neque
3186 3074 3276 3124 fuit
3298 3085 3388 3125 un·

1834 3161 1982 3210 quam
2001 3148 2346 3210 tilia-eiusmodi
2359 3186 2374 3213 ,
2393 3163 2550 3213 neque
2567 3153 2655 3201 est.
2721 3152 2902 3203 Liberis
2915 3153 3074 3219 itaque
3095 3157 3239 3207 nullis
3263 3159 3389 3222 inge·

1833 3245 1944 3282 uuis
1967 3232 2030 3282 ab
2047 3246 2106 3283 eo
2132 3234 2311 3283 relictis
2323 3271 2338 3297 ,
2359 3247 2502 3285 nemo
2529 3234 2601 3285 illi
2625 3236 2816 3299 propior
2834 3240 2906 3287 est
2922 3252 3072 3301 quam
3089 3253 3176 3292 nos
3192 3255 3360 3295 sumus
3370 3262 3387 3306 ;

1833 3328 1948 3365 nam
1965 3329 2124 3380 neque
2145 3319 2290 3367 frater
2319 3316 2387 3367 illi
2409 3317 2500 3367 tuit
2520 3330 2676 3381 neque
2693 3322 2888 3382 nepotes
2913 3334 2975 3370 ex
3001 3323 3147 3375 fratre
3155 3361 3173 3387 ,
3201 3327 3284 3376 sed
3301 3342 3390 3379 nos

1832 3413 2002 3451 sumus
2023 3414 2083 3451 ex
2106 3401 2209 3464 ejus
2229 3415 2392 3453 sorore
2413 3402 2531 3453 nati.
2568 3403 2666 3467 (73)
2693 3404 2850 3465 Atque
2866 3405 3027 3454 tamen
3047 3406 3232 3458 medius
3248 3407 3389 3460 fidius

1835 3484 2045 3547 Pyrrhus
2057 3486 2204 3535 alium
2224 3500 2252 3535 e
2265 3487 2478 3549 cognatis
2503 3486 2544 3535 si
2563 3486 2861 3551 adoptasset,
2885 3502 2982 3538 una
2996 3501 3108 3539 cum
3127 3491 3389 3543 hereditate

1833 3560 1982 3611 tiliam
2019 3576 2212 3627 quoque
2250 3564 2294 3613 ei
2326 3563 2533 3615 dedisset
2559 3564 2827 3615 habendam
2863 3579 2950 3629 pro
2975 3571 3156 3617 uxore?
3177 3571 3386 3633 Ecquid,

1832 3646 2030 3709 inquam
2043 3684 2059 3709 ,
2076 3646 2321 3709 oportebat
2335 3647 2572 3710 Pyrrhum
2589 3650 2654 3697 ita
2670 3649 2826 3711 palam
2844 3662 3182 3713 quemcunque
3195 3650 3388 3703 tandem

1832 3742 2142 3801 cognatorum
2183 3739 2458 3790 offendere?
2501 3738 2580 3791 cui
2625 3741 2825 3804 licebat,
2860 3741 2900 3791 si
2927 3755 3095 3793 revera
3138 3743 3368 3795 Nicodem

1832 3839 2045 3877 sororem
2075 3828 2166 3878 sibi
2196 3830 2409 3879 curasset
2442 3827 2750 3891 desponderi,
2781 3828 2928 3878 tiliam
2943 3865 2960 3892 ,
2980 3843 3090 3893 quoe
3109 3843 3170 3881 ex
3186 3845 3245 3882 ea
3273 3838 3386 3887 nata

1832 3924 1983 3974 fertur
2003 3936 2130 3986 esse,
2154 3924 2203 3973 in
2224 3924 2472 3985 phratoras
2489 3922 2716 3973 inducere
2743 3923 2797 3971 ut
2815 3935 2876 3972 ex
2898 3935 2949 3972 se
2967 3922 3175 3985 legitime
3191 3928 3354 3977 natam
3368 3966 3382 3991 ,

1830 4012 1879 4059 et
1907 4008 2135 4072 virginem
2170 4006 2394 4059 heredem
2427 4007 2664 4056 universoe
2699 4006 2983 4057 substantiae
3008 4006 3302 4071 relinquere,
3330 4022 3384 4059 ea

1830 4096 1932 4160 lege
1966 4097 2020 4145 ut
2037 4095 2283 4157 proximus
2301 4094 2529 4156 cognatus
2546 4105 2650 4141 eam
2674 4090 2763 4141 sibi
2784 4105 2813 4141 a
2831 4092 3072 4155 judicibus
3091 4095 3280 4143 curaret
3297 4096 3384 4143 ad·

1824 4182 2132 4251 judicandam
2143 4216 2157 4237 ,
2183 4184 2232 4232 et
2267 4194 2296 4231 e
2334 4180 2592 4244 nepotibus
2604 4218 2619 4242 ,
2656 4180 2696 4229 si
2733 4180 2816 4243 qul
2847 4194 2908 4230 ex
2937 4180 3036 4230 filia
3057 4184 3382 4240 nascerentur,

1830 4281 1958 4320 unus
1975 4266 2149 4329 aliquis
2171 4264 2262 4315 sibi
2277 4265 2606 4315 institueretur
2624 4264 2712 4314 filii
2731 4265 2854 4315 loco.
2921 4265 2966 4327 (7
2974 4266 3018 4329 4)
3041 4268 3238 4317 constat
3255 4269 3384 4318 enim

1828 4366 1941 4403 eum
1953 4388 1968 4414 ‚
1984 4350 2181 4401 sitiliam
2199 4348 2424 4399 heredem
2441 4346 2738 4411 reliquisset,
2759 4348 3022 4399 certissime
3036 4350 3280 4413 cognitum
3303 4353 3386 4403 ha-

1828 4434 1986 4485 buisse
1994 4432 2277 4483 alterutrum
2288 4431 2460 4481 horum
2470 4431 2884 4491 esseeventurum,
2897 4431 2954 4480 ut
2965 4432 3050 4480 aut
3059 4434 3290 4491 nostrum,
3301 4435 3385 4497 qui

1828 4517 2106 4582 cognatione
2115 4528 2284 4566 sumus
2296 4514 2520 4578 proximi,
2533 4513 2787 4578 quisquam
2801 4513 2952 4563 tiliam
2971 4513 3104 4563 illam
3115 4528 3251 4565 suam
3267 4530 3384 4566 uxo·

1828 4618 1930 4655 rem
1939 4601 2138 4652 haberet
2145 4600 2233 4651 sibi
2243 4613 2272 4649 a
2278 4597 2518 4662 judicibus
2525 4596 2866 4658 adjudicatam,
2877 4598 2978 4658 aut,
2987 4598 3027 4648 si
3041 4599 3252 4649 nostrum
3263 4601 3384 4662 quis·

1826 4698 1973 4750 quam
1989 4696 2094 4733 eam
2109 4681 2284 4732 ducere
2292 4680 2551 4741 recusaret,
2567 4679 2623 4728 nt
2639 4678 2812 4727 horum
2823 4678 3172 4728 avunculorum
3185 4690 3382 4728 suorum

1826 4774 1964 4836 alter,
1984 4771 2067 4835 qui
2081 4782 2214 4819 nunc
2226 4768 2498 4819 testimonia
2519 4768 2747 4829 proestant
2760 4801 2775 4829 ‚
2795 4766 2882 4815 aut
2901 4764 3201 4827 reliquorum
3214 4776 3383 4825 cogna-

1828 4872 1986 4917 torum
2005 4860 2261 4922 quisquam
2276 4856 2381 4921 pari
2399 4855 2570 4919 modo,
2591 4857 2740 4919 petita
2761 4854 2812 4905 in
2827 4852 2936 4915 iure
2951 4853 3174 4903 universa
3195 4850 3382 4901 heredi-

1826 4948 1953 5007 tate,
1972 4958 2078 4995 eam
2099 4956 2302 4993 uxorem
2322 4940 2536 4991 haberet.
2562 4939 2606 5002 (7
2617 4940 2662 5000 5)
2692 4940 2810 4988 Haec
2827 4937 2908 4987 ille
2936 4934 3234 4999 perfecturus
3251 4934 3382 4993 erat,

1825 5026 1866 5075 si
1885 5024 2030 5073 filiam
2057 5020 2107 5071 in
2125 5021 2374 5083 phratoras
2395 5016 2658 5067 induxisset
2678 5016 2969 5077 fratremque
2989 5024 3152 5063 meum
3175 5024 3264 5073 pro
3284 5009 3382 5058 mio

1828 5107 1956 5157 haud
1974 5106 2244 5169 adoptasset
2267 5124 2278 5153 ι
2305 5116 2362 5152 eo
2381 5102 2543 5151 autem
2556 5098 2687 5163 quod
2709 5100 2904 5147 fratrem
2926 5108 3086 5144 meum
3106 5090 3353 5154 adoptavit
3365 5127 3380 5149 ‚

2995 5390 3052 5428 ¹7.
