3825 5842
538 426 644 478 182

1214 420 1496 484 ΑΥΣΙΟΥ
1534 426 1585 485 Ο
1626 419 1836 489 ΥΠΕΡ
1874 430 2029 495 ΤΩΝ
2074 439 2664 503 ΑΡΙΣΤΟΦΑΝΟΥΣ
2705 444 3154 513 ΧΡΗΜΑΊὩΝ.

3440 462 3690 555 <su—eae)

528 556 695 611 ταῦτα
722 547 936 629 Δήμου,
969 549 1212 629 δεομένου
1235 552 1281 610 δ’
1310 554 1437 629 ἐμοῦ
1454 595 1473 631 ,
1500 552 1703 633 μέλλων
1724 559 1770 615 δ’
1799 557 2079 709 ἅξεῑνῖχρυ·
2170 580 2306 632 cibus
2325 582 2446 633 meis
2465 582 2769 649 adjuvarem,
2793 584 2874 637 ille
2896 602 3011 639 vero
3029 590 3236 655 phialam
3258 609 3456 651 auream
3473 602 3700 668 habitum

528 637 659 712 σίον,
692 636 941 718 τέτταρας
962 637 1017 698 δὲ
1038 646 1172 717 μνᾶς
1186 637 1337 698 τόκον
1353 640 1643 723 λήψεσθαι,
1676 646 1770 705 οὐκ
1798 642 1893 729 ἔφη
1914 670 1940 707 ε
1963 674 2078 730 ναι,

528 730 645 786 ἀλλ’
678 726 854 805 ὤμνυε
895 725 985 785 καὶ
1024 727 1479 808 προσδεδανεῖσθαι
1518 732 1622 799 τοῖς
1658 730 1814 802 ξένοις
1849 736 2080 814 ἄλλοθεν,

524 814 705 888 ἐπειδὴ
736 815 903 889 ἥδιστ’
932 813 995 873 ἂν
1040 813 1325 897 ἀνθρώπων
1360 816 1505 895 ἄγειν
1542 843 1600 879 τε
1634 821 1779 892 εὐθὺς
1818 825 1984 887 έκεῖνο
2016 826 2078 888 τὸ

524 902 787 983 σύμὸολον
807 901 897 963 καὶ
915 901 1239 983 χαρίσασθαι
1256 908 1385 983 ἡμῖν
1407 905 1442 965 ἃ
1469 907 1735 985 ἐδεόμεθα.
1782 912 1874 993 (27)
1894 912 1991 984 Ὡς
2019 914 2074 976 δὲ

522 993 673 1051 ταῦτ’
697 990 834 1051 ἐστὶν
865 992 1062 1067 ἀληθῆ,
1092 990 1360 1075 μάρτυρας
1386 996 1508 1072 ὑμῖν
1534 996 1847 1080 παρέξομαι.

448 1150 502 1189 εο
1126 1146 1471 1199 ΜΑΡΤΥΡΕΣ.

598 1264 727 1334 Ὀτι
747 1272 843 1351 μὲν
868 1268 1035 1333 τοίνυν
1060 1276 1119 1334 οὗ
1139 1274 1415 1337 κατέλιπεν
1440 1276 1807 1364 Ἀριστοφάνης
1830 1280 2074 1367 ἀργύριον

516 1360 631 1420 οὐδὲ
648 1360 882 1443 χρυσίον,
912 1359 1081 1445 ῥᾴδιον
1108 1366 1300 1443 γνῶναι
1326 1366 1387 1426 ἐκ
1417 1368 1520 1426 τῶν
1544 1366 1829 1450 εἰρημένων
1852 1371 1944 1431 καὶ
1973 1395 2071 1449 με-

518 1447 947 1531 μαρτυρημένων·
988 1449 1322 1531 χαλκώματα
1373 1452 1429 1512 δὲ
1474 1450 1746 1533 σύμμικτοι
1796 1458 1851 1515 οὖ
1899 1457 2074 1518 πολλὰ

516 1538 791 1610 ἐκέκτητο·
836 1537 973 1597 ἀλλὰ
1024 1536 1114 1597 καὶ
1150 1536 1225 1599 ὅθ’
1272 1539 1436 1601 εἱστία
1472 1540 1589 1611 τοὺς
1628 1542 1754 1626 παρ’
1798 1546 2072 1629 Εὐαγόρου

514 1623 921 1705 πρεσὸεύοντας,
953 1626 1295 1707 αἰτησάμενος
1322 1628 1601 1711 ἐχρήσατο.
1684 1628 1747 1692 ‘A
1778 1630 1832 1692 δὲ
1859 1634 2070 1695 κατέλι-

515 1734 611 1771 πεν
633 1712 992 1793 ἀναγνώσεται
1018 1718 1160 1793 ὑμῖν.

918 1877 1257 1926 ΑΠΟΓΡΑΦΠ
1290 1880 1415 1927 ΧΡΗ
1422 1880 1651 1929 ΜΑΤΩΝ.

438 2012 491 2052 25
590 2008 661 2053 28.
684 1990 843 2061 Ἴσως
866 1991 1013 2062 ἐνίοις
1032 1998 1196 2072 ὑμῶν,
1216 1984 1261 2055 ὦ
1282 1994 1460 2079 ἄνδρες
1479 1996 1738 2074 δικασταί,
1759 2000 1902 2059 δοκεῖ
1915 1998 2066 2080 ὀλίγα

510 2070 659 2140 εἶναι·
687 2080 805 2140 ἀλλ’
833 2082 996 2142 ἐκεῖνο
1025 2084 1346 2161 ἐνθυμεῖσθε,
1376 2084 1457 2145 ὅτι
1483 2084 1603 2166 πρὶν
1630 2084 1725 2159 τὴν
1758 2088 2061 2168 ναυμαχίαν

510 2172 756 2246 νικῆσαι,
784 2172 853 2246 γῆ
886 2168 980 2247 μὲν
1002 2171 1095 2229 οὔκ
1127 2162 1189 2241 ἦν
1219 2172 1335 2231 ἀλλ’
1365 2170 1400 2244 ἢ
1436 2173 1677 2255 χωρίδιον
1706 2174 1889 2257 μικρὸν
1929 2176 2062 2238 Ῥα-

510 2262 747 2333 μνοῦντι·
794 2254 997 2336 ἐγένετο
1041 2259 1084 2317 δ’
1121 2262 1156 2331 ἡ
1206 2260 1478 2341 ναυμαχία
1521 2262 1602 2319 ἐπ’
1651 2262 1923 2324 Εὖὸούλου
1964 2264 2061 2346 ἄρ-

512 2366 704 2423 χοντος.
790 2344 883 2425 (aa)
918 2344 1010 2406 Ἐν
1035 2336 1122 2405 οὖν
1141 2346 1409 2427 τέτταρσιν
1436 2346 1472 2421 ἢ
1496 2346 1650 2407 πέντε
1677 2346 1845 2428 ἔτεσι,
1871 2352 2060 2431 πρότε-

510 2454 596 2512 ρον
612 2432 685 2509 μὴ
702 2432 1038 2515 ὑπαρχούσης
1058 2434 1249 2507 οὐσίας,
1262 2434 1514 2514 χαλεπόν,
1534 2424 1579 2495 ὦ
1600 2436 1777 2518 ἄνδρες
1802 2437 2062 2512 δικασταί,

507 2520 790 2600 τραγῳδοῖς
827 2543 885 2578 τε
923 2520 998 2587 δὶς
1024 2524 1355 2601 χορηγῆσαι,
1392 2520 1520 2604 ὑπὲρ
1556 2526 1713 2582 αὑτοῦ
1747 2545 1805 2583 τε
1844 2524 1936 2583 καὶ
1971 2529 2061 2585 τοῦ

428 2622 483 2662 30
504 2606 699 2687 πατρός
716 2652 733 2684 ,
759 2606 849 2667 καὶ
870 2606 989 2689 τρία
1018 2607 1108 2681 ἔτη
1130 2614 1357 2691 συνεχῶς
1380 2614 1765 2694 τριηραρχῆσαι
1780 2656 1795 2685 ,
1821 2614 2062 2695 εἰσφοράς

504 2718 559 2754 τε
595 2695 794 2764 πολλὰς
837 2697 1246 2778 εἰσενηνοχέναι,
1279 2696 1444 2759 οἰκίαν
1472 2724 1528 2759 τε
1555 2700 1876 2773 πεντήκοντα
1915 2706 2058 2781 μνῶν

502 2782 785 2861 πρίασθαι,
827 2788 921 2862 γῆς
948 2808 1002 2844 τε
1052 2787 1209 2845 πλέον
1242 2784 1276 2857 ἢ
1304 2786 1580 2868 τριακόσια
1618 2789 1819 2870 πλέθρα
1854 2790 2056 2862 κτήσα-

502 2877 641 2944 σθαι,
668 2870 747 2930 ἔτι
770 2870 825 2930 δὲ
858 2874 985 2953 πρὸς
1001 2872 1200 2941 τούτοις
1228 2873 1423 2934 οἴεσθαι
1441 2880 1633 2957 χρῆναι
1662 2876 1859 2935 ἔπιπλα
1886 2876 2057 2938 πολλὰ

499 2958 953 3019 καταλελοιπέναι.
1062 2960 1153 3041 (3ο)
1205 2961 1342 3022 Ἀλλ’
1370 2964 1477 3022 οὐδ’
1521 2966 1568 3023 οἳ
1610 2964 1778 3023 πάλαι
1817 2964 2057 3027 πλούσιοι

498 3048 760 3114 δοκοῦντες
786 3038 917 3107 εἶναι
952 3047 1069 3117 ἄξια
1096 3048 1249 3128 λόγου
1273 3049 1437 3129 ἔχοιεν
1468 3050 1532 3110 ἂν
1572 3050 1866 3131 ἐξενεγκεῖν·
1896 3053 2056 3114 ἐνίοτε

496 3133 597 3213 γὰρ
642 3137 735 3195 οὐκ
771 3134 932 3212 ἔστιν,
974 3137 1082 3195 οὐδ’
1113 3137 1202 3195 ἐάν
1235 3160 1313 3203 τις
1346 3138 1485 3198 πάνυ
1518 3141 1774 3220 ἐπιθυμῇ,
1802 3140 2054 3222 πρίασθαι

416 3243 469 3284 85
491 3229 708 3283 τοιαῦτα
746 3222 782 3281 ἃ
820 3224 1137 3305 κτησαμένῳ
1180 3227 1250 3292 εἷς
1285 3225 1372 3285 τὸν
1410 3226 1588 3287 λοιπὸν
1632 3228 1817 3309 χρόνον
1862 3227 2052 3303 ἡδονὴν

495 3309 559 3369 ἂν
586 3310 831 3391 παρέχοι.
916 3314 1005 3391 (at)
1038 3311 1196 3371 Ἀλλὰ
1230 3312 1346 3372 τόδε
1383 3318 1643 3377 σκοπεῖτε.
1726 3318 1848 3376 Τῶν
1878 3316 2051 3378 ἄλλων

492 3396 631 3457 ὅσων
650 3394 973 3475 ἐδημεύσατε
990 3400 1244 3479 χρήματα
1258 3446 1277 3479 ‚
1299 3403 1397 3481 οὔχ
1414 3398 1555 3470 ὅπως
1576 3401 1733 3477 σκεύη
1760 3402 2014 3465 ἀπέδοσθε
2029 3452 2046 3483 ,

493 3484 630 3543 ἀλλὰ
662 3486 753 3545 καὶ
795 3488 850 3545 αἱ
880 3484 1031 3565 θύραι
1073 3486 1178 3545 ἀπὸ
1206 3492 1310 3546 τῶν
1349 3490 1649 3567 οἰκημάτων
1697 3493 2046 3574 ἀφηρπάσθη-

494 3595 607 3632 σαν·
660 3576 812 3650 ἡμεῖς
858 3572 912 3633 δὲ
958 3572 1060 3648 ἤδη
1104 3574 1502 3655 δεδημευμένων
1549 3578 1640 3638 καὶ
1688 3578 2048 3653 ἐξεληλυθυίας

490 3663 584 3731 τῆς
612 3660 739 3737 ἐμῆς
762 3661 986 3743 ἀδελφῆς
1013 3661 1220 3745 φύλακα
1243 3662 1642 3742 κατεστήσαμεν
1663 3668 1727 3746 τῇ
1757 3665 1893 3744 οἰκίᾳ
1914 3711 1932 3740 ,
1958 3664 2045 3726 ἵνα

490 3746 622 3824 μήτε
664 3746 947 3829 θυρώματα
978 3750 1112 3828 μήτε
1152 3754 1337 3829 ἀγγεῖα
1366 3751 1501 3829 μήτε
1528 3751 1657 3813 ἄλλο
1698 3752 1857 3832 μηδὲν
1908 3756 2045 3815 ἀπό-

488 3838 645 3896 λοιτο.
727 3834 973 3898 Ἔπιπλα
998 3836 1053 3897 δὲ
1080 3823 1425 3920 ἀπεφαίνοντο
1455 3838 1612 3899 πλέον
1640 3836 1673 3913 ἢ
1702 3840 1883 3921 χιλίων
1913 3843 2044 3922 δρα-

406 3946 461 3986 ιο
486 3910 660 4003 χμῶν,
680 3922 779 3984 ὅσα
798 3924 997 3993 οὐδενὸς
1015 3925 1217 3986 πώποτ’
1233 3924 1468 3987 ἐλάὸετε.
1492 3928 1584 4009 (aa)
1612 3928 1752 4009 Πρὸς
1771 3928 1827 3988 δὲ
1845 3930 2044 3999 τούτοις

484 4010 575 4071 καὶ
619 4010 869 4094 πρότερον
911 4012 1039 4095 πρὸς
1075 4010 1193 4083 τοὺς
1228 4014 1490 4083 συνδίκους
1529 4015 1620 4075 καὶ
1664 4022 1753 4075 νῦν
1799 4017 2042 4097 ἐθέλομεν

482 4099 655 4159 πίστιν
688 4102 892 4174 δοῦναι,
922 4098 1037 4173 ἥτις
1065 4101 1173 4162 ἐστὶ
1202 4102 1422 4182 μεγίστη
1466 4112 1572 4173 τοῖς
1606 4102 1922 4186 ἀνθρώποις,
1964 4108 2038 4185 μὴ

481 4186 619 4268 ἔχειν
646 4192 750 4248 τῶν
774 4186 1168 4273 Ἀριστοφάνους
1190 4190 1504 4272 χρημάτων,
1535 4192 1829 4273 ὀφείλεσθαι
1857 4195 1911 4253 δὲ
1945 4196 2040 4267 τὴν

483 4284 673 4356 προῖκα
698 4280 791 4349 τῆς
822 4278 1046 4360 ἀδελφῆς
1071 4278 1161 4337 καὶ
1190 4276 1322 4337 ἑπτὰ
1360 4286 1522 4358 μνᾶς,
1554 4278 1613 4349 ἃς
1654 4280 1823 4361 ᾤχετο
1857 4281 2036 4343 λαὸὼν

479 4362 625 4444 παρὰ
652 4366 741 4421 τοῦ
769 4364 964 4445 πατρὸς
991 4370 1081 4423 τοῦ
1106 4368 1255 4443 ἐμοῦ.
1341 4367 1439 4447 (aa)
1470 4369 1593 4435 Πῶς
1622 4366 1683 4427 ἂν
1709 4358 1798 4427 οὗν
1821 4358 1921 4429 εἷεν
1945 4369 2035 4429 ἄν·

480 4454 673 4531 θρωποι
689 4448 1009 4533 ἀθλιώτεροι,
1027 4448 1063 4525 ἢ
1084 4455 1129 4512 εἰ
1145 4452 1212 4513 τὰ
1234 4452 1440 4537 σφέτερ’
1459 4457 1627 4515 αὐτῶν
1648 4457 2036 4528 ἀπολωλεκότες

480 4539 671 4598 δοκοῖεν
699 4538 947 4599 τάκείνων
979 4538 1146 4622 ἔχεως
1174 4540 1250 4604 ⁶0
1279 4544 1335 4603 δὲ
1368 4542 1580 4605 πάντων
1603 4545 1911 4620 δεινότατον,
1936 4546 2032 4621 τὴν

378 4625 704 4710 155ἀδελφὴν
722 4628 1071 4699 ὑποδέξασθαι
1091 4632 1277 4691 παιδία
1292 4629 1516 4713 ἔχουσαν
1538 4632 1733 4705 πολλά,
1756 4633 1847 4694 καὶ
1865 4640 2032 4695 ταῦτα

476 4714 697 4797 τρέφειν,
728 4718 852 4794 μηδ’
881 4716 1067 4786 αὐτοὺς
1094 4718 1307 4800 ἔχοντας
1330 4720 1513 4797 μηδέν,
1543 4720 1633 4783 ἐὰν
1657 4723 1802 4801 ὑμεῖς
1830 4721 1895 4782 τὰ
1924 4722 2030 4783 ὅντ’

478 4803 755 4885 ἀφέλησθε.
842 4803 933 4885 (ει)
954 4806 1098 4889 Φέρε
1122 4806 1251 4889 πρὸς
1272 4812 1399 4868 θεῶν
1419 4808 1745 4887 Ὀλυμπίων·
1770 4808 1906 4869 οὕτω
1928 4809 2030 4892 γὰρ

476 4901 744 4965 σκοπεῖτε,
768 4878 811 4952 ὦ
838 4893 1105 4957 δικασταί.
1166 4894 1239 4957 Ei
1263 4920 1341 4965 τις
1363 4900 1508 4976 ὑμῶν
1536 4897 1688 4977 ἔτυχε
1715 4896 1831 4965 δοὺς
1856 4900 2028 4977 Τιμο-

474 4977 576 5062 θέῳ
617 4984 691 5060 τῷ
734 4979 965 5050 Κόνωνος
1000 4981 1094 5055 τὴν
1134 4982 1389 5066 θυγατέρα
1432 4980 1465 5055 ἢ
1511 4983 1605 5058 τὴν
1648 4984 1895 5068 ἀδελφήν,
1940 4986 2030 5047 καὶ

474 5067 665 5128 ἐκείνου
708 5070 1142 5148 ἀποδημήσαντος
1169 5072 1258 5131 καὶ
1282 5074 1335 5133 ἐν
1360 5070 1579 5154 διαὸολῆ
1605 5072 1880 5151 γενομένου
1907 5076 2028 5147 ἐδη-

416 5174 441 5213 tt
476 5154 640 5234 μεύθη
668 5158 702 5228 ἡ
734 5156 884 5216 οὖσία
904 5202 921 5235 ,
958 5158 1048 5217 καὶ
1085 5158 1158 5238 μὴ
1197 5158 1397 5240 ἐγένετο
1424 5164 1491 5242 τῇ
1533 5160 1683 5221 πόλει
1724 5160 2025 5241 πραθέντων

476 5242 718 5303 ἁπάντων
738 5242 962 5327 τέτταρα
986 5246 1217 5308 τάλαντα
1243 5246 1486 5331 ἀργυρίου
1502 5294 1519 5323 ,
1541 5248 1629 5308 διὰ
1647 5254 1798 5309 τοῦτο
1824 5248 2025 5323 ἠξιοῦτε

2166 656 2216 707 et
2246 659 2575 711 ostentaturus
2598 664 2746 725 atque
2777 666 3022 727 quattuor
3051 668 3209 720 minas
3227 672 3538 732 soeneratums
3561 692 3670 741 esset
3683 728 3698 755 ,

2166 735 2357 797 negavit
2373 736 2536 787 tamen
2555 737 2645 788 sihi
2671 738 2932 803 quidquam
2955 754 3058 795 esse
3076 747 3294 808 pecunia
3307 786 3325 812 ,
3350 752 3435 803 sed
3458 768 3566 809 cum
3581 761 3698 823 jum.

2163 806 2366 871 iurando
2381 811 2461 861 am
2467 813 2644 875 rmavit
2658 827 2712 865 se
2725 827 2756 863 a
2778 818 3037 881 peregrinis
3050 820 3242 875 aliunde
3255 828 3430 879 mutuo
3445 838 3698 898 sumpsisse,

2165 888 2379 937 ceterum
2401 890 2620 940 omnium
2636 891 2964 946 lubentissime
2986 908 3038 947 se
3059 898 3110 949 et
3129 900 3359 953 tesseram
3378 910 3668 971 accepturum
3682 952 3696 977 ,

2164 964 2214 1013 et
2241 963 2294 1014 in
2327 964 2384 1015 iis
2399 979 2512 1029 quas
2531 980 2621 1019 nos
2641 970 2926 1033 rogabamus
2939 976 3130 1036 gratum
3151 976 3415 1034 facturum.
3483 986 3574 1049 (27)
3601 990 3697 1043 llaec

2165 1032 2223 1085 ut
2256 1036 2444 1087 constet
2470 1050 2586 1089 vera
2603 1052 2706 1091 esse
2721 1042 2868 1093 testes
2885 1043 3022 1095 vohis
3037 1046 3320 1111 producam.

2820 1190 3066 1236 usus.

2223 1307 2588 1373 Aristophanem
2611 1313 2756 1378 igitur
2777 1328 2936 1381 neque
2955 1321 3210 1385 argentum
3243 1336 3408 1389 neque
3439 1338 3606 1381 aurum
3633 1346 3694 1384 re-

2162 1392 2356 1456 liquisse
2366 1396 2392 1459 ,⁴
2411 1396 2551 1449 facile
2583 1400 2656 1450 est
2686 1399 2950 1466 intelligere
2984 1418 3050 1456 ex
3079 1406 3220 1459 dictu
3251 1410 3304 1459 et
3329 1411 3532 1465 testam
3589 1418 3700 1469 Vasa

2161 1478 2328 1529 autem
2347 1492 2405 1530 ex
2424 1493 2522 1532 aere
2539 1482 2748 1535 conflata
2769 1498 2868 1537 non
2885 1488 3043 1540 multa
3071 1489 3341 1544 admodum
3370 1497 3605 1562 possedit3
3629 1501 3699 1553 aed

2157 1576 2312 1627 quum
2333 1566 2554 1618 convivio
2570 1572 2762 1635 excepit
2787 1576 3018 1638 Evagoroe
3035 1576 3218 1641 legatos
3229 1614 3246 1642 ‚
3265 1582 3407 1644 plura
3429 1580 3492 1633 ah
3507 1585 3608 1637 aliis
3625 1600 3698 1651 pe·

2155 1646 2546 1785 {ange-mutuatus
2570 1653 2658 1702 est.
2726 1659 2848 1713 Quae
2873 1669 3022 1721 porro
3057 1660 3287 1724 reliquit,
3312 1674 3372 1713 aa
3408 1660 3546 1716 vobis
3563 1668 3698 1721 scriba

2653 1894 2846 1940 mmtx
2881 1897 3202 1945 BONORUM.

2222 2010 2298 2057 28.
2332 2007 2552 2059 Fortasse
2563 2012 2806 2065 nonnullis
2823 2017 3038 2067 vestrum
3055 2017 3162 2069 haec
3176 2019 3404 2073 videntur
3425 2036 3692 2093 paucaesse3

2151 2093 2236 2144 sed
2260 2097 2483 2158 reputate
2511 2098 2804 2163 Nicophemo
2841 2106 2893 2154 et
2925 2105 3260 2173 Aristophani,
3299 2113 3416 2162 ante
3461 2113 3690 2168 victoriam

2152 2182 2398 2245 navalem,
2451 2197 2676 2248 agrorum
2715 2189 2838 2240 nihil
2889 2192 3036 2245 fuisse
3068 2199 3248 2259 praeter
3298 2198 3546 2251 modimm
3579 2204 3690 2254 liha-

2149 2274 2351 2322 mnunte
2373 2273 2598 2337 agellum.
2661 2279 2828 2339 Pugna
2862 2283 3026 2331 autem
3048 2282 3130 2333 illa
3165 2286 3370 2349 contigit
3393 2288 3486 2337 sub
3523 2292 3691 2343 Euhulo

2149 2359 2394 2411 archonte.
2462 2362 2560 2425 (29)
2578 2363 2754 2427 Atqui,
2769 2364 2983 2430 judices,
2998 2368 3126 2419 intra
3142 2374 3384 2435 quattuor
3395 2377 3482 2424 aut
3496 2377 3690 2440 quinque

2148 2460 2298 2498 annos
2337 2448 2478 2513 (nam
2513 2453 2654 2502 antea
2685 2452 2838 2504 nullae
2873 2454 2919 2505 ei
2953 2469 3070 2520 opes
3093 2460 3288 2523 erant),
3333 2476 3488 2525 quum
3510 2464 3692 2517 inludis

2147 2536 2344 2585 scenicis
2367 2540 2587 2601 sumptus
2607 2552 2696 2602 pro
2717 2554 2770 2592 se
2785 2542 2890 2605 ipso
2915 2546 2966 2595 et
2981 2546 3118 2608 patre
3135 2545 3212 2597 his
3233 2548 3432 2613 iecerit,
3449 2564 3596 2614 quum
3617 2568 3688 2617 per

2147 2623 2408 2685 triennium
2432 2627 2715 2678 continuum
2745 2630 2931 2681 triremi
2948 2634 3223 2698 praefuetit,
3253 2637 3414 2689 multa
3433 2640 3606 2691 tributa
3624 2642 3689 2695 de-
3777 2668 3779 2713 ;

2145 2711 2387 2775 penderit,
2411 2713 2540 2766 oedes
2555 2716 2871 2781 quadraginta
2891 2721 3036 2771 minis
3057 2724 3256 2787 emerit,
3279 2728 3331 2776 et
3355 2740 3574 2790 agrorum
3597 2731 3690 2793 plus

2143 2818 2289 2869 quam
2311 2808 2524 2858 trecenta
2537 2811 2704 2873 jugera
2720 2814 3095 2880 comparaverit,
3121 2816 3408 2871 existimatu
3429 2822 3614 2875 difficile
3627 2828 3688 2876 ent

3777 2716 3779 2743 4

3777 2756 3779 2797 ί

3777 2810 3779 2843 ί

3777 2846 3779 2897 1

2145 2904 2348 2955 multam
2379 2904 2442 2955 ah
2474 2919 2534 2956 eo
2577 2907 2922 2971 supellectilem
2949 2912 3172 2965 debuisse
3209 2917 3436 2981 relinqui.
3503 2922 3594 2985 (³0)
3633 2924 3688 2973 at
3777 2944 3779 2993 f

2141 3007 2300 3058 neque
2324 2995 2394 3046 illi
2428 2997 2516 3061 qui
2549 2998 2652 3061 iam
2675 3012 2704 3048 a
2732 3002 2998 3063 majoribus
3017 3004 3190 3057 divites
3211 3020 3315 3058 ease
3349 3012 3682 3075 existimantur,

2141 3087 2317 3139 horum
2335 3089 2602 3155 quidquam
2615 3094 2815 3144 maximi
2827 3096 2966 3158 pretii
2984 3099 3198 3160 proferre
3214 3102 3416 3164 possint.
3437 3104 3682 3168 Aliquando

2137 3178 2268 3230 enim
2279 3218 2294 3244 ,
2311 3180 2495 3233 etiamsi
2507 3182 2615 3247 quis
2633 3186 2843 3237 maxime
2851 3188 2970 3238 velit
2981 3225 2997 3251 ,
3013 3200 3108 3239 non
3127 3193 3276 3254 possit
3291 3194 3408 3244 talia
3421 3206 3574 3247 emere
3587 3210 3682 3261 quae

2137 3273 2396 3336 possidenti
2425 3276 2512 3326 sibi
2535 3276 2587 3327 ln
2619 3280 2866 3341 posterum
2887 3282 3258 3339 oblectationem
3281 3286 3503 3338 aflerant.
3594 3288 3680 3351 (31)

2135 3367 2318 3416 Verum
2337 3368 2387 3417 et
2409 3367 2504 3419 hoo
2525 3368 2908 3423 animadvertite.
2939 3374 3222 3426 Ceterorum
3244 3390 3454 3440 quorum
3479 3380 3676 3444 publica-

2134 3458 2220 3509 stis
2233 3458 2375 3524 bona,
2390 3462 2580 3513 tantum
2593 3462 2760 3515 aberat
2773 3466 2829 3515 ut
2851 3455 3202 3529 supellectilem
3225 3470 3375 3521 modo
3399 3472 3649 3525 vender-etis
3659 3513 3672 3539 ,

2136 3552 2191 3601 ut
2213 3552 2359 3603 etiam
2376 3554 2502 3605 rores
2519 3555 2697 3606 aedium
2716 3556 3063 3621 abriperentur.
3099 3564 3197 3624 Ego
3215 3564 3378 3613 autem
3391 3602 3409 3628 ,
3423 3564 3556 3617 bonis
3576 3544 3672 3618 An'ss

2133 3644 2380 3707 stephanis
2409 3644 2511 3709 iam
2537 3648 2815 3712 publicatis,
2843 3652 2897 3701 et
2932 3664 3118 3715 egressa
3152 3667 3315 3705 sorore
3337 3670 3476 3721 mea,
3507 3658 3672 3711 indibus

2135 3738 2356 3791 custodes
2407 3742 2605 3805 apposui
2643 3744 2872 3807 tanquam
2915 3746 3063 3809 meiS,
3105 3749 3162 3798 ut
3205 3762 3364 3813 neque
3413 3752 3556 3816 sores,
3592 3767 3669 3804 ne-

2133 3846 2230 3897 que
2257 3847 2398 3898 vasa,
2425 3849 2584 3901 neque
2618 3838 2752 3888 aliud
2785 3839 3050 3905 quidquam
3087 3842 3376 3895 auferretur.
3444 3848 3668 3911 Descripta

2133 3940 2277 3991 porro
2299 3930 2372 3980 est
2401 3930 2620 3993 supellex
2636 3933 2763 3983 ultra
2786 3932 2918 3984 mille
2938 3932 3219 4000 drachmas,
3243 3940 3477 4003 quantam
3497 3953 3526 3991 a
3547 3941 3666 3991 nullo

2131 4035 2344 4085 unquam
2358 4024 2620 4087 accepistis.
2687 4028 2789 4091 (32)
2809 4030 3010 4092 Insuper
3021 4031 3072 4080 et
3089 4030 3208 4081 olim
3226 4031 3472 4085 voluimus
3487 4036 3536 4085 et
3549 4048 3666 4085 nunc

2129 4115 2353 4169 volumus
2369 4130 2531 4169 coram
2549 4119 2760 4183 syndicis
2785 4120 2931 4172 tidem
2953 4121 3096 4187 dare,
3123 4138 3453 4191 quecumque
3473 4128 3664 4179 maxim

2129 4212 2202 4261 eet
2233 4212 2532 4277 hominihus,
2568 4215 2686 4265 nihil
2719 4228 2810 4267 nos
2839 4230 2903 4267 ex
2937 4216 3267 4282 Aristophanis
3301 4222 3441 4274 honis
3473 4222 3659 4286 hahere,

2125 4306 2211 4356 sed
2243 4306 2406 4358 deberi
2439 4308 2600 4359 adhuc
2624 4311 2802 4362 sororis
2827 4310 2990 4363 dotem
3009 4313 3060 4363 et
3075 4315 3260 4377 septem
3293 4316 3450 4368 minas
3465 4328 3577 4382 quas
3589 4318 3660 4369 flle

2124 4414 2154 4450 a
2178 4404 2314 4465 patre
2339 4416 2450 4454 meo
2471 4406 2723 4457 mutuatus
2751 4408 2841 4457 est.
2907 4406 3007 4471 (33)
3041 4408 3140 4467 Qui
3165 4409 3310 4473 igitur
3330 4410 3434 4463 sint
3464 4413 3658 4463 homines

2123 4498 2260 4550 nohis
2281 4499 2698 4564 infortunatiores,
2723 4512 2872 4565 quam
2889 4501 2928 4553 si
2941 4539 2958 4566 ,
2976 4502 3155 4555 nostris
3176 4504 3388 4570 amissis,
3415 4506 3561 4558 aliem
3585 4506 3654 4557 ha·

2121 4594 2238 4645 here
2255 4594 2538 4646 videamur?
2580 4596 2683 4645 lloc
2720 4606 2841 4646 vero
2871 4594 3017 4648 merit
3048 4598 3266 4649 omnium
3289 4600 3652 4663 acerbissimum,

2121 4703 2293 4755 nempe
2314 4702 2528 4741 sororem
2551 4702 2664 4740 cum
2687 4690 2908 4753 pluribus
2941 4690 3104 4743 liberis
3125 4694 3341 4759 recipere
3373 4698 3424 4747 et
3439 4697 3560 4747 alere
3576 4708 3653 4746 nos

2121 4785 2256 4848 cogi,
2283 4786 2463 4849 quibus
2489 4785 2611 4836 nihil
2652 4786 2900 4851 suppetet,
2937 4786 2979 4839 si
3014 4798 3071 4839 ea
3110 4801 3222 4852 qum
3259 4792 3440 4842 restant
3465 4802 3546 4842 vos
3573 4790 3649 4841 eri·

2119 4880 2274 4943 piatis.
2344 4880 2442 4944 (34)
2471 4880 2608 4945 Agite
2629 4894 2771 4945 vero,
2795 4894 2882 4945 per
2903 4880 3018 4933 deos
3039 4883 3322 4949 Olympios3
3351 4886 3420 4936 sic
3441 4884 3560 4936 mim
3586 4898 3649 4934 re-

2117 4976 2310 5040 putate,
2327 4974 2512 5038 judices
2532 4995 2544 5027 ι
2566 4974 2606 5026 si
2629 4976 2738 5040 quis
2755 4978 2970 5027 vestrum
2993 4977 3277 5042 Timotheo,
3301 4978 3510 5031 cononis
3528 4976 3617 5027 tilio
3631 5012 3646 5038 ,

2117 5070 2266 5121 tiliam
2300 5072 2388 5121 aut
2403 5084 2615 5122 sororem
2640 5071 2869 5123 elom-sset
2883 5109 2898 5135 ,
2924 5072 3125 5137 eiusque
3157 5084 3352 5137 peregre
3384 5069 3571 5136 profecti
3602 5070 3647 5117 et

2115 5167 2166 5216 in
2184 5166 2506 5231 suspicionem
2540 5166 2804 5233 venientis,
2840 5167 2968 5219 hona
3003 5168 3205 5221 ruissent
3224 5168 3491 5234 publicata,
3523 5167 3570 5217 et
3591 5161 3647 5214 ad

2121 5262 2370 5316 civitatem
2381 5300 2398 5331 ,
2418 5263 2673 5316 divenditb
2689 5263 2917 5316 omuibus
2926 5300 2943 5329 ,
2963 5278 3064 5317 non
3077 5265 3326 5320 rediissent
3342 5264 3563 5331 quattuor
3577 5260 3644 5311 ta-
