3825 5842
520 432 628 481 ¹70

511 548 597 607 τὸν
643 545 742 606 ὑπὸ
787 544 996 605 πάντων
1044 541 1559 624 προπηλακιζόμενον
1600 544 1697 601 κᾶν
1744 550 1851 610 τοῖς
1896 544 2059 601 ἱππο-

432 655 486 696 to
512 636 740 705 τοξόταις
762 633 1046 693 ἱππεύοντα
1063 677 1080 706 ,
1109 628 1288 703 ἐπειδὴ
1312 629 1366 690 δὲ
1385 635 1517 709 ὑμᾶς
1542 632 1619 691 δεῖ
1639 631 1786 713 παρὰ
1810 636 1916 691 τῶν
1946 634 2058 692 ἅδι-

511 725 736 784 κούντων
789 722 934 794 δίκην
969 720 1290 799 λαμὸάνειν,
1337 720 1670 802 χαριζόμενοι
1710 726 2059 803 μαρτυροῦσιν

510 816 594 895 ὑφ’
619 816 814 872 ἑαυτῶν
839 810 992 871 αὐτὸν
1019 807 1287 889 τετάχθαι.
1385 810 1573 870 Καίτοι
1595 809 1788 889 δεινόν,
1813 800 1858 869 ὦ
1881 810 2062 891 ἄνδρες

510 900 778 973 δικασταί,
807 898 990 966 αὐτοὺς
1017 897 1112 976 μὲν
1141 897 1257 965 τοὺς
1295 898 1615 977 στρατηγοὺς
1641 895 1740 956 ὑπὸ
1763 903 1854 957 τοῦ
1890 897 2058 976 δήμου

508 988 952 1072 χειροτονηθέντας
969 986 1044 1065 μὴ
1066 986 1130 1047 ἂν
1142 988 1403 1063 τολμῆσαι
1420 985 1667 1069 πρότερον
1681 990 1832 1063 Ιἡμῶν
1849 987 2057 1068 ἡγήσα-

510 1085 661 1155 σθαι,
689 1078 784 1146 ἕως
811 1074 873 1136 ἂν
906 1074 1324 1154 ἐδοκιμάσθησαν
1354 1073 1492 1134 κατὰ
1530 1073 1648 1142 τοὺς
1674 1072 1893 1154 νόμους,
1924 1074 2057 1134 Ἀλ-

507 1166 750 1239 κιὸιάδην
778 1164 831 1224 δὲ
861 1166 1060 1243 τολμᾶν
1088 1161 1237 1245 παρὰ
1267 1160 1384 1231 τοὺς
1407 1166 1499 1235 τῆς
1528 1162 1728 1231 πόλεως
1755 1162 1945 1240 νόμους
1966 1166 2055 1221 ὑπ’

509 1254 679 1314 αὐτῶν
719 1256 994 1334 ταχθῆναι.
1079 1254 1151 1332 (7)
1192 1251 1371 1313 Δεινὸν
1409 1250 1464 1310 δέ
1506 1275 1596 1329 μοι
1639 1252 1778 1311 δοκεῖ
1821 1241 1972 1323 εἶναι,
2012 1240 2058 1311 ὦ

411 1340 689 1423 ί45ἄνδρες
718 1340 990 1415 δικασταί,
1022 1344 1067 1400 εἲ
1093 1344 1197 1400 τῶν
1234 1338 1328 1417 μὲν
1375 1338 1827 1419 δεδοκιμασμένων
1855 1338 2057 1399 ἱππέων

509 1434 603 1491 οὐκ
629 1430 715 1490 ἐπὶ
740 1428 938 1498 τούτοις
976 1429 1115 1489 ἐστὶν
1143 1427 1321 1487 ὅντινα
1363 1428 1636 1507 βούλονται
1665 1426 1814 1487 αὐτοὶ
1843 1430 1914 1495 εἰς
1940 1428 2058 1497 τοὺς

508 1519 723 1587 ὁπλίτας
749 1517 1058 1592 καταλέξαι,
1085 1520 1189 1577 τῶν
1221 1516 1276 1576 δέ
1315 1518 1544 1577 ὁπλιτῶν
1573 1516 1941 1596 ἀδοκιμάστων
1970 1516 2055 1577 ὄν-

507 1632 610 1668 των
647 1607 733 1667 ἐπὶ
759 1606 958 1675 τούτοις
997 1606 1144 1666 ἔσται
1173 1604 1327 1666 ὅντιν’
1361 1602 1424 1665 ἂν
1472 1603 1761 1685 βούλωνται
1797 1606 2054 1668 ἱππεύειν.

509 1699 570 1777 (a)
603 1698 670 1757 Et
716 1694 810 1773 μὲν
846 1695 1046 1768 τοίνυν,
1073 1684 1118 1753 ὦ
1160 1694 1339 1776 ἄνδρες
1391 1692 1660 1769 δικασταί,
1699 1692 1842 1761 ὄντες
1888 1692 2057 1775 κύριοι

505 1786 710 1845 πολλῶν
734 1786 1057 1864 βουλομένων
1077 1782 1274 1860 μηδένα
1288 1787 1392 1842 τῶν
1409 1782 1582 1843 ἄλλων
1596 1780 1832 1842 ἱππεύειν
1851 1780 2056 1861 εἴασαν,

440 1886 467 1928 ⁸
506 1876 600 1934 οὔκ
624 1872 685 1934 ἂν
718 1872 928 1941 δικαίως
967 1872 1260 1954 χαρίζοισθε
1302 1874 1491 1940 αὐτοῖς·
1534 1872 1579 1930 εἰ
1611 1872 1656 1930 δ’
1706 1870 1887 1952 ἄκυροι
1915 1869 2057 1939 ὄντες

504 1961 885 2042 ὁμολογήσουσι
916 1960 1094 2035 τάξαι,
1129 1962 1455 2038 ἐνθυμεῖσθαι
1489 1959 1595 2041 χρὴ
1622 1958 1700 2019 ὅτι
1741 1958 2057 2035 ὀμωμόκατε

504 2049 573 2110 τὰ
595 2050 771 2110 δίκαια
799 2048 1120 2130 γνώσεσθαι,
1150 2046 1272 2107 ἀλλ’
1297 2048 1396 2128 οὔχ
1416 2047 1449 2107 ὅ
1470 2071 1522 2106 τι
1551 2045 1615 2106 ἂν
1647 2037 1787 2106 οὗτοι
1807 2045 2057 2106 κελεύωσι

504 2143 824 2222 ψηφιεῖσθαι,
844 2136 981 2198 ὥστε
1003 2136 1186 2197 οὐδένα
1207 2136 1314 2217 χρὴ
1328 2139 1431 2195 τῶν
1451 2135 1706 2213 δεομένων
1730 2134 1850 2215 περὶ
1877 2132 2057 2193 πλείο-

504 2253 586 2298 νος
617 2232 762 2308 ὑμῶν
806 2230 976 2287 αὐτῶν
1025 2226 1114 2286 καὶ
1153 2229 1258 2284 τῶν
1289 2220 1457 2307 ὅρκων
1489 2224 1766 2284 ποιεῖσθαι.
1854 2224 1916 2301 (a)
1952 2221 2059 2283 Καὶ

505 2317 598 2398 μὲν
628 2316 727 2395 δή,
751 2306 796 2377 ὦ
824 2316 1002 2397 ἄνδρες
1025 2312 1300 2391 δικασταί,
1327 2311 1375 2372 εἴ
1400 2337 1474 2395 τῳ
1503 2312 1642 2371 δοκεῖ
1670 2310 1874 2389 μεγάλη
1897 2316 1933 2383 ἠ
1962 2314 2055 2383 ζη-

505 2405 601 2483 μία
644 2395 778 2464 εἷναι
815 2401 904 2462 καὶ
946 2401 1062 2461 λίαν
1091 2401 1302 2482 ἰσχυρὸς
1345 2404 1374 2459 ὁ
1411 2398 1600 2479 νόμος,
1633 2402 1931 2477 μεμνῆσθαι
1952 2396 2057 2477 χρὴ

503 2494 583 2555 ὅτι
609 2498 667 2555 οὗ
699 2492 1128 2569 νομοθετήσοντες
1156 2488 1278 2571 περὶ
1305 2491 1476 2549 αὐτῶν
1511 2487 1700 2560 ἥκετε,
1738 2484 1876 2545 ἀλλὰ
1921 2485 2057 2545 κατὰ

428 2602 479 2643 10
499 2584 618 2653 τοὺς
643 2582 909 2662 κειμένους
934 2580 1122 2658 νόμους
1144 2575 1514 2660 ψηφιούμενοι,
1537 2574 1655 2635 οὐδὲ
1676 2573 1797 2642 τοὺς
1819 2576 2056 2634 ἀδικοῦν·

503 2696 596 2739 τας
616 2670 942 2749 ἐλεήσοντες,
971 2666 1108 2727 ἀλλὰ
1135 2663 1270 2725 πολὺ
1299 2667 1498 2742 μᾶλλον
1535 2665 1708 2727 αὐτοῖς
1735 2659 2058 2741 ὀργιούμενοι

504 2760 594 2820 καὶ
610 2760 708 2841 ὅλῃ
734 2764 800 2837 τῇ
823 2756 973 2817 πόλει
999 2754 1368 2836 βοηθήσοντες,
1392 2742 1449 2811 εῧ
1472 2749 1662 2817 εἰδότες
1688 2748 1768 2807 ὅτι
1795 2747 1925 2830 ὑπὲρ
1950 2752 2057 2807 τῶν

505 2846 934 2930 παρεληλυθότων
963 2844 1165 2923 ὀλίγους
1197 2838 1622 2919 τιμωρησάμενοι
1653 2834 1876 2905 πολλοὺς
1901 2836 2057 2910 ποιή·

505 2960 621 2996 σετε
643 2931 1022 3015 κοσμιωτέρους
1044 2934 1097 2990 ἐν
1120 2934 1227 2998 τοῖς
1251 2928 1498 3008 μέλλουσι
1525 2925 1856 2986 κινδυνεύειν.
1962 2927 2053 3005 (ιο)

506 3024 624 3107 Χρὴ
654 3024 736 3098 δέ,
769 3014 814 3083 ‹3¹›
841 3020 1023 3103 ἄνδρες
1061 3016 1336 3090 δικασταί,
1377 3003 1559 3095 ῶσπερ
1595 3004 1739 3080 οὗτος
1784 3012 2059 3090 ἀμελήσας

506 3119 595 3186 τῆς
615 3112 814 3179 πόλεως
836 3109 932 3183 τὴν
957 3113 1114 3169 αὑτοῦ
1145 3104 1408 3187 σωτηρίαν
1435 3103 1718 3187 ἐσκέψατο,
1735 3100 1896 3170 οὕτως
1923 3106 2057 3179 ὑμᾶς

503 3201 866 3279 ἀμελήσαντας
885 3196 1070 3259 τούτου
1091 3200 1158 3275 τῇ
1173 3194 1321 3255 πόλει
1341 3192 1407 3253 τὰ
1439 3190 1684 3273 βέλτιστα
1709 3189 2055 3271 ψηφίσασθαι,

432 3302 478 3339 ¹⁶
506 3288 676 3356 ἄλλως
702 3311 760 3347 τε
798 3286 890 3345 καὶ
917 3282 1102 3365 ὅρκους
1136 3280 1480 3361 ὀμωμοκότας
1507 3279 1598 3338 καὶ
1635 3278 1754 3359 περὶ
1786 3276 2055 3337 Ἀλκιὸιά-

505 3374 594 3436 δου
619 3373 899 3451 μέλλοντας
920 3370 1242 3453 φηφίσασθαι
1255 3417 1271 3443 ,
1293 3368 1346 3436 ὃς
1373 3366 1436 3427 ἂν
1459 3371 1593 3443 ὑμᾶς
1611 3363 1915 3444 ἐξαπατήσῃ
1930 3410 1946 3437 ,
1969 3388 2055 3423 κα·

503 3465 734 3541 ταγελῶν
763 3466 856 3533 τῆς
886 3462 1085 3527 πόλεως
1112 3458 1334 3517 ἄπεισιν·
1361 3457 1421 3515 οὗ
1449 3454 1549 3533 γὰρ
1573 3452 1638 3525 δὴ
1659 3453 1813 3533 χάριν
1847 3476 1907 3531 γε
1934 3454 2055 3530 ὑμῖν

505 3548 766 3610 ἀποδώσει
792 3552 857 3628 τῇ
885 3548 1044 3629 ψήφῳ
1077 3570 1110 3605 κ
1141 3545 1306 3617 ύὸδην
1331 3534 1388 3602 εὗ
1427 3541 1634 3613 παθών,
1671 3540 1724 3608 ὃς
1749 3544 1853 3600 τῶν
1893 3539 2055 3622 φίλων

501 3636 620 3704 τοὺς
641 3638 871 3718 φανερῶς
900 3633 1055 3694 αὐτὸν
1082 3655 1106 3690 ε
1163 3630 1482 3701 ποιήσαντας
1523 3631 1698 3694 κακῶς
1737 3636 1896 3688 ποιεῖ.
1960 3628 2054 3707 (11)

505 3724 687 3803 Ὑμεῖς
699 3716 806 3796 οὖν,
826 3712 871 3783 ὦ
891 3721 1071 3802 ἄνδρες
1095 3715 1365 3789 δικασταί,
1383 3714 1478 3783 τὰς
1491 3716 1686 3775 τούτοιν
1714 3715 1912 3787 δεήσεις
1937 3716 2056 3797 περὶ

503 3813 769 3879 ἐλάττονος
811 3809 1158 3887 ποιησάμενοι
1177 3804 1246 3865 τὰ
1285 3804 1462 3863 δίκαια
1488 3803 1807 3886 ψηφίσασθε.
1893 3804 2055 3865 Ἀπο-

502 3900 757 3961 δέδεικται
784 3899 837 3959 δὲ
857 3894 1162 3974 καταλεγεὶς
1189 3896 1261 3961 εἰς
1287 3890 1402 3959 τοὺς
1431 3892 1646 3959 ὁπλίτας
1665 3891 1754 3951 καὶ
1773 3891 1939 3952 λιπὼν
1958 3892 2053 3965 τὴν

423 4010 476 4051 2⁰
502 3990 642 4059 τάξιν
657 3989 748 4049 καὶ
771 3992 874 4048 τῶν
893 3985 1064 4065 νόμων
1083 3981 1386 4045 κωλυόντων
1401 3980 1748 4059 ἀδοκίμαστος
1769 3981 2052 4056 ἱππεύσας,

494 4077 720 4160 καὶπερὶ
741 4066 812 4136 ὧν
825 4079 874 4136 οἳ
895 4074 1044 4151 νόμοι
1071 4070 1352 4154 διαρρήδην
1371 4067 1490 4129 οὔτε
1511 4068 1804 4151 στρατηγὸν
1829 4069 1946 4129 οὔτε
1971 4068 2055 4128 ἵπ-

499 4190 702 4249 παρχον
735 4164 856 4225 οὔτε
893 4162 1051 4223 ἄλλον
1075 4160 1256 4222 οὐδένα
1279 4158 1585 4241 κυριώτερον
1615 4156 1821 4217 ἐκείνων
1852 4159 2056 4217 ἀποδει-

499 4254 727 4326 κνύουσι,
742 4252 861 4333 περὶ
877 4251 1071 4313 τούτων
1087 4247 1292 4320 ἰδιώτης
1305 4246 1377 4307 ὧν
1391 4244 1484 4319 τὴν
1499 4246 1731 4316 ἐξουσίαν
1747 4249 1888 4327 αὑτῷ
1903 4248 2056 4306 δεδω·

501 4341 619 4408 κῶς.
660 4343 750 4418 (¹2)
783 4338 930 4418 Ἐγὼ
959 4338 1052 4415 μὲν
1099 4328 1186 4397 οὖν
1228 4336 1320 4395 καὶ
1359 4336 1494 4415 φίλῳ
1514 4332 1622 4395 ὄντι
1649 4333 2052 4416 Ἀρχεστρατίδῃ

503 4432 724 4510 βοηθῶν,
740 4426 831 4485 καὶ
849 4425 1181 4497 Ἀλκιὸιάδην
1201 4422 1382 4504 ἐχθρὸν
1411 4421 1535 4481 ὄντα
1556 4422 1783 4497 ἐμαυτοῦ
1803 4421 2053 4503 τιμωρού-

503 4539 680 4594 μενος,
702 4513 886 4589 δέομαι
925 4512 991 4571 τὰ
1016 4512 1190 4571 δίκαια
1218 4509 1566 4593 ψηφίσασθαι·
1592 4512 1724 4584 ὑμᾶς
1748 4508 1802 4567 δὲ
1825 4506 1930 4589 χρὴ
1956 4508 2052 4581 τὴν

417 4628 468 4666 25
500 4599 663 4673 αὖτὴν
699 4599 912 4678 γνώμην
958 4597 1168 4677 ἔχοντας
1208 4596 1302 4668 τὴν
1329 4598 1499 4678 ψῆφον
1528 4592 1730 4676 φέρειν,
1761 4594 1926 4676 ἥνπερ
1966 4595 2051 4655 ὅτε

499 4690 662 4769 ᾤεσθε
684 4687 810 4769 πρὸς
837 4685 952 4754 τοὺς
979 4684 1254 4762 πολεμίους
1277 4681 1692 4743 διακινδυνεύειν.

1128 4936 1422 4961 -αοοοοοω
1431 4942 1440 4947 -

1459 413 1743 475 ΛΥΣΙΟΥ
1783 416 1834 474 0
1876 412 2077 475 ΚΑΤΑ
2118 412 2584 480 ΑΛΚῙΒΙΑΔΟΥ
2628 420 2696 480 Β.

3424 413 3705 503 (πί-570]

2152 556 2319 607 castris
2336 570 2444 607 eum
2462 560 2681 609 siverunt
2694 558 2757 609 ab
2774 559 2999 610 omuibus
3012 560 3357 613 contumeliose
3372 563 3548 627 excipi,
3566 566 3617 614 et
3636 564 3712 614 in·

2149 651 2225 701 ter
2244 653 2429 715 equites
2444 655 2713 717 sagittarios
2728 668 2929 707 merere.
2951 656 3045 707 Sed
3057 670 3211 721 quum
3227 671 3315 709 vos
3336 660 3531 722 oportet
3546 672 3715 725 poenas

2151 758 2397 809 reposcere
2420 760 2452 799 a
2471 748 2888 813 delinquentibus,
2912 750 2981 800 ibi
3002 749 3233 802 Alcibiadi
3266 753 3621 815 gratificantes,
3638 756 3713 805 te·-

2148 840 2339 892 stantur
2370 856 2483 893 eum
2508 858 2538 894 a
2558 858 2611 895 se
2634 846 2749 909 ipsis
2782 846 2938 897 ordini
2958 846 3241 911 ascriptum.
3270 850 3419 913 Atqui
3448 850 3713 901 intoleran-

2148 938 2267 989 dum
2289 940 2388 1004 est,
2407 941 2620 1004 judices,
2662 956 2813 1006 quum
2838 943 2929 1008 ipsi
2963 944 3157 1008 strategi
3192 944 3335 995 electi
3356 960 3387 995 a
3412 947 3593 1009 populo
3614 959 3713 995 non

2152 1036 2361 1089 audeaut
2391 1038 2529 1091 vobis
2550 1040 2814 1105 imperare,
2841 1042 3124 1107 priusquam
3154 1042 3341 1107 legibus
3359 1044 3713 1107 approbentur,

2148 1133 2437 1185 Alcibiadem
2460 1135 2639 1187 audere
2651 1138 2821 1188 contra
2832 1137 3041 1189 civitatis
3052 1138 3180 1202 leges
3200 1138 3263 1189 ab
3278 1138 3355 1189 his
3374 1140 3522 1190 alicui
3548 1140 3708 1189 ordini

2148 1233 2391 1297 assignari.
2456 1232 2526 1297 (7)
2546 1233 2773 1298 Iniquum
2792 1237 2958 1285 autem
2984 1236 3102 1286 mihi
3119 1235 3313 1286 videtur
3335 1250 3465 1299 esse,
3493 1236 3714 1302 judices,

2147 1332 2187 1382 si
2200 1368 2215 1393 ,
2242 1330 2363 1381 dum
2396 1330 2473 1381 liis
2496 1344 2596 1381 non
2628 1331 2741 1382 licet
2765 1345 2827 1382 ex
2854 1332 3097 1396 equitibus
3120 1334 3397 1398 approbatis
3418 1348 3716 1397 quemcum-

2146 1438 2243 1489 que
2264 1426 2508 1477 voluerint
2535 1426 2588 1477 in
2608 1426 2829 1491 peditum
2850 1427 3067 1477 ordinem
3098 1429 3361 1491 ascribere,
3393 1428 3567 1481 iisdem
3593 1431 3715 1483 lice-

2148 1519 2221 1571 bit
2238 1534 2299 1574 ex
2313 1520 2550 1585 peditibus
2560 1558 2577 1585 ,
2596 1521 2679 1585 qui
2694 1535 2792 1572 non
2806 1523 3152 1586 approbantur,
3168 1536 3529 1589 quemcumque
3543 1528 3717 1581 volue-

2148 1616 2245 1667 rint
2260 1616 2325 1667 ad
2346 1618 2615 1681 equitatum
2632 1619 2908 1669 transferre.
2971 1618 3038 1682 (8)
3060 1620 3107 1671 Si
3127 1620 3287 1683 igitur,
3315 1621 3529 1685 iudices,
3550 1638 3611 1675 ea
3638 1640 3717 1677 res
3781 1626 3783 1635 '

2146 1726 2291 1776 penes
2316 1726 2398 1763 eos
2427 1714 2576 1775 esset,
2612 1714 2691 1776 et,
2723 1713 2891 1764 multis
2924 1714 3257 1778 cupientibus,
3286 1716 3532 1767 nemiuem
3563 1720 3717 1771 alium

2146 1808 2383 1873 equitatui
2416 1808 2766 1872 ascripsissmt,
2803 1822 2901 1859 non
2939 1809 3051 1873 jure
3089 1810 3184 1860 hoc
3214 1810 3310 1861 illis
3339 1812 3669 1867 concederetis
3701 1837 3714 1867 :

2148 1902 2319 1968 quodsi
2334 1915 2489 1967 neque
2510 1916 2569 1954 ea
2588 1903 2876 1953 auctoritate
2896 1902 2993 1953 sint
3014 1904 3191 1953 muniti
3205 1940 3220 1965 ,
3243 1904 3293 1954 et
3314 1904 3631 1960 nihilominus
3648 1912 3719 1961 fa.

2146 2006 2340 2058 teanuu·
2364 2006 2689 2069 adscripsisse,
2727 2008 2937 2069 cogitare
2962 2008 3153 2070 oportet
3188 2008 3319 2071 quod
3342 2008 3592 2071 iuravistis
3629 2028 3718 2065 vos

2143 2109 2273 2171 justa
2286 2145 2302 2171 ,
2326 2122 2425 2159 non
2445 2122 2767 2173 quaecumque
2796 2110 2866 2160 illi
2894 2110 3153 2173 jusserint,
3182 2112 3597 2175 pronunciatum
3626 2122 3716 2168 Ne-

2147 2210 2327 2259 minem
2344 2207 2507 2273 itaque
2527 2208 2887 2273 deprecantium
2900 2212 3092 2273 oportet
3108 2212 3260 2275 pluris
3277 2214 3439 2263 tacere
3454 2228 3607 2277 quam
3624 2230 3719 2269 vos

2148 2311 2274 2375 ipsos
2302 2312 2351 2361 et
2381 2310 2720 2373 iusiurandum
2750 2314 2983 2365 vestrum.
3050 2314 3120 2377 (9)
3155 2316 3217 2365 At
3236 2316 3397 2377 euim,
3430 2318 3651 2383 iudices,
3674 2322 3717 2374 si

2149 2413 2227 2463 cui
2248 2412 2471 2463 videatur
2492 2412 2683 2476 μετίοι-
2704 2426 2843 2477 poena
2874 2386 2971 2465 aut·
2990 2414 3073 2465 lex
3104 2416 3331 2481 severior,
3354 2418 3403 2468 id
3434 2422 3719 2477 meminisse

2148 2514 2364 2577 oportet,
2388 2526 2476 2564 vos
2500 2512 2598 2563 huc
2617 2512 2779 2564 venire
2804 2528 2903 2564 non
2918 2514 3045 2578 leges
3065 2514 3127 2566 de
3144 2516 3220 2566 his
3238 2517 3379 2569 rebus
3396 2519 3611 2584 laturos,
3630 2525 3717 2575 sed

2144 2614 2286 2677 iuxta
2306 2614 2427 2665 latas
2438 2612 2739 2677 judicaturos
2754 2651 2769 2676 ‚
2790 2628 2947 2677 neque
2964 2618 3021 2665 ut
3037 2614 3368 2681 delinquentes
3384 2620 3719 2677 misericordia

2150 2714 2517 2779 prosequamini,
2536 2714 2621 2765 sed
2636 2715 2795 2777 potius
2812 2717 2868 2766 ut
2881 2716 2949 2766 eis
2962 2718 3299 2779 succenseatis,
3311 2719 3459 2784 atque
3470 2722 3719 2776 universa

2148 2814 2331 2866 civitati
2352 2815 2643 2880 succurratis
2657 2831 2673 2877 3
2696 2814 2909 2889 persuasi
2926 2816 3157 2867 nimirum
3172 2818 3303 2882 quod
3316 2856 3331 2883 ,
3346 2819 3385 2870 si
3403 2834 3585 2885 paucos
3602 2824 3719 2877 vin-

2147 2910 2315 2963 dicetia
2332 2913 2395 2961 ob
2410 2912 2668 2975 praeterita,
2688 2911 2851 2975 plures
2866 2912 2951 2975 qui
2964 2912 3077 2963 belii
3096 2913 3360 2976 periculum
3382 2919 3529 2969 erunt
3543 2933 3719 2984 θηνα-
3781 2936 3783 2971 ι

2148 3009 2245 3060 turi
2258 3047 2273 3072 ,
2291 3008 2637 3059 emendatiores
2660 3006 2913 3058 habebitis.
2938 3008 3036 3070 (to)
3058 3009 3262 3072 Oportet
3282 3012 3445 3062 autem
3458 3050 3475 3075 ,
3490 3013 3717 3081 judica,

2147 3103 2555 3169 quemadmodum
2582 3103 2697 3165 iste,
2720 3102 2990 3167 posthabita
3012 3104 3282 3169 republica,
3296 3118 3399 3157 suoe
3429 3109 3575 3160 saluti
3602 3126 3715 3175 pro-

2146 3200 2327 3264 spexit,
2338 3199 2407 3249 ita
2424 3200 2473 3249 et
2491 3212 2579 3249 vos
2594 3211 2805 3262 quoque,
2825 3198 3097 3262 posthabita
3108 3199 3248 3252 istius
3268 3202 3471 3267 ratione,
3486 3218 3605 3269 quae
3624 3212 3719 3261 rei.

2146 3294 2352 3358 publicae
2370 3292 2577 3343 maxime
2590 3306 2650 3343 ex
2662 3305 2753 3341 usu
2767 3293 2908 3343 erunt
2918 3293 3153 3355 statuere;
3170 3296 3441 3357 praesertim
3458 3301 3509 3349 et
3522 3300 3717 3366 jnreju.

2148 3386 2297 3439 raudo
2310 3386 2579 3448 obstrictos,
2594 3386 2644 3436 et
2656 3386 3056 3449 pronunciatur-os
3072 3386 3133 3437 de
3150 3388 3411 3453 Alcibiade,
3432 3393 3538 3457 qui,
3558 3396 3599 3445 si
3618 3410 3713 3447 vos

2146 3480 2411 3547 deceperit,
2426 3481 2668 3531 civitatem
2680 3492 2816 3530 suam
2830 3478 2981 3531 abibit
2992 3480 3213 3531 irrideus.
3232 3484 3400 3547 Neque
3412 3486 3489 3536 eni
3498 3502 3545 3537 m
3566 3492 3717 3543 vobis
3781 3484 3783 3487 ’

2144 3578 2344 3642 gratiam
2362 3576 2561 3638 referet,
2581 3588 2789 3639 quorum
2810 3574 2995 3637 judicio
3021 3576 3149 3626 clam
3166 3578 3453 3642 servabitur,
3475 3584 3564 3645 qui
3583 3588 3716 3636 ami,

2146 3689 2228 3727 cos
2250 3674 2410 3739 palam
2433 3671 2494 3723 de
2518 3671 2620 3735 ipso
2646 3670 2770 3720 bene
2804 3668 3001 3720 meritos
3025 3670 3214 3733 iniuriis
3246 3670 3413 3723 afficit.
3478 3674 3501 3737 (
3508 3683 3525 3725 1
3541 3679 3581 3738 ι)
3606 3684 3719 3731 νος

2152 3770 2343 3832 ltaque,
2376 3765 2592 3829 judices,
2620 3764 2823 3815 istorum
2850 3754 3247 3815 obtestationibus
3277 3765 3539 3831 despectis,
3572 3772 3717 3834 insta

2145 3864 2403 3915 decernite.
2428 3860 2795 3912 Demonstratur
2828 3858 2977 3909 istum
2999 3859 3289 3911 recensitum
3309 3862 3453 3915 fuisse
3470 3865 3598 3916 inter
3616 3883 3713 3932 pe-

2144 3958 2293 4019 dites,
2316 3954 2574 4006 deseruisse
2596 3952 2811 4004 ordinem
2827 3989 2840 4014 ,
2866 3954 3033 4004 contra
3050 3952 3178 4015 leges
3203 3955 3439 4017 equitatui
3460 3972 3515 4010 se
3530 3960 3709 4027 adjun.

2146 4052 2270 4103 xisse
2295 4064 2393 4101 non
2420 4048 2764 4113 approbatum3
2804 4045 2854 4097 et
2891 4048 2943 4097 in
2979 4046 3156 4110 quibus
3181 4047 3310 4110 leges
3342 4048 3519 4102 diserte
3546 4067 3717 4121 neque

2143 4145 2357 4210 peditum
2376 4144 2515 4206 duci,
2528 4156 2686 4205 neque
2700 4141 2927 4206 praesecto
2940 4141 3181 4206 equitum,
3196 4154 3354 4205 neque
3370 4141 3451 4193 alii
3470 4145 3711 4209 cuiquam
3781 4174 3783 4193 ι

2142 4239 2425 4303 potestatem
2457 4236 2546 4287 sibl
2572 4233 2866 4298 superiorem
2898 4234 3238 4285 concesserunt
3252 4272 3268 4297 ,
3302 4236 3353 4284 iu
3376 4234 3433 4285 iis
3456 4238 3709 4299 privatum

2142 4332 2417 4396 sibimetipsi
2443 4331 2775 4382 auctoritatem
2806 4342 3064 4392 arrogasse.
3129 4330 3228 4394 (12)
3258 4334 3359 4394 Ego
3376 4330 3525 4395 igitur
3542 4336 3593 4384 et
3621 4342 3709 4387 Ar-

2143 4424 2417 4477 chestratidi
2446 4424 2602 4473 amico
2618 4422 2861 4486 suppetias
2878 4422 3061 4484 serens,
3088 4422 3139 4473 et
3164 4435 3299 4473 meas
3312 4436 3425 4473 cum
3455 4423 3707 4478 Alcibiade

2142 4513 2413 4565 inimicitias
2434 4511 2737 4575 persecutus,
2777 4522 2863 4560 oro
2896 4512 2955 4561 ut
2990 4524 3101 4574 quoe
3121 4511 3253 4574 iusta
3276 4513 3374 4563 sint
3400 4514 3677 4567 ‹lmen-natis
3694 4558 3707 4577 ‚

2141 4620 2229 4657 vos
2243 4606 2403 4657 autem
2420 4604 2611 4667 oportet
2626 4599 2795 4654 eadem
2814 4603 2961 4653 animi
2974 4605 3243 4655 constantia
3255 4607 3543 4656 sententiam
3564 4609 3711 4665 terre,

2141 4712 2241 4765 qua
2252 4698 2328 4751 usi
2348 4697 2461 4751 ostia
2476 4695 2705 4750 adversm
2725 4696 2888 4749 hostes
2902 4696 3194 4749 dimicaturi.

2770 4912 3083 4935 *tu-‘000’—
