3825 5842
89 444 310 533 ιιι-επ)

88 604 198 661 μενος
222 574 378 635 πάλαι
409 571 512 641 υἱὸς
537 572 928 641 εἷο-πεποιῆσθαι
957 569 1014 628 οὐ
1043 565 1292 649 προῦθετο
1317 566 1423 627 οὐδ’
1450 564 1570 625 ἔθα-

87 677 172 751 ψεν,
193 668 232 725 οἱ
253 662 300 723 δὲ
322 662 454 743 φίλοι
473 658 774 741 Ἀστυφίλου
793 656 884 717 καὶ
905 658 954 717 οἱ
972 659 1385 735 συστρατιῶται,
1412 658 1569 735 δρῶν·

85 782 144 825 τες
178 753 250 813 τὸν
281 748 470 831 πατέρα
505 748 596 809 τὸν
643 745 766 824 ἐμὸν
811 747 1211 826 ἀρρωστοῦντα,
1251 744 1344 821 ἐμὲ
1380 742 1434 805 δὲ
1477 744 1572 803 οὐκ

85 845 374 920 ἐπιδημοῦντα
388 882 404 912 ,
435 836 579 895 αὐτοὶ
619 834 708 894 καὶ
745 831 1026 915 προῦθεντο
1065 832 1157 892 καὶ
1192 822 1362 891 τᾶλλα
1399 829 1573 891 πάντα

85 932 136 993 τὰ
153 926 424 1007 νομιζόμενα
448 923 700 997 ἐποίησαν
746 922 835 980 καὶ
871 920 960 980 τὸν
1002 918 1128 998 ἐμὸν
1171 920 1375 1003 πατέρα
1413 924 1574 979 ἀσθε-

89 1026 228 1080 νοῦντα
252 1014 327 1075 ἐπὶ
352 1012 406 1072 τὸ
435 1016 617 1091 μνῆμα
642 1010 866 1090 ἤγαγον,
887 999 946 1067 εῦ
964 1009 1150 1078 εἰδότες
1176 1006 1255 1067 ὅτι
1294 1009 1575 1079 ἀσπάζοιτο

91 1106 206 1167 αὐτὸν
225 1100 518 1183 Ἀστύφιλος.
601 1097 804 1160 Τούτου
821 1096 864 1155 δ’
885 1098 1006 1175 ὑμῖν
1040 1094 1225 1165 αὐτοὺς
1254 1094 1371 1163 τοὺς
1403 1096 1574 1169 ἐπιτη·

91 1194 212 1265 δείους
224 1190 326 1261 τοὺς
341 1188 532 1251 ἐκείνου
553 1187 819 1269 μάρτυρας
849 1181 1139 1265 παρέξομαι
1159 1188 1260 1245 τῶν
1285 1182 1573 1263 παρόντων.

637 1322 977 1371 namna.

149 1494 184 1531 s.
217 1466 328 1529 ‘ou
353 1464 442 1543 μὲν
478 1465 575 1525 οὐκ
609 1462 772 1547 ἔθαψε
806 1462 988 1527 Κλέων
1013 1462 1350 1544 Ἀστύφιλον,
1376 1464 1483 1525 οὐδ’
1513 1460 1575 1523 ἂν

94 1559 206 1629 αὐτὸς
235 1557 421 1637 ἔξαρνος
457 1551 658 1631 γένοιτο
704 1550 1105 1635 μεμαρτύρηταί
1145 1574 1202 1615 τε
1229 1551 1369 1629 ὑμῖν·
1397 1550 1575 1623 ἐπειδὴ

95 1650 127 1707 δ’
143 1644 407 1721 ἐπεδήμησα
431 1638 538 1718 ἐγὼ
577 1640 670 1701 καὶ
695 1640 934 1721 ᾐσθόμην
963 1639 1354 1721 καρπουμένους
1371 1637 1579 1705 τούτους

95 1736 142 1793 τὰ
167 1733 326 1795 ἐκείνου
341 1774 356 1802 ,
381 1733 408 1788 ὃ
433 1726 488 1788 δὲ
509 1727 620 1796 υἱὸς
661 1731 820 1788 αὐτοῦ
853 1727 1090 1800 ποιηθείη
1119 1728 1220 1786 ὑπὸ
1245 1726 1548 1807 Ἀσπφίλου
1560 1771 1578 1800 ,

97 1818 340 1881 καὶτούτων
361 1815 605 1889 διαθήκας
630 1814 908 1876 καταλίποι
937 1813 1085 1897 παρὰ
1109 1814 1358 1895 Ἱεροκλεῖ
1382 1814 1579 1895 Ἥφαι-

97 1909 234 1979 στιάδη
247 1952 264 1985 ,
287 1903 500 1973 ἀκούσας
536 1901 644 1983 ἐγὼ
669 1902 906 1984 λέγοντος
947 1904 1106 1963 αὒτοῦ
1135 1908 1302 1963 ταῦτα
1339 1905 1433 1961 ἐπο
1467 1901 1579 1962 ευό·

69 2020 176 2075 ,μην
201 1972 323 2075 παρὰ
347 1992 428 2051 τὸν
453 1991 754 2074 Ἱεροκλέα,
782 1984 840 2051 εὖ
867 1990 962 2069 μὲν
999 1990 1146 2059 εἰδὼς
1176 1989 1255 2050 ὅτι
1295 1993 1364 2059 ὥς
1390 1924 1494 2051 οἷὲν
1523 2013 1580 2049 τε

101 2086 277 2161 μάλιστα
313 2078 586 2151 ἐπιτήδειος
629 2078 710 2153 εἴη
753 2078 986 2151 Κλέωνι,
1045 2080 1108 2159 (ο)
1155 2080 1254 2159 οὐχ
1303 2076 1582 2157 ἡγούμενος

101 2174 132 2231 δ’
163 2172 210 2231 ἂν
240 2169 370 2227 αὐτὸν
395 2167 662 2244 τολμῆσαί
697 2190 751 2225 τι
783 2166 1073 2249 ψεύσασθαι
1104 2167 1241 2226 κατὰ
1278 2164 1582 2247 Ἀστυφίλου

99 2255 473 2329 τετελευτηκότος,
512 2254 607 2313 καὶ
655 2260 822 2314 ταῦτα
861 2260 994 2313 θεῖον
1033 2252 1154 2313 ὄντα
1194 2253 1287 2313 καὶ
1331 2254 1456 2331 ἐμοῦ
1495 2252 1584 2312 καὶ

103 2346 262 2407 ἐκείνου.
331 2343 513 2421 Ὅμως
542 2340 632 2417 δέ,
659 2332 702 2401 ὦ
736 2342 948 2424 ἄνδρες,
993 2340 1136 2402 οὐδὲν
1164 2341 1358 2405 τούτων
1398 2342 1583 2401 ὑπολο-

101 2434 314 2513 γισάμενος
342 2436 368 2491 ὁ
391 2430 653 2513 Ἱεροκλῆς
672 2474 690 2509 ,
730 2428 1056 2513 ἐρωτώμενος
1083 2432 1170 2487 ὑπ’
1201 2432 1326 2508 ἐμοῦ
1355 2426 1584 2509 ἀπεκρί-

101 2520 192 2579 νατό
209 2543 282 2599 μοι
309 2518 378 2577 ὅτι
403 2516 513 2599 ἔχοι
548 2516 648 2584 τὰς
693 2514 958 2589 διαθήκας·
997 2516 1178 2577 λαὸεῖν
1219 2514 1274 2575 δὲ
1301 2514 1400 2597 ἔφη
1429 2512 1586 2585 αὐτὰς

101 2606 209 2687 παρὰ
242 2605 547 2687 Ἀστυφίλου,
578 2602 668 2665 ὅτε
706 2608 778 2673 εἰς
812 2602 1118 2677 Μυτιλήνην
1156 2602 1370 2681 ἱμελλεν
1400 2605 1588 2670 ἐκεῖνος

69 2696 275 2757 ιε’κπλεῖν.
348 2694 440 2763 Ὦς
467 2693 522 2753 δὲ
552 2693 706 2753 ταῦτ’
742 2690 917 2773 ἔλεγεν
935 2736 954 2769 ,
982 2690 1242 2772 ἀνάγνωθί
1279 2714 1368 2770 μοι
1390 2688 1585 2764 ταύτην

103 2782 170 2855 τὴν
193 2782 462 2865 μαρτυρίαν.

648 2899 985 2951 namma,

145 3044 178 3083 ῒ·
227 3032 418 3109 Ἐπειδὴ
457 3034 658 3109 τοίνυν,
687 3022 731 3094 ὦ
773 3033 984 3115 ἄνδρες,
1019 3033 1136 3095 οὔτε
1175 3032 1590 3116 παραγενόμενος

107 3120 225 3191 οὗδεὶς
258 3122 392 3203 ἔτυχε
416 3126 520 3183 τῶν
547 3122 752 3183 οἰκείων
795 3123 882 3181 ὅτε
918 3127 946 3181 ὁ
975 3122 1193 3203 ἀδελφὸς
1226 3122 1589 3203 ἐτελεύτησεν,

107 3208 190 3267 οὔτε
224 3208 310 3285 ἐγὼ
344 3209 630 3289 ἐπεδήμουν
671 3210 756 3269 ὅτε
803 3207 872 3269 τὰ
915 3211 1044 3269 ὀστᾶ
1094 3212 1250 3271 αὐτοῦ
1295 3212 1446 3290 δεῦρο
1483 3213 1592 3271 ἐκο-

109 3296 248 3373 μία-θη,
275 3296 537 3375 ἀναγκαῖόν
571 3296 662 3375 μοί
701 3301 840 3357 ἐστιν
867 3294 918 3366 ἐξ
944 3299 1114 3356 αὐτῶν
1140 3288 1214 3355 ὧν
1235 3288 1376 3357 οὗτοι
1403 3297 1588 3379 λέγου-

109 3404 166 3439 σιν
187 3384 380 3463 ἐλέγχειν
401 3386 608 3467 ψευδεῖς
635 3383 793 3454 οὔσας
814 3383 907 3453 τὰς
929 3384 1179 3457 διαθήκας
1201 3384 1262 3454 ἃς
1288 3387 1590 3459 ἐποιήσατο.

111 3470 224 3537 Εἰκὸς
240 3470 324 3551 γὰρ
351 3473 536 3533 ἐκεῖνον
562 3474 624 3533 οὗ
666 3470 821 3551 μόνον
867 3475 1134 3552 ἐπιθυμεῖν
1159 3472 1266 3533 υἱὸν
1293 3474 1591 3553 ποιησαίμε-

75 3574 94 3611 o
109 3580 168 3616 νον
184 3560 478 3636 καταλιπεῖν,
505 3560 648 3621 ἀλλὰ
673 3561 765 3620 καὶ
793 3566 1095 3621 σκοπεῖσθαι
1121 3558 1265 3629 ὅπως
1301 3562 1593 3643 κυριώτατα

113 3644 219 3703 ἔσται
241 3646 269 3704 ἃ
289 3646 345 3705 ἂν
366 3650 606 3723 διαθῆται
621 3694 638 3724 ,
675 3648 766 3709 καὶ
791 3648 886 3721 τήν
907 3673 965 3708 τε
997 3648 1177 3709 οὐσίαν
1194 3694 1210 3723 ,
1243 3648 1298 3709 ὃν
1321 3649 1382 3709 ἂν
1405 3650 1595 3720 ἐκεῖνος

113 3734 436 3817 εἰσ-ποιήσηται,
479 3728 628 3806 οὗτος
655 3737 756 3806 ἕξει
774 3782 791 3813 ,
832 3736 923 3797 καὶ
960 3737 1048 3797 ἐπὶ
1091 3736 1210 3806 τοὺς
1239 3738 1446 3819 βωμοὺς
1477 3737 1594 3807 τοὺς

111 3822 317 3901 πατρῴους
355 3816 494 3895 οὗτος
516 3828 776 3905 βαδιεῖται
791 3870 808 3903 ,
830 3825 918 3884 καὶ
945 3825 1312 3897 τελευτήσαντι
1339 3829 1480 3908 αὐτῷ
1503 3828 1595 3887 καὶ

111 3909 182 3976 τοῖς
193 3911 352 3971 ἐκείνου
369 3912 638 3994 προγόνοις
654 3912 720 3972 τὰ
733 3913 1044 3992 νομιζόμενα
1059 3913 1284 3986 ποιήσει·
1307 3914 1370 3995 (ε)
1389 3914 1595 3975 ἅπαντα

113 3996 150 4054 δὲ
183 4004 324 4058 ταῦτα
371 4001 582 4078 μάλιστ’
625 4000 686 4061 ἂν
738 4001 927 4061 εἰδέναι
985 4000 1064 4061 ὅτι
1103 3999 1330 4081 γένοιντο
1349 4050 1364 4079 ,
1419 4004 1463 4061 εἰ
1521 4001 1595 4081 μὴ

113 4082 198 4143 ἄνευ
224 4090 308 4146 τῶν
334 4090 528 4149 οἰκείων
557 4093 662 4150 τῶν
699 4093 886 4149 ἑαυτοῦ
927 4090 1018 4157 τὰς
1071 4088 1324 4162 διαθήκας
1365 4090 1592 4169 ποιοῖτο,

113 4172 210 4231 ἀλλὰ
231 4179 410 4255 πρῶτον
451 4176 548 4255 μὲν
590 4184 848 4257 συγγενεῖς
875 4178 1279 4259 παρακαλέσας,
1317 4174 1499 4237 ἔπειτα
1541 4179 1596 4238 δὲ

81 4260 315 4342 ῑφρύτορας
337 4264 423 4323 καὶ
449 4265 712 4345 δημότας,
751 4264 934 4325 ἔπειτα
962 4269 1066 4324 τῶν
1095 4266 1269 4325 ἄλλων
1293 4265 1598 4338 ἐπιτηδείων

113 4346 221 4414 ὅσους
243 4350 428 4411 δύναιτο
449 4356 736 4421 πλείστους·
764 4353 900 4413 οὕτω
925 4352 1026 4436 γὰρ
1046 4354 1154 4414 εἴτε
1171 4353 1308 4414 κατὰ
1328 4352 1467 4430 γένος
1495 4354 1598 4414 εἴτε

113 4434 211 4492 κατὰ
229 4436 350 4495 δόσιν
373 4440 730 4522 ἀμφισὸητοίη
753 4464 856 4515 τις,
882 4442 1068 4523 ῥαδίως
1095 4440 1158 4501 ἂν
1185 4440 1448 4522 ἐλέγχοιτο
1473 4444 1596 4521 ψευ·

115 4520 286 4595 ὅόμενος.
373 4527 432 4609 (ο)
471 4528 540 4590 Ὁ
584 4528 752 4589 τοίνυν
806 4527 1108 4608 Ἀστύφιλος
1161 4526 1304 4589 οὐδὲν
1362 4528 1599 4610 φαίνεται

116 4614 289 4669 τοιοῦτον
322 4614 568 4695 ποιήσας,
603 4615 719 4679 οὐδὲ
750 4616 1222 4697 παραστησάμενος
1259 4616 1441 4676 οὐδένα
1474 4615 1599 4677 τού-

117 4717 189 4752 των
206 4695 274 4756 ὅτε
289 4699 470 4763 διέθετο
497 4704 532 4763 ἃ
579 4696 716 4765 οὗτοί
749 4728 906 4789 φασιν
924 4748 944 4783 ,
962 4706 1008 4763 εἰ
1035 4702 1110 4781 μή
1136 4728 1214 4772 τις
1233 4703 1334 4785 ἄρα
1355 4704 1454 4763 ὑπὸ
1479 4703 1599 4765 τού·

117 4804 190 4841 των
222 4786 472 4849 πέπεισται
509 4794 777 4872 ὁμολογεῖν
811 4792 1078 4874 παρεῖναι.
1179 4791 1346 4861 Αὐτὸς
1390 4792 1433 4852 δ’
1479 4792 1598 4870 ὓμῖν

121 4868 267 4943 πάντας
289 4874 480 4947 τούτους
506 4886 892 4963 μαρτυροῦντας
917 4877 1230 4962 παρέξομαι.

647 5054 987 5102 ΜΔΡΤΥΡΕΣ.

184 5160 236 5203 ¹⁰·
271 5140 412 5219 Ἴσως
434 5150 600 5215 τοίνυν
631 5154 814 5217 Κλέων
850 5152 1024 5215 οὑτοσί
1058 5174 1213 5235 φησιν
1247 5152 1342 5212 οὔκ
1368 5150 1502 5219 εἰκὸς
1527 5140 1600 5211 εἶ·

791 436 964 497 lsAEl
1006 435 1128 498 ΟΒ.
1171 436 1276 497 DE
1315 434 1724 509 ASTYPfflLi
1766 436 2275 497 HEREDITATE.

3094 448 3207 499 299

1659 588 1792 639 ossa,
1821 575 1931 637 ille,
1950 576 2031 639 qui
2056 588 2109 627 se
2128 575 2317 627 dudum
2351 588 2439 639 pro
2462 573 2691 639 adoptato
2722 587 2829 639 eJus
2856 574 2955 626 tilio
2986 580 3214 640 gesserat,

1659 666 1818 717 neque
1839 654 2061 717 exposuit
2082 654 2311 717 Astyphili
2331 666 2506 717 corpus
2524 665 2681 715 neque
2704 652 2951 715 humavit,
2972 655 3055 705 sed
3072 656 3215 709 amici

1663 734 1896 797 Astypbili
1940 736 2087 798 atque
2137 732 2517 796 commilitones,
2568 731 2784 782 videntes
2830 734 3017 794 patrem
3052 748 3215 787 meum

1661 815 1975 877 aegrotantem
1988 850 2003 877 ,
2036 826 2117 863 me
2146 814 2305 862 autem
2338 810 2458 861 urbe
2488 810 2764 872 absentem,
2792 810 2881 874 ipsi
2908 813 2960 862 et
2981 825 3215 876 exposue-

1663 896 1777 943 runt
1793 895 1844 944 et
1869 893 2054 957 reliqua
2083 894 2247 943 omnia
2269 892 2402 955 iusta
2424 895 2727 956 peregerunt,
2742 894 3025 957 patremque
3052 906 3217 947 meum

1663 969 1821 1021 adbuc
1855 982 2037 1033 aegrum
2080 970 2143 1019 ad
2176 969 2419 1019 tumulum
2453 968 2688 1031 Astypbili
2724 968 3030 1019 adduxerunt
3046 1006 3061 1032 ,
3098 972 3218 1023 certi

1663 1062 1828 1099 manes
1855 1048 2091 1112 Astyphili
2110 1060 2223 1098 eum
2252 1046 2457 1097 libenter
2479 1059 2581 1097 esse
2610 1046 2916 1097 admissuros.
2961 1050 3118 1113 Hujus
3148 1050 3215 1100 rei

1663 1126 1810 1177 testes
1825 1162 1840 1188 ,
1875 1138 1935 1175 ex
1972 1124 2031 1175 iis
2057 1124 2141 1188 qui
2170 1124 2326 1175 funeri
2356 1124 2628 1187 affuerunt,
2658 1122 2818 1175 citabo
2842 1122 2980 1175 vobis
3007 1124 3219 1177 defuncti

1666 1203 1846 1253 amicos
1865 1204 1918 1253 et
1937 1202 2207 1253 familiares.

2316 1329 2553 1373 TESTBS.

1730 1468 1776 1515 5.
1819 1462 2125 1527 Asty-planum
2163 1462 2329 1527 itaque
2352 1475 2381 1513 a
2425 1464 2605 1514 cieone
2650 1477 2749 1513 non
2788 1476 2891 1515 esse
2932 1464 3187 1517 humatum
3202 1500 3219 1529 ,

1665 1559 1823 1611 neque
1851 1546 1953 1609 ipse
1988 1547 2137 1598 Cleon
2170 1545 2452 1597 infitiabitur
2467 1583 2483 1609 ,
2520 1548 2569 1597 et
2601 1547 2651 1596 bi
2690 1547 2837 1598 testes
2868 1542 3005 1599 vobis
3043 1550 3219 1601 confir-

1667 1633 1864 1681 marunt
1901 1650 1914 1682 =
1964 1632 2020 1681 ιιι
2052 1632 2215 1681 autem
2251 1630 2313 1680 ab
2362 1630 2663 1694 expeditione
2702 1630 2935 1682 redieram
2948 1668 2965 1693 ,
3026 1646 3223 1685 cernens

1669 1715 1756 1767 hos
1804 1715 2039 1779 Astyphili
2083 1714 2320 1765 bonorum
2360 1715 2545 1765 auctus
2603 1714 2873 1779 percipere,
2930 1716 3223 1783 audiensque

1669 1814 1696 1852 e
1731 1802 1941 1863 Cicone,
1974 1814 2128 1865 quum
2164 1800 2342 1851 diceret
2376 1800 2531 1851 filium
2573 1814 2716 1851 suum
2752 1802 2815 1853 ab
2844 1803 3089 1867 Astypbilo
3122 1819 3225 1857 esse

1669 1885 1949 1949 adoptatum
1984 1898 2071 1949 per
2088 1884 2429 1935 testamentum
2443 1921 2460 1947 ,
2483 1883 2615 1948 quod
2636 1883 2907 1949 depositum
2934 1889 3058 1938 esset
3078 1902 3225 1953 penes

1670 1969 1942 2020 Hieroclem
1984 1967 2393 2032 Hepboestiadam,
2429 1968 2591 2018 statim
2629 1967 2691 2019 ad
2727 1969 2997 2019 Hieroclem
3024 1970 3225 2021 accede·

1671 2051 1784 2101 bam
1803 2069 1819 2115 ς
1838 2050 1963 2102 bene
1988 2051 2184 2115 quidem
2202 2064 2377 2114 gnarus
2402 2064 2513 2101 eum
2530 2051 2697 2102 Cleoni
2715 2050 2929 2115 inprimis
2948 2051 3227 2103 familiarem

1671 2148 1772 2186 esse
1788 2172 1804 2199 ,
1839 2138 1906 2200 (6)
1936 2140 2273 2189 verumtamen
2305 2137 2435 2187 haud
2466 2137 2665 2201 opinans
2700 2152 2813 2189 eum
2850 2151 3083 2189 ausurum
3126 2151 3228 2189 esse

1671 2222 1977 2275 mendacium
1999 2224 2060 2275 de
2080 2224 2329 2287 Astypbilo
2350 2223 2576 2274 defuncto
2594 2223 2772 2285 dicere,
2790 2224 3054 2286 praesertim
3073 2238 3227 2288 quum

1675 2310 1916 2363 Hierocles
1942 2323 2081 2360 meus
2100 2322 2197 2359 una
2233 2310 2379 2372 atque
2411 2308 2645 2371 Astyphili
2679 2308 2949 2358 avunculus
2966 2310 3106 2360 esset.
3130 2312 3227 2361 Ve-

1675 2392 2027 2445 rumenimvero
2082 2390 2351 2453 Hierocles,
2398 2404 2429 2439 o
2464 2389 2649 2453 judices
2665 2426 2680 2453 ,
2730 2390 2848 2441 nihil
2888 2390 3065 2441 horum
3096 2392 3228 2456 pensi

1677 2478 1860 2529 habens
1875 2513 1890 2539 ,
1915 2475 1977 2525 de
1996 2475 2281 2525 testamento
2306 2486 2336 2522 a
2364 2485 2443 2523 me
2466 2473 2780 2537 interrogatus
2804 2474 3047 2539 respondit
3070 2474 3121 2525 id
3142 2488 3229 2538 pe·

1675 2576 1760 2613 nes
1798 2574 1850 2612 se
1891 2573 1993 2610 esse
2039 2558 2307 2622 depositum
2347 2558 2409 2607 ab
2456 2558 2557 2621 ipso
2591 2559 2839 2623 Astyphilo
2888 2559 2939 2609 in
2978 2559 3224 2624 procinctu

1675 2642 1832 2693 stante
1875 2651 1989 2689 cum
2023 2637 2173 2686 classe
2211 2635 2487 2698 mytilenem
2518 2636 2861 2700 proficiscendi.
2962 2636 3229 2687 Hieroclem

1677 2724 1769 2773 hac
1791 2736 1933 2773 usum
1958 2733 2059 2772 esse
2092 2719 2311 2771 oratione
2348 2732 2449 2781 quo
2486 2720 2695 2783 constet,
2721 2720 2871 2771 recita
2904 2721 2957 2772 tu
2982 2720 3079 2773 hoc
3094 2720 3228 2773 testi-

1679 2820 1914 2857 monium.

2224 2914 2672 2959 rsssrluomtm.

1742 3049 1789 3097 7.
1824 3042 2062 3103 Quoniam
2078 3040 2237 3107 igitur,
2254 3053 2286 3093 o
2307 3039 2511 3105 jndices.
2530 3051 2673 3091 nemo
2699 3038 3073 3091 necessariorum
3097 3043 3231 3105 Asty·

1680 3123 1799 3189 phili
1814 3122 1991 3189 praesto
2010 3120 2097 3171 fuit
2118 3134 2147 3170 e
2166 3120 2263 3169 vita
2286 3118 2562 3180 excedenti,
2590 3130 2775 3183 egoque
2798 3120 2902 3169 tum
2926 3119 2975 3170 in
2993 3120 3113 3172 urbe
3134 3135 3231 3173 nou

1681 3202 1752 3257 fui
1773 3210 1925 3265 quum
1939 3212 2043 3249 ossa
2064 3198 2167 3261 eius
2190 3197 2286 3248 huc
2303 3197 2620 3259 referrentur,
2643 3209 2834 3247 necesse
2850 3196 2965 3247 mibi
2980 3199 3052 3249 est
3066 3212 3128 3253 ex
3142 3199 3231 3251 bo-

1681 3299 1792 3336 rum
1821 3286 2035 3347 ipsorum
2065 3280 2364 3333 sermonibus
2394 3280 2646 3332 falsitatem
2674 3281 2975 3342 testamenti,
3012 3282 3141 3345 quod
3171 3283 3234 3333 ab

1683 3361 1935 3426 Astypbilo
1962 3360 2184 3412 relictum
2200 3372 2303 3409 esse
2318 3358 2504 3419 dicunt,
2522 3361 2793 3421 coarguere.
2810 3360 2896 3409 Est
2917 3372 3089 3422 netnpe
3114 3373 3233 3411 con-

1685 3446 1969 3497 sentaneum
1993 3441 2297 3507 Astypbilum
2315 3453 2413 3491 non
2444 3440 2589 3491 modo
2610 3453 2805 3503 operam
2829 3438 3055 3490 daturum
3092 3442 3237 3494 misse

1683 3530 1741 3579 ιιι
1761 3527 1971 3590 aliquem
2007 3525 2098 3577 sibi
2130 3523 2281 3573 tilium
2322 3522 2603 3585 adoptatum
2629 3522 2944 3585 relinqueret,
2976 3521 3061 3571 sed
3091 3522 3237 3573 etiam

1685 3611 1770 3674 ut,
1807 3622 1921 3674 quae
1950 3621 2037 3675 per
2068 3607 2409 3658 testamentum
2447 3604 2789 3667 constitueret,
2813 3616 2869 3653 ea
2900 3604 3039 3655 firma
3062 3608 3113 3657 et
3133 3607 3237 3657 rata

1683 3699 1840 3749 essent
1853 3732 1869 3759 ,
1894 3697 1947 3745 et
1960 3732 1977 3759 ,
2002 3706 2145 3758 quem
2168 3691 2258 3743 sibi
2284 3690 2437 3741 fllium
2455 3689 2731 3753 ascisceret,
2750 3692 2807 3739 ut
2823 3688 2865 3740 is
2893 3703 3086 3755 quoque
3102 3692 3239 3744 bonis

1683 3777 1782 3827 suis
1805 3774 2042 3838 potiretur
2058 3808 2073 3835 ,
2093 3771 2156 3821 ad
2173 3782 2375 3833 arasque
2396 3768 2636 3830 maiorum
2654 3766 2930 3831 accederet,
2964 3768 3119 3833 iisque
3139 3784 3239 3821 una

1683 3858 1870 3920 sibique
1883 3856 1986 3906 vita
2005 3854 2237 3905 defuncto
2249 3852 2381 3916 justa
2402 3850 2579 3901 faceret
2608 3869 2623 3900 z
2659 3850 2725 3914 (8)
2744 3863 2884 3901 nosse
2905 3851 3069 3901 autem
3096 3854 3238 3917 Asty-

1683 3944 1871 4008 pbilum
1905 3944 2015 3991 tum
2042 3938 2251 3989 maxime
2285 3937 2385 3987 fore
2417 3937 2477 3985 ut
2501 3935 2608 3985 baec
2644 3936 2807 3985 omnia
2844 3935 3041 3999 fierent,
3064 3936 3105 3987 si
3138 3949 3237 3989 non

1685 4023 1786 4074 sine
1807 4018 2075 4071 necessario
2100 4028 2185 4066 um
2202 4012 2493 4065 conscientia
2514 4012 2856 4063 testamentum
2868 4013 3100 4065 scriberet
3114 4051 3128 4077 ,
3154 4013 3236 4065 sed

1685 4100 1843 4151 ascitis
1880 4098 2039 4159 potius
2062 4096 2269 4157 pr‘mum
2290 4090 2487 4155 quidem
2504 4089 2777 4140 necessarus
2789 4126 2805 4152 ,
2831 4090 2937 4140 tum
2956 4103 3070 4141 vero
3092 4092 3237 4143 etiam

1685 4177 1991 4245 phratoribus
2016 4174 2163 4235 atque
2179 4170 2407 4233 demotis,
2428 4170 2478 4219 et
2498 4168 2706 4231 denique
2728 4167 3021 4231 reliquorum
3040 4169 3238 4220 familia·

1686 4260 1812 4310 rium
1857 4255 1934 4306 tot
1963 4262 2167 4302 numero
2205 4250 2327 4312 quot
2360 4248 2506 4299 modo
2548 4258 2715 4309 eogere
2750 4246 2940 4307 posset3
2986 4246 3080 4295 hoc
3109 4246 3238 4297 enim

1687 4338 1812 4387 facto
1843 4336 2063 4385 futurum
2076 4366 2093 4394 ,
2114 4330 2215 4379 sive
2240 4328 2350 4390 quis
2366 4339 2428 4378 ex
2451 4325 2594 4375 titulo
2615 4322 3039 4386 consanguinitatis
3060 4325 3163 4375 sive
3177 4338 3239 4377 ex

1685 4415 1826 4467 titulo
1852 4412 1994 4477 legati
2042 4408 2358 4461 hereditatem
2398 4405 2505 4467 ejus
2542 4404 2754 4469 peteret,
2780 4403 2838 4451 ιιι
2862 4400 2905 4451 is
2942 4402 3047 4453 falsi
3091 4416 3238 4466 quam

1689 4492 1912 4544 facillime
1946 4486 2324 4540 convinceretur.
2414 4482 2485 4545 (9)
2516 4480 2661 4543 Atqui
2708 4482 2894 4531 constat
2935 4481 3237 4544 Astyphilum

1687 4574 1861 4624 horum
1888 4570 2005 4623 nibil
2045 4569 2220 4632 egisse,
2252 4576 2411 4628 neque
2430 4562 2623 4613 illorum
2640 4597 2655 4623 ,
2688 4572 2813 4624 quos
2832 4559 2978 4610 modo
2999 4560 3099 4611 dixi
3112 4596 3128 4621 ‚
3158 4562 3239 4611 ul-

1687 4654 1790 4704 lum
1817 4648 2092 4699 adhibuisse
2106 4682 2123 4709 ,
2145 4656 2297 4708 quum
2324 4639 2671 4693 testamentum
2687 4636 2807 4688 illud
2826 4636 2959 4701 quod
2983 4636 3032 4687 hi
3056 4638 3241 4700 jactant

1685 4730 1947 4789 scriberet,
1976 4725 2065 4776 nisi
2090 4724 2196 4788 quis
2228 4720 2424 4772 forsitan
2446 4718 2507 4769 ab
2538 4716 2615 4768 bis
2644 4715 2937 4767 subornatus
2966 4714 3066 4766 aiat
3084 4730 3137 4767 se
3164 4718 3238 4768 af·

1689 4809 1848 4861 fuisse.
1909 4809 2009 4868 Ego
2030 4816 2145 4854 vero
2167 4801 2311 4851 hosce
2336 4810 2504 4849 omnes
2521 4794 2783 4860 producam
2810 4792 2873 4843 ad
2897 4806 3011 4857 vos,
3024 4792 3237 4858 iudices,

1688 4884 1962 4939 testimonio
1980 4896 2067 4935 suo
2082 4879 2445 4932 confirmaturos
2461 4886 2573 4939 qum
2600 4872 2702 4923 dixi
2727 4884 2842 4923 vera
2870 4884 2973 4923 esse
2992 4871 3173 4927 omnia.

2350 5038 2583 5085 usus.

1759 5162 1830 5207 ιο.
1867 5154 2086 5207 Forsitan
2120 5151 2265 5215 igitur
2290 5150 2441 5203 eleon
2460 5146 2654 5211 negabit
2674 5154 2871 5208 oequum
2892 5154 2995 5193 esse
3021 5142 3076 5191 ut
3098 5154 3234 5207 argu.

87 5232 110 5269 Β
127 5248 187 5284 νει
203 5236 460 5316 τεκμηρίοις
486 5244 618 5320 ὑμᾶς
647 5242 948 5325 χρήσασθαι
971 5241 1167 5309 τούτοις
1193 5242 1296 5311 τοῖς
1325 5239 1600 5323 μάρτυσιν,
1691 5248 1966 5301 mentorum
1991 5244 2098 5297 loco
2117 5240 2243 5307 apud
2262 5252 2349 5291 vos
2373 5240 2467 5289 sint
2484 5234 2755 5289 testimonia
2776 5242 2946 5283 eorum
2972 5230 3055 5295 qui
3078 5238 3218 5297 negat
