3825 5842
567 472 588 519 ι
607 471 672 518 ιιι

1043 604 1049 611 ’
1097 694 1100 699 -
1149 622 1490 669 mserum.

617 780 688 822 ιε.
731 762 856 820 Τῶν
885 756 980 835 μὲν
1010 755 1286 838 μαρτύρων
1310 753 1592 827 ἀκηκόατε.
1619 754 1700 816 Τὸ
1728 754 1782 814 δὲ
1801 756 2094 817 τελευταῖον

539 848 608 915 εἰς
635 846 730 921 τὴν
759 844 926 928 ἀρχὴν
956 842 1220 911 καταστὰς
1247 844 1443 923 ἀγαθοῦ
1469 842 1561 921 μὲν
1589 842 1792 912 οὐδενὸς
1819 844 2095 925 μετέσχεν,

460 952 512 991 so
541 936 712 994 ἄλλων
741 933 794 993 δὲ
817 936 1044 995 πολλῶν.
1069 932 1258 995 Καίτοι
1281 930 1426 1013 εἴπερ
1448 922 1512 1004 ἦν
1542 929 1672 1012 ἀνὴρ
1697 931 1910 1010 ἀγαθός,
1935 935 2095 1013 ἐχρῆν

539 1020 602 1082 ἂν
627 1025 830 1104 πρῶτον
855 1019 950 1099 μὲν
978 1019 1053 1097 μὴ
1076 1019 1392 1100 παρανόμως
1412 1018 1611 1101 ἄρχειν,
1639 1017 1817 1079 ἔπειτα
1839 1025 1904 1101 τῇ
1932 1023 2094 1101 βουλῇ

540 1110 771 1191 μηνυτὴν
807 1108 1036 1189 γίνεσθαι
1077 1107 1198 1190 περὶ
1242 1110 1345 1167 τῶν
1375 1108 1710 1185 εἰσαγγελιῶν
1739 1107 1983 1184 ἁπασῶν,
2016 1107 2095 1167 ὅτι

537 1198 739 1279 ψευδεῖς
767 1188 887 1270 εἶεν,
914 1193 1006 1255 καὶ
1033 1194 1310 1277 Βάτραχος
1343 1194 1434 1253 καὶ
1463 1192 1782 1274 Αἰσχυλίδης
1807 1197 1866 1253 οὐ
1892 1197 2095 1269 τάληθῆ

540 1283 842 1363 μηνύουσιν,
870 1282 1006 1343 ἀλλὰ
1032 1283 1100 1342 τὰ
1123 1283 1222 1343 ὑπὸ
1244 1286 1346 1343 τῶν
1366 1281 1644 1363 τριάκοντα
1663 1282 1960 1343 πλασθέντα
1988 1286 2094 1345 εἶσ-

541 1373 875 1453 αγγέλλουσι,
922 1370 1236 1450 συγκείμενα
1263 1370 1349 1430 ἐπὶ
1383 1374 1450 1451 τῇ
1495 1372 1597 1429 τῶν
1628 1372 1853 1430 πολιτῶν
1895 1373 2091 1452 βλοίὸῃ.

546 1462 634 1541 (ιο)
658 1462 768 1525 Καὶ
793 1460 885 1538 μὲν
915 1460 1006 1537 δή,
1025 1450 1068 1519 ὦ
1093 1458 1271 1539 ἄνδρες
1297 1456 1568 1531 δικασταί,
1591 1457 1702 1518 ὅσοι
1725 1460 1937 1519 κακόνοι
1960 1452 2094 1533 ἦσαν

462 1576 514 1615 ³5
539 1552 614 1631 τῷ
656 1548 887 1629 ὕμετέρω
923 1548 1136 1621 πλήθει,
1165 1545 1308 1605 οὐδὲν
1337 1544 1550 1605 ἔλαττον
1593 1536 1732 1625 εἶχον
1773 1552 2095 1616 σιωπῶντες·

541 1636 705 1717 ἕτεροι
733 1635 833 1715 γὰρ
859 1610 994 1707 ξἦσαν
1013 1638 1061 1693 οἱ
1087 1633 1321 1711 λέγοντες
1337 1632 1428 1692 καὶ
1447 1632 1756 1712 πράττοντες
1777 1626 1850 1695 ῶν
1873 1636 1973 1715 οὐχ
1992 1626 2096 1694 οἶόν

539 1726 586 1783 τ’
613 1717 677 1798 ἦν
710 1724 871 1803 μείζω
904 1720 1045 1782 κακὰ
1071 1720 1308 1799 γενέσθαι
1341 1725 1407 1800 τῇ
1435 1720 1603 1780 πόλει.
1635 1718 1857 1781 Ὁπόσοι
1883 1721 1928 1779 δ’
1964 1712 2099 1781 εὖνοί

541 1834 699 1894 φασιν
739 1801 904 1883 εἶναι,
941 1812 1054 1877 πῶς
1092 1810 1186 1868 οὐκ
1227 1810 1446 1868 ἐνταῦθα
1483 1805 1698 1880 ἔδειξαν,
1742 1807 1891 1868 αὐτοί
1935 1831 1991 1867 τε
2032 1807 2098 1868 τὰ

545 1899 791 1981 βέλτιστα
827 1897 1062 1976 λέγοντες
1102 1895 1193 1956 καὶ
1235 1896 1355 1964 τοὺς
1395 1894 1842 1978 ἐξαμαρτάνοντας
1874 1896 2098 1980 ἀποτρέ·-

541 2010 751 2061 ποντες,

622 2096 696 2137 so-
737 2072 893 2141 Ἴσως
920 2073 967 2133 δ’
996 2071 1058 2133 ἂν
1087 2074 1201 2154 ἔχοι
1237 2073 1398 2132 εἰπεῖν
1423 2070 1505 2132 ὅτι
1531 2072 1804 2152 ἐδεδοίκει,
1833 2075 1925 2133 καὶ
1953 2076 2097 2150 ὑμῶν

512 2186 519 2191 ·
541 2168 695 2224 τοῦτο
723 2160 872 2229 ἐνίοις
889 2160 1067 2222 ἱκανὸν
1091 2160 1260 2222 ἔσται.
1297 2158 1486 2228 Ὅπως
1514 2158 1682 2220 τοίνυν
1711 2159 1786 2238 μὴ
1811 2160 2101 2243 φανήσεται

519 2254 599 2311 ἐν
621 2254 696 2332 τῷ
717 2250 856 2332 λόγῳ
881 2257 987 2318 τοῖς
1015 2248 1295 2330 τριάκοντα
1319 2247 1716 2324 ἐναντιούμενος·
1743 2251 1788 2307 εἰ
1815 2248 1870 2308 δὲ
1898 2248 2003 2327 μή,
2025 2251 2101 2308 ἐν·

468 2361 524 2402 40
545 2342 728 2399 ταυθοῗ
747 2340 900 2409 δῆλος
926 2336 1074 2397 ἔσται
1095 2334 1175 2397 ὅτι
1198 2336 1369 2397 ἐκεῖνοί
1395 2360 1454 2395 τε
1483 2337 1626 2417 αὐτῷ
1658 2335 1875 2416 ἤρεσκε,
1903 2337 1995 2395 καὶ
2023 2359 2101 2396 το·

513 2466 522 2473 ·
545 2432 728 2489 σοῦτον
759 2425 972 2487 ἐδύνατο
995 2423 1133 2485 ὥστε
1152 2424 1533 2502 ἐναντιούμενος
1556 2421 1714 2502 μηδὲν
1738 2422 1898 2483 κακὸν
1920 2424 2099 2483 παθεῖν

515 2514 632 2575 -ὓπ’
657 2516 845 2577 αὐτῶν.
873 2514 1022 2595 Χρῆν
1051 2512 1095 2571 δ’
1114 2510 1268 2572 αὐτὸν
1292 2510 1420 2592 ὑπὲρ
1447 2514 1540 2583 τῆς
1566 2510 1818 2592 ὑμετέρας
1845 2509 2103 2593 σωτηρίας

542 2601 740 2677 ταύτην
762 2601 860 2675 τὴν
891 2600 1181 2683 προθυμίαν
1218 2598 1379 2680 ἔχειν,
1412 2598 1548 2658 ἀλλὰ
1576 2597 1653 2679 μὴ
1677 2597 1805 2680 ὑπὲρ
1841 2598 2102 2679 Θηραμέ-

543 2713 685 2763 νους,
711 2688 764 2757 ὃς
805 2690 876 2757 εἰς
907 2692 1042 2766 ὑμᾶς
1066 2685 1237 2746 πολλὰ
1267 2684 1573 2766 ἐξήμαρτεν.
1662 2687 1756 2765 (51)
1797 2686 1934 2746 Ἀλλ’
1958 2677 2103 2754 οὗτος

545 2776 642 2850 τὴν
663 2776 757 2855 μὲν
783 2776 933 2836 πόλιν
957 2772 1146 2856 ἐχθρὰν
1178 2772 1406 2854 ἐνόμιζεν
1427 2764 1588 2848 εἶναι,
1617 2772 1733 2841 τοὺς
1756 2774 1800 2832 δ’
1826 2772 2103 2854 ὑμετέρους

545 2862 757 2945 ἐχθροὺς
779 2863 970 2947 φίλους,
989 2866 1060 2931 ὣς
1079 2863 1348 2944 ἀμφότερα
1367 2866 1534 2921 ταῦτα
1555 2860 1659 2941 ἐγὼ
1673 2862 1886 2929 πολλοῖς
1900 2886 2100 2941 τεκμη-

455 2952 674 3035 χ25ρίοις
693 2951 1047 3033 παραστήσω,
1076 2949 1166 3009 καὶ
1188 2948 1282 3018 τὰς
1303 2948 1429 3031 πρὸς
1455 2950 1708 3023 ἀλλήλους
1738 2949 1987 3032 διαφορὰς
2006 2952 2104 3030 οὐχ

543 3040 673 3121 ὓπὲρ
693 3042 858 3118 ὑμῶν,
878 3038 992 3098 ἀλλ’
1008 3038 1138 3119 ὑπὲρ
1156 3041 1354 3098 ἑαυτῶν
1377 3037 1662 3117 γινομένας,
1680 3037 1916 3119 ὁπότεροι
1935 3042 2103 3098 ταῦτα

542 3126 797 3211 πράξουσι
823 3126 914 3186 καὶ
939 3130 1035 3199 τῆς
1054 3128 1255 3193 πόλεως
1281 3124 1509 3206 ἄρξουσι.
1532 3126 1621 3205 (52)
1653 3124 1763 3188 Καὶ
1780 3123 1850 3204 γὰ
1907 3127 1953 3184 εἰ
1974 3122 2102 3205 ὑπὲρ

543 3219 648 3277 τῶν
677 3213 1028 3291 ἀδικουμένων
1057 3214 1384 3286 ἐστασίαζον,
1414 3218 1513 3273 ποῦ
1538 3214 1748 3273 κάλλιον
1772 3212 1836 3273 ἂν
1855 3148 1928 3286 ςήν
1955 3213 2103 3295 ἀνδρὶ

546 3303 790 3385 ἄρχοντι,
829 3300 865 3375 ἢ
911 3300 1292 3385 Θρασυὸούλου
1326 3300 1514 3375 Φυλὴν
1555 3300 1953 3381 κατειληφότος,
1994 3301 2104 3361 τότ’

508 3386 513 3395 ’
546 3388 896 3459 ἐπιδείξασθαι
919 3387 1014 3461 τὴν
1030 3392 1187 3449 αὑτοῦ
1218 3388 1490 3449 συνουσίαν
1500 3413 1518 3462 ;
1537 3387 1604 3450 Ὁ
1624 3389 1668 3449 δ’
1696 3388 1809 3448 ἀντὶ
1828 3395 1918 3448 τοῦ
1947 3392 2106 3468 ἐπαγ·

495 3491 520 3531 5
544 3475 818 3556 γείλασθαί
839 3500 888 3535 τι
910 3475 945 3548 ἢ
974 3475 1170 3557 πρᾶξαι
1199 3474 1388 3555 ἀγαθὸν
1415 3476 1543 3556 πρὸς
1563 3475 1681 3544 τοὺς
1703 3476 1789 3535 ἐπὶ
1817 3478 2011 3556 Φυλῇ,
2028 3478 2105 3535 ἐλ·

547 3564 649 3625 θὼν
687 3563 821 3643 μετὰ
847 3567 950 3624 τῶν
980 3562 1341 3646 συναρχόντων
1371 3568 1443 3631 εἰς
1481 3566 1762 3644 Σαλαμῖνα
1795 3565 1885 3624 καὶ
1915 3564 2102 3625 Ἐλευ-

547 3652 722 3712 σῖνάδε
764 3651 1085 3735 τριακοσίους
1127 3655 1231 3710 τῶν
1257 3653 1482 3712 πολιτῶν
1512 3650 1783 3731 ἀπήγαγεν
1815 3656 1883 3721 εἷς
1922 3651 1980 3711 τὸ
2020 3651 2103 3711 δε-

549 3738 866 3823 σμωτήριον,
909 3739 1000 3799 καὶ
1043 3747 1140 3819 μιᾷ
1179 3738 1338 3820 ψήφῳ
1385 3739 1554 3798 αὐτῶν
1597 3738 1844 3798 ἁπάντων
1882 3738 2105 3799 θάνατον

547 3824 961 3909 κατεψηφίσατο.
989 3828 1080 3905 (53)
1109 3825 1328 3898 Ἐπειδὴ
1354 3826 1408 3885 δὲ
1432 3827 1502 3894 εἷς
1523 3824 1609 3885 τὸν
1627 3828 1858 3905 Πειραιᾶ
1877 3826 2103 3904 ἤλθομεν

545 3914 639 3977 καὶ
670 3919 724 3975 αῖ
752 3914 983 3996 ταραχαὶ
1013 3913 1352 3994 γεγενημέναι
1385 3904 1521 3987 ἦσαν
1550 3913 1641 3974 καὶ
1677 3914 1796 3996 περὶ
1823 3918 1925 3973 τῶν
1953 3916 2103 3988 διαλ-

545 4004 720 4084 λαγῶν
757 4006 804 4063 οἱ
844 4003 986 4083 λόγοι
1024 4001 1276 4082 ἐγίνοντο,
1302 4001 1500 4069 πολλὰς
1527 4000 1761 4082 ἑκάτεροι
1793 4003 2005 4069 ἐλπίδας
2032 4002 2106 4061 εἴ·

467 4107 518 4147 10
545 4115 709 4175 χομεν
729 4091 857 4174 πρὸς
883 4090 1139 4163 ἀλλήλους
1159 4090 1365 4151 ἔσεσθαι
1386 4094 1456 4160 ὥς
1479 4090 1763 4175 ἀμφότεροι
1788 4090 1987 4161 ἔδοξαν.
2018 4091 2105 4174 (54)

547 4182 618 4241 Οἱ
638 4180 734 4257 μὲν
757 4178 858 4262 γὰρ
884 4182 944 4239 ἐκ
977 4180 1240 4261 Πειραιῶς
1265 4178 1524 4262 κρείττους
1549 4180 1691 4249 ὄντες
1719 4178 1898 4240 εἴασαν
1926 4180 2107 4248 αὐτοὺς

549 4269 806 4328 ἀπελθεῖν·
831 4268 954 4327 οἶδὲ
981 4270 1052 4336 εἷς
1077 4267 1137 4327 τὸ
1166 4267 1295 4327 ἄστυ
1316 4267 1547 4337 ἐλθόντες
1566 4267 1686 4337 τοὺς
1709 4267 1804 4348 μὲν
1824 4269 2104 4352 τριάκοντα

549 4355 790 4426 ἐξέὸαλον
817 4354 955 4428 πλὴν
983 4357 1246 4424 Φείδωνος
1271 4356 1362 4416 καὶ
1389 4355 1821 4436 Ἐρατοσθένους,
1853 4357 2107 4440 ἄρχοντας

549 4444 606 4503 δὲ
643 4442 761 4511 τοὺς
789 4442 999 4511 ἐκείνοις
1035 4442 1298 4525 ἐχθίστους
1327 4442 1552 4519 εἵλοντο,
1580 4446 1856 4525 ἡγούμενοι
1896 4445 2108 4514 δικαίως

549 4531 614 4593 ἂν
637 4532 739 4592 ὑπὸ
755 4535 858 4592 τῶν
878 4535 1048 4592 αὐτῶν
1077 4532 1198 4601 τούς
1217 4556 1274 4593 τε
1291 4534 1570 4616 τριάκοντα
1595 4540 1857 4613 μισεῖσθαι
1876 4535 1968 4593 καὶ
1990 4534 2108 4602 τοὺς

549 4626 602 4685 ἐν
619 4626 857 4708 Πειραιεῖ
875 4627 1155 4708 φιλεῖσθαι.
1199 4628 1293 4706 (ss)
1317 4625 1532 4687 Τούτων
1549 4627 1716 4687 τοίνυν
1737 4627 1945 4689 Φείδων
1961 4631 1989 4686 ὁ
2003 4631 2105 4687 τῶν

472 4736 517 4775 ι5
545 4714 822 4796 τριάκοντα
865 4713 1135 4793 γενόμενος
1187 4714 1278 4774 καὶ
1329 4712 1616 4787 Ἱπποκλῆς
1666 4714 1757 4775 καὶ
1806 4714 2105 4796 Ἐπιχάρης

551 4805 580 4860 ὁ
601 4798 919 4882 Λαμπτρεὺς
941 4801 1033 4861 καὶ
1053 4802 1217 4892 ἕτεροι
1239 4804 1287 4861 οἱ
1312 4802 1573 4870 δοκοῦντες
1592 4791 1724 4861 εἶναι
1747 4802 2107 4863 ἐναντιώτατοι

549 4892 808 4972 Χαρικλεῖ
835 4890 926 4949 καὶ
957 4890 1150 4973 Κριτία
1176 4890 1266 4949 καὶ
1293 4894 1360 4969 τῇ
1398 4889 1604 4973 ἐκείνων
1629 4889 1889 4972 ἑταιρεία,
1926 4889 2106 4963 ἐπειδὴ

551 4977 734 5046 αὐτοὺς
761 4980 833 5045 εἷς
863 4977 958 5050 τὴν
987 4979 1154 5058 ἀρχὴν
1183 4975 1532 5051 κατέστησαν,
1571 4977 1706 5037 πολὺ
1734 4976 1895 5055 μείζω
1925 4976 2106 5037 στάσιν

549 5066 641 5126 καὶ
661 5065 894 5144 πόλεμον
923 5065 1008 5125 ἐπὶ
1029 5066 1146 5133 τοὺς
1168 5070 1222 5125 ἐν
1241 5066 1486 5144 Πειραιεῖ
1507 5067 1613 5135 τοῖς
1641 5065 1692 5135 ἐξ
1717 5066 1896 5135 ἄστεος
1927 5065 2106 5139 ἐποίη-

553 5175 671 5212 σαν.
724 5154 817 5233 (56)
842 5142 920 5239 ’ᾟ
938 5152 1028 5213 καὶ
1042 5157 1272 5235 φανερῶς
1295 5152 1620 5223 ἐπεδείξαντο
1640 5154 1720 5214 ὅτι
1738 5157 1838 5235 οὐχ
1859 5153 1987 5234 ὑπὲρ
2005 5157 2108 5213 τῶν

553 5240 606 5299 ἐν
623 5242 868 5322 Πειραιεῖ
891 5242 1001 5301 οὐδ’
1031 5241 1160 5323 ὑπὲρ
1192 5246 1294 5302 τῶν
1324 5241 1512 5311 ἀδίκως
1544 5243 1918 5322 ἀπολλυμένων
1952 5245 2109 5302 ἐστα-

1447 472 1454 479 ·
1507 453 1788 515 Amor
1829 456 1876 514 Ο
1924 454 2131 515 ΚΑΤΑ
2174 454 2803 518 ΕΡΑἸῸΣΘΕΝΟΥΣ.

3468 462 3695 539 (sis—421

2840 617 3085 668 TESTES.

2246 760 2324 807 48.
2354 758 2521 807 Testes
2539 755 2813 807 audivistis.
2830 755 2908 808 Ad
2927 756 3221 821 postremum
3242 757 3331 807 iste
3348 770 3531 808 summo
3546 758 3714 823 imperio

2185 849 2366 913 potitus
2386 886 2402 913 ,
2427 849 2549 899 nihil
2569 848 2837 914 quidquam
2853 850 2971 901 boni
2985 849 3205 911 admisit,
3226 850 3309 901 scd
3328 850 3455 901 mala
3473 852 3628 904 multa.
3646 858 3715 905 At-

2184 953 2347 1002 tamen
2370 950 2411 1001 si
2437 950 2515 1000 vir
2537 950 2695 1001 bonus
2712 950 2901 1012 tuimet,
2927 952 3139 1014 primum
3162 951 3376 1015 oportuit
3402 950 3619 1013 iniustum
3639 955 3714 1004 im·

2190 1054 2381 1117 perium
2393 1054 2485 1105 sibi
2494 1067 2595 1104 non
2607 1054 2881 1117 conciliare,
2892 1053 3063 1105 deinde
3073 1055 3258 1105 senatui
3270 1052 3480 1105 indicare
3492 1056 3719 1107 delationes

2184 1164 2352 1202 omnes
2369 1164 2471 1203 esse
2490 1151 2661 1215 salsas,
2678 1152 3069 1217 Batrachumque
3094 1151 3146 1203 et
3162 1150 3483 1216 AEschylidem
3512 1165 3602 1203 non
3626 1166 3715 1204 vera

2188 1253 2485 1318 deterre,sed
2497 1268 2609 1319 quae
2627 1268 2658 1306 a
2682 1255 2994 1319 trigintaviris
3010 1256 3277 1319 excogitata
3292 1256 3481 1306 fuerant
3500 1256 3547 1305 in
3565 1257 3715 1306 civium

2188 1358 2463 1421 perniciem.
2528 1359 2631 1423 (⁴9)
2660 1350 2721 1411 Et
2738 1360 2985 1426 protecto,
3004 1359 3219 1423 jndices,
3244 1358 3538 1422 quicumque
3564 1358 3609 1409 in
3630 1362 3711 1411 sta-

2186 1464 2292 1513 tum
2313 1464 2593 1528 popularem
2616 1464 2783 1528 iniquo
2804 1466 2942 1515 erant
2968 1465 3158 1528 animo,
3182 1477 3284 1514 non
3306 1462 3456 1527 pejori
3482 1463 3585 1513 loco
3606 1466 3717 1514 erant

2186 1564 2306 1615 dum
2326 1566 2550 1629 silerent3
2570 1566 2807 1630 siquide-
2839 1567 2919 1617 alii
2946 1568 3084 1617 erant
3106 1566 3194 1630 qni
3214 1566 3309 1616 ists
3325 1568 3523 1630 egerunt
3550 1568 3595 1616 et
3608 1567 3719 1618 dixe·

2187 1670 2329 1732 runt,
2369 1669 2546 1733 quibus
2578 1670 2799 1732 graviora
2828 1670 2955 1720 mala
2986 1670 3172 1720 civitati
3220 1668 3443 1719 accidere
3484 1682 3577 1719 non
3606 1672 3718 1731 pote-
3784 1706 3786 1709 Α

2188 1773 2314 1822 rant.
2332 1771 2639 1836 Quicumque
2660 1776 2823 1823 autem
2847 1772 3112 1837 praedicant
3136 1785 3188 1823 se
3210 1772 3359 1823 ruisse
3375 1771 3634 1833 benevolOE,
3650 1784 3719 1821 cur

2187 1872 2239 1924 id
2260 1875 2377 1924 tunc
2402 1887 2502 1925 non
2524 1874 2854 1939 significarunt
2874 1876 3061 1940 optima
3080 1872 3332 1925 suadendo
3356 1872 3406 1924 et
3428 1872 3721 1937 delinquentes

2188 1975 2517 2026 dehortando?

2255 2080 2332 2125 5ο.
2366 2074 2461 2126 Sed
2483 2073 2683 2125 forsitan
2708 2074 2839 2125 dicet
2861 2072 3022 2139 (quod
3040 2072 3285 2124 nonnullis
3304 2073 3517 2124 vestrum
3534 2073 3719 2125 sufficere

2191 2162 2398 2213 arbitror
2410 2164 2431 2227 )
2450 2176 2503 2213 se
2519 2162 2736 2214 timuisse
2748 2176 2812 2213 ne
2824 2162 2983 2213 verbis
2999 2164 3164 2227 aperte
3176 2160 3425 2213 videretur
3437 2160 3715 2223 trigintariris

2192 2248 2451 2301 adversari.
2478 2253 2584 2301 Hoc
2600 2250 2641 2301 si
2659 2264 2757 2301 non
2774 2250 2975 2313 dixerit,
2996 2250 3109 2300 hinc
3128 2248 3399 2301 declarabit
3410 2250 3485 2299 vel
3504 2250 3717 2311 tyrannica

2190 2338 2281 2401 ipsi
2306 2338 2545 2403 placuisse
2557 2378 2572 2402 ‚
2591 2339 2670 2389 vel
2696 2340 2887 2389 tantum
2906 2338 3121 2402 potuisse
3142 2340 3199 2388 ut
3221 2338 3373 2388 etiam
3390 2337 3635 2388 adversans
3655 2338 3717 2387 ni-

2191 2424 2259 2475 hil
2277 2423 2450 2476 abillis
2466 2426 2581 2476 mali
2604 2428 2868 2490 pateretur.
2890 2429 3057 2489 Ipsum
3077 2428 3241 2476 autem
3258 2425 3475 2489 oportuit
3489 2438 3571 2488 pro
3586 2426 3718 2475 vestm

2190 2512 2372 2576 salute,
2396 2526 2495 2563 non
2510 2526 2599 2577 pro
2628 2513 2923 2566 Theramene
2943 2513 3027 2577 qui
3054 2516 3155 2563 tam
3172 2512 3385 2577 graviter
3400 2513 3450 2562 in
3467 2526 3550 2563 vos
3570 2525 3715 2576 pecca-

2191 2601 2289 2664 vit,
2316 2614 2427 2652 eam
2457 2602 2605 2651 animi
2622 2601 2919 2652 alacritatem
2938 2614 3235 2665 expromere.
3322 2601 3421 2665 (51)
3445 2603 3619 2652 Verum
3640 2603 3719 2663 ipse

2192 2688 2440 2740 civitatem
2461 2692 2679 2740 nostram
2700 2689 2939 2751 judicavit
2957 2688 3201 2739 inimicam
3214 2726 3230 2752 ,
3251 2688 3476 2739 inimicos
3490 2690 3640 2739 autem
3655 2702 3719 2740 no-

2190 2779 2315 2828 stros
2330 2790 2419 2841 pro
2441 2777 2609 2828 amicis
2626 2777 2797 2829 habuit
2817 2796 2831 2827 ι
2850 2776 2983 2841 quod
3000 2778 3262 2841 utrumque
3277 2775 3423 2828 vobis
3440 2778 3595 2827 multis
3611 2791 3720 2841 argu·

2190 2866 2366 2917 mentis
2399 2863 2728 2927 confirmabo,
2751 2866 2803 2915 et
2833 2864 3163 2915 contentiones
3192 2876 3307 2927 quae
3342 2865 3467 2915 inter
3496 2863 3598 2915 illos
3622 2866 3721 2914 ortae

2190 2952 2314 3015 sint,
2330 2964 2428 3003 non
2449 2953 2627 3015 vestra,
2650 2952 2733 3003 sed
2746 2964 2834 3002 sua
2854 2952 3069 3015 ipsorum
3090 2964 3237 3002 causa
3253 2951 3533 3015 contigisse,
3550 2953 3637 3002 utri
3650 2952 3722 3001 sci·

2191 3040 2305 3091 licet
2326 3041 2377 3090 in
2409 3039 2619 3103 privatos
2642 3040 2891 3103 tyrannica
2912 3040 3108 3102 agerent
3136 3040 3187 3090 et
3208 3039 3457 3090 civitatem
3478 3050 3565 3088 suo
3589 3038 3721 3089 domi-
3785 3102 3786 3107 ἵ

2190 3130 2311 3179 natu
2331 3128 2674 3192 opprimerent.
2736 3128 2836 3191 (52)
2874 3129 2937 3178 Et
2969 3141 3087 3178 vero
3112 3128 3153 3178 si
3183 3140 3358 3177 eorum
3384 3140 3527 3178 causa
3550 3126 3663 3178 inter
3682 3141 3723 3179 se
3785 3170 3786 3177 ,

2192 3216 2520 3269 dissensissent
2536 3218 2621 3281 qui
2638 3216 2741 3268 laesi
2763 3218 2928 3281 erant,
2957 3229 3071 3279 quse
3094 3215 3345 3266 honestior
3368 3216 3554 3265 occasio
3570 3216 3724 3266 homini
3785 3254 3786 3267 ,

2191 3308 2393 3373 principi
2410 3309 2685 3374 contingere
2699 3310 2859 3374 potuit
2878 3308 2941 3361 ad
2952 3308 3169 3360 studium
3182 3322 3327 3360 suum
3346 3309 3399 3360 et
3418 3308 3627 3359 factionis
3640 3318 3723 3356 suae
3785 3374 3786 3377 Ἰ

2190 3396 2243 3446 in
2283 3397 2630 3461 rempublicam
2669 3397 3014 3448 declarandum
3052 3410 3201 3461 quam
3238 3410 3397 3461 quum
3432 3394 3723 3458 Thrasybulus
3785 3410 3786 3413 ¹

2193 3485 2378 3548 Phylen
2400 3487 2709 3549 occupasset?
2721 3486 2817 3536 Iste
2832 3487 2995 3536 autem
3012 3485 3135 3534 adeo
3158 3483 3279 3534 nihil
3296 3485 3416 3535 boni
3440 3485 3515 3535 vel
3532 3481 3723 3548 praestifit

2194 3574 2275 3623 vel
2287 3575 2516 3636 praestare
2532 3574 2739 3637 suscepit
2752 3587 2864 3637 erga
2882 3574 3155 3637 Phylenses,
3170 3575 3228 3624 ut
3244 3586 3361 3623 cum
3378 3572 3566 3637 iisquos
3579 3570 3724 3621 habuit
3784 3576 3786 3641 ᾗ

2192 3660 2379 3723 imperii
2396 3661 2551 3712 socios
2575 3661 2815 3712 salamina
2844 3662 2895 3711 et
2922 3660 3195 3711 Eleusinem
3220 3661 3491 3724 profectus,
3514 3660 3724 3711 trecentos
3784 3726 3786 3733 γ

2194 3748 2322 3799 cives
2338 3748 2388 3798 in
2412 3761 2655 3799 carcerem
2672 3747 2948 3811 abduxerit,
2968 3761 3163 3811 unaque
3178 3750 3419 3798 sententia
3434 3760 3596 3798 omnes
3610 3745 3723 3808 capi-

2192 3836 2279 3886 tali
2298 3836 2534 3901 supplicio
2552 3835 2806 3887 addixerit.
2831 3837 2929 3902 (53)
2950 3839 3115 3896 Quum
3136 3848 3253 3887 vem
3269 3837 3508 3887 Piraeeum
3524 3834 3725 3897 ceperim

2194 3932 2377 3994 exules,
2396 3933 2446 3982 et
2462 3930 2775 3982 dissensiones
2793 3932 2843 3981 in
2856 3929 2975 3982 urbe
2992 3931 3135 3981 sactae
3156 3932 3289 3995 sunt,
3310 3943 3371 3981 ac
3384 3932 3485 3994 jam
3501 3930 3561 3980 de
3576 3940 3722 3979 meon·

2194 4024 2432 4075 ciliatione
2450 4026 2524 4089 agi
2534 4026 2745 4090 coeptum
2758 4026 2849 4088 est,
2868 4026 3079 4075 maxima
3094 4025 3341 4088 utrimque
3357 4037 3467 4088 spes
3478 4022 3628 4073 illuxit
3638 4021 3725 4072 fore

2196 4120 2253 4169 ut
2283 4132 2347 4171 ex
2370 4118 2620 4169 ambarum
2649 4120 2859 4183 partium
2890 4118 3127 4169 sententia
3152 4130 3229 4169 τω
3258 4116 3581 4167 succederent.
3640 4114 3723 4177 (54)

2194 4214 2453 4265 Piraeenses
2474 4215 2602 4265 enim
2623 4214 2823 4264 victoria
2851 4212 2990 4278 potiti
3006 4249 3023 4276 ,
3060 4215 3227 4277 captos
3248 4225 3277 4262 a
3304 4225 3357 4263 se
3380 4212 3584 4261 urbanos
3614 4208 3725 4258 abire

2193 4310 2513 4373 permiserunt
2531 4329 2543 4360 =
2562 4308 2822 4373 quiurbem
2832 4308 3029 4371 ingressi
3044 4308 3207 4357 statim
3216 4306 3539 4370 trigintaviros
3551 4303 3723 4366 eiecere,

2194 4406 2373 4471 praeter
2398 4403 2663 4455 Phidonem
2681 4405 2732 4454 et
2758 4402 3123 4455 Eratosthenem
3136 4439 3150 4462 ,
3173 4402 3420 4465 ducesque
3448 4401 3623 4463 elegere
3647 4396 3725 4446 illis

2196 4499 2563 4563 infensissimos,
2583 4512 2613 4548 a
2638 4498 2815 4561 quibus
2834 4496 3039 4547 ducibus
3060 4496 3419 4547 arbitrabantur
3432 4494 3540 4557 jure
3562 4505 3616 4541 ac
3638 4502 3725 4539 me·

2194 4595 2289 4645 rito
2304 4596 2355 4646 et
2372 4593 2696 4658 trigintaviros
2719 4592 2830 4643 odio
2847 4591 3013 4642 haberi
3030 4593 3082 4642 et
3097 4604 3197 4653 eos,
3217 4590 3301 4653 qui
3326 4590 3377 4639 in
3397 4588 3575 4639 Piraeeo
3590 4582 3725 4643 erant,

2196 4688 2341 4753 diligi.
2370 4688 2469 4752 (55)
2494 4690 2677 4739 Horum
2703 4686 2848 4750 igitur
2864 4685 3019 4738 Phido
3037 4685 3125 4750 qui
3150 4698 3214 4735 ex
3235 4681 3540 4747 trigintaviris
3562 4679 3667 4739 fuit,
3687 4677 3728 4724 et

2197 4782 2449 4846 Hippocles
2466 4784 2517 4833 et
2533 4782 2790 4845 Epichares
2806 4780 3149 4844 Lamptrensis‚
3168 4777 3411 4840 ceterique
3426 4775 3509 4839 qui
3523 4771 3727 4821 videban-

2196 4869 2277 4918 tur
2293 4866 2599 4918 int‘ensissimi
2615 4865 2761 4916 fuisse
2774 4864 2984 4916 charicli
2994 4866 3043 4914 et
3060 4862 3227 4914 critiae
3236 4870 3500 4923 eorumque
3512 4852 3726 4911 sodalitio,

2198 4961 2283 5012 ubi
2315 4963 2573 5027 imperium
2598 4961 2793 5012 fuerunt
2809 4958 2987 5022 adepti,
3010 4958 3152 5021 longe
3174 4956 3443 5019 graviorem
3470 4948 3728 5002 seditionem

2198 5060 2247 5109 et
2264 5060 2435 5109 contra
2442 5058 2705 5109 Piraeenses
2720 5056 2901 5107 bellum
2918 5053 3164 5118 oppidanis
3176 5050 3463 5103 excitarunt.
3526 5043 3729 5108 (56)(ὶ11ιι

2198 5167 2251 5206 re
2268 5154 2413 5205 etiam
2434 5153 2619 5218 liquido
2636 5151 2969 5217 significarunt
2986 5162 3039 5200 se
3064 5161 3163 5199 non
3179 5160 3271 5211 pro
3298 5140 3604 5197 Pin-mensibus
3621 5135 3729 5184 inter

2199 5262 2251 5301 se
2270 5248 2547 5301 discordare
2557 5286 2575 5314 ,
2594 5260 2753 5311 neque
2764 5259 2853 5311 pro
2869 5245 2930 5297 iis
2947 5244 3033 5309 qui
3052 5244 3232 5307 iniuste
3258 5239 3449 5293 merant
3456 5226 3725 5293 interempti·
