3825 5842
1173 516 1566 583 Isoan‘rls
1606 516 2173 579 TBAPEZITICUS.

77 648 384 731 εἰσέπεμψε
411 646 468 708 δὲ
495 646 586 708 τὸν
609 644 836 710 Κίττον·
862 642 918 716 δς
953 644 1116 708 ἐλθὼν
1151 648 1310 709 latei&
1351 647 1528 731 ἔλεγεν
1583 646 1664 708 ὅτι

75 738 362 819 ἐλεύθερος
402 735 484 809 εἵη
529 738 622 797 καὶ
651 736 714 797 τὸ
751 735 896 816 γένος
949 737 1236 813 Μιλήσιος,
1263 738 1566 821 εἰσπέμψειε
1616 739 1660 796 δ’

77 828 246 887 αὐτὸν
286 825 514 887 Πασίων
545 824 819 897 διδάξοντα
857 823 978 908 περὶ
1020 830 1124 886 τῶν
1164 826 1474 909 χρημάτων.
1569 827 1662 908 (52)

3185 526 3298 580 259

1761 668 1840 706 me
1857 654 2131 719 postulante
2143 690 2158 717 ,
2176 652 2261 706 sed
2280 652 2463 705 citium
2482 650 2614 703 misit
2631 671 2643 703 ε
2664 650 2749 716 qui
2769 664 2923 715 quum
2936 663 2993 702 eo
3010 651 3247 715 venisset,
3260 666 3315 705 se

1759 742 2004 795 bominem
2040 744 2299 807 ingenuum
2322 756 2429 794 esse
2448 740 2573 792 dixit
2602 754 2775 805 genere
2811 740 3079 804 Milesium,
3105 746 3251 805 atque
3285 756 3316 792 a

1753 834 1955 884 Pasione
1977 832 2205 896 missum,
2225 834 2281 882 ιιι
2297 832 2555 896 exponeret
2584 830 2701 894 quid
2737 831 2897 881 actum
2922 835 3048 881 esset
3080 830 3140 881 de
3171 843 3319 895 pecu-

75 913 350 982 Ἀκούσας
369 914 426 975 δᾶ
449 913 686 997 Σάτυρος
701 914 1006 998 ἀμφοτέρων
1027 918 1178 994 ἡμῶν
1203 914 1428 985 δικάζειν
1457 913 1550 994 μὲν
1573 916 1666 974 οὒκ
1687 907 1735 973 b
1756 920 1869 972 niis.
1937 921 2036 986 (52)
2054 922 2251 985 Satyrus
2272 924 2434 971 autem
2462 924 2665 983 utroque
2682 922 2905 971 nostruin
2923 919 3090 970 audito
3104 920 3187 982 jus
3214 919 3318 983 qui·

27 1022 54 1062 ο
73 1004 238 1077 ἠξίου
265 1004 518 1084 περὶτῶν
544 1004 722 1063 ἐνθάδε
763 1002 1056 1083 γενομένων
1092 1003 1448 1083 συμὸολαίων,
1495 1003 1664 1073 ἄλλως

75 1116 138 1153 τε
170 1091 276 1153 καὶ
302 1092 380 1170 μὴ
408 1089 662 1173 παρόντος
687 1089 872 1151 τούτου
891 1090 1026 1170 μηδὲ
1052 1092 1327 1172 μέλλοντος
1353 1092 1590 1165 ποιήσειν
1628 1091 1664 1151 ἃ

79 1185 292 1250 ἐκεῖνος
319 1179 596 1255 δικάσειεν,
623 1179 760 1241 οὕτω
799 1179 857 1240 δᾶ
879 1180 1059 1264 σφόδρ’
1097 1180 1330 1262 ἐνόμιζεν
1373 1180 1664 1243 ἀδικεῖσθαί

81 1294 184 1349 με,
241 1267 386 1329 ὥστε
433 1266 759 1349 συγκαλέσας
795 1266 916 1337 τοὺς
953 1268 1272 1352 ναυκλήρους
1312 1271 1463 1331 ἰδεῒτ’
1491 1272 1661 1331 αὗτῶν

83 1363 310 1439 βοηθεῖν
330 1356 449 1439 ἐμοὶ
477 1355 568 1415 καὶ
611 1354 688 1433 μὴ
732 1365 985 1439 περιορᾶν
1021 1357 1378 1438 ἀδικούμενον,
1417 1358 1509 1421 καὶ
1536 1358 1666 1442 πρὸς

0 1468 54 1529 ,¹⁰
79 1445 186 1517 τὴν
221 1443 380 1505 πόλιν
417 1443 722 1528 συγγράψας
775 1442 1054 1519 ἐπιστολὴν
1083 1446 1246 1509 ἔδωκε
1290 1446 1464 1531 φέρειν
1501 1448 1665 1511 Ξενο-

83 1533 240 1617 τίμῳ
267 1538 350 1617 τῷ
369 1532 654 1618 Καρκίνου.
736 1531 852 1595 Καί
875 1556 965 1613 μοι
992 1534 1251 1617 ἀνάγνωθι
1275 1539 1471 1617 αὐτοῖς.

721 1674 1070 1727 ΕΠΙΣΤΟΔΗ.

1752 1010 1864 1062 dem
1887 1008 2051 1061 dicere
2072 1009 2134 1061 de
2158 1009 2481 1061 contractibus
2506 1009 2585 1059 hic
2603 1008 2743 1059 factis
2768 1007 2923 1060 noluit
2941 1043 2958 1071 ‚
3008 1022 3157 1072 quum
3200 1020 3323 1071 prae-

1751 1098 1916 1151 sertim
1934 1098 2013 1149 hic
2042 1112 2133 1150 nec
2162 1098 2378 1161 adesset,
2407 1111 2495 1149 nec
2522 1097 2653 1162 quod
2675 1097 2772 1147 illic
2787 1098 3138 1159 decerneretur,
3164 1097 3322 1147 sactu-

1751 1202 1836 1240 rus
1852 1190 1978 1240 esset
2000 1188 2117 1239 :sed
2130 1192 2230 1240 tam
2251 1188 2484 1251 insignem
2501 1186 2721 1250 iniuriam
2740 1187 2857 1237 mihi
2877 1185 2977 1237 lieri
2996 1183 3249 1249 jndicavit,
3272 1189 3324 1235 ιιι

1750 1276 2066 1328 navicularios
2080 1280 2369 1328 convocatos
2386 1276 2579 1340 rogarit,
2600 1279 2654 1327 ut
2671 1288 2811 1339 opem
2831 1274 2950 1325 mihi
2973 1274 3147 1325 ferrent
3171 1287 3325 1337 neque

1752 1364 1925 1429 iniuria
1946 1379 2024 1417 me
2046 1365 2171 1417 affici
2210 1368 2505 1430 paterentur,
2536 1366 2587 1416 et
2622 1363 2827 1430 scriptas
2862 1362 2925 1413 ad
2954 1364 3199 1415 civitatem
3242 1376 3321 1415 ve-

1751 1459 1900 1511 stram
1938 1457 2098 1511 literas
2131 1459 2386 1511 xenotimo
2421 1458 2611 1512 cercini
2642 1458 2743 1510 tillo
2782 1456 3089 1523 perferendas
3122 1455 3319 1511 dederit.

1751 1550 1852 1603 Has
1871 1564 2003 1603 nunc
2020 1552 2171 1605 recita
2194 1552 2331 1617 ipsis.

2406 1679 2661 1731 LITERAE.

175 1816 258 1859 sa.
303 1790 466 1857 Οὕτω
500 1792 692 1869 τοίνυν,
733 1784 780 1855 ὦ
807 1793 988 1878 ἄνδρες
1038 1790 1307 1869 δικασταί,
1345 1796 1557 1855 πολλῶν
1582 1818 1673 1874 μοι
1699 1826 1736 1868 c
1815 1817 1894 1863 53.
1930 1809 3000 1874 Quumautem,1udices,tantameaecausae
3020 1811 3083 1861 sit
3100 1810 3326 1876 oequitas,

91 1888 208 1946 τῶν
249 1882 470 1945 δικαίων
523 1880 884 1963 ὑπαρχόντων,
936 1882 1090 1944 ἐκεῖν’
1139 1887 1369 1964 ἡγοῦμαι
1426 1883 1672 1963 μέγιστον

89 1966 243 2036 εἶναι
279 1972 562 2055 τεκμήριον
584 1976 654 2040 ὧς
679 1973 960 2054 ἀποστερεῖ
985 1996 1051 2051 με
1082 1972 1303 2034 Πασίων
1325 1975 1430 2033 τῶν
1456 1972 1675 2055 χρημά-

13 2084 62 2126 15
85 2088 226 2139 των,
255 2061 344 2123 ὅτι
384 2063 474 2121 τὸν
514 2062 682 2121 παῖδα
709 2064 806 2121 οὗκ
831 2061 1060 2137 ἠθέλησε
1093 2062 1392 2143 βασανίζειν
1435 2062 1675 2121 ἐκδοῦναι

78 2154 176 2215 τὸν
206 2149 482 2213 συνειδότα
515 2149 752 2232 περὶτῆς
781 2150 1251 2233 παρακαταθήκης.
1337 2149 1525 2213 Καίτοι
1554 2150 1678 2229 περὶ

83 2246 196 2303 τῶν
231 2239 364 2323 πρὸς
388 2237 506 2309 τοὺς
537 2240 626 2300 ἐπὶ
663 2244 778 2309 ταῖς
803 2238 1087 2322 τραπέζαις
1123 2238 1459 2319 συμὸολαίων
1491 2239 1568 2309 τίς
1614 2236 1676 2298 ἂν

83 2330 316 2411 ἔλεγχος
337 2328 666 2411 ἰσχυρότερος
691 2327 874 2390 τούτου
895 2328 1122 2407 γένοιτο;
1157 2332 1216 2389 οὐ
1247 2326 1349 2412 γὰρ
1373 2327 1438 2402 δὴ
1471 2328 1679 2410 μάρτυ-

95 2419 198 2503 ράς
229 2423 282 2499 γ’
331 2419 500 2479 αὖτῶν
546 2416 850 2497 ποιούμεθα.
935 2420 1027 2498 (⁵4)
1059 2418 1204 2502 Ὁρῶ
1237 2417 1292 2477 δὲ
1311 2417 1402 2477 καὶ
1430 2420 1565 2497 ὑμᾶς
1588 2416 1680 2478 καὶ

11 2528 66 2569 20
91 2509 225 2589 περὶ
256 2510 363 2567 τῶν
412 2505 554 2567 ἰδίων
600 2504 692 2566 καὶ
723 2504 975 2587 περὶτῶν
1010 2504 1273 2585 δημοσίων
1318 2506 1464 2567 οὐδὲν
1503 2504 1680 2567 πιστό-

93 2619 254 2679 τερον
290 2594 400 2655 οῦδ“
427 2593 768 2678 ἀληθέστερον
809 2594 1040 2678 βασάνου
1074 2595 1400 2675 νομίζοντας,
1427 2595 1518 2655 καὶ
1545 2595 1682 2678 μάρ-
1707 2595 1751 2662 d

95 2708 269 2767 τυρας
308 2681 406 2764 μὲν
448 2680 764 2763 ἡγουμένους
811 2674 966 2743 οἶόντ’
1001 2674 1134 2743 εἶναι
1169 2682 1260 2743 καὶ
1296 2686 1400 2743 τῶν
1428 2683 1503 2763 μὴ
1531 2707 1684 2764 γεγε-

97 2773 351 2851 νημένων
379 2769 878 2853 παρασκευάσασθαι
897 2817 915 2848 ,
957 2774 1052 2841 τὰς
1092 2768 1146 2831 δὲ
1173 2769 1430 2852 βασάνους
1455 2796 1584 2862 φανε
1622 2776 1656 2791 “”

99 2859 464 2923 ἕπιδεικνύναι
523 2858 762 2943 ὁπότεροι
819 2860 1020 2934 τάληθῆ
1089 2858 1345 2941 λέγουσιν.
1430 2860 1494 2923 Ἃ
1542 2796 1688 2931 og:

23 2969 76 3009 25
97 2950 258 3018 εἰδὼς
299 2948 571 3023 ἧόουλήθη
619 2948 836 3019 εἰκάζειν
884 2952 1018 3029 ὑμᾶς
1062 2948 1183 3032 περὶ
1236 2956 1328 3011 τοῦ
1378 2952 1689 3034 πράγματος

101 3040 316 3120 μᾶλλον
376 3036 412 3111 ἢ
463 3040 640 3121 σαφῶς
673 3036 879 3098 εἰδέναι·
959 3040 1042 3100 Οὗ
1066 3038 1166 3121 γὰρ
1203 3040 1267 3115 δὴ
1317 3040 1474 3101 τοῦτό
1518 3042 1567 3119 γ’
1623 3040 1688 3100 ἂν

101 3129 278 3189 εἰπεῖν
315 3126 429 3209 ἔχοι
445 3172 464 3205 ,
492 3128 564 3195 ὡς
590 3124 807 3188 ἔλαττον
831 3126 1046 3206 ἔμελλεν
1094 3125 1223 3197 ἕξειν
1252 3130 1306 3188 ἰν
1336 3132 1404 3212 τῇ
1453 3127 1687 3213 βασάνῳ,

101 3218 200 3280 καὶ
231 3216 322 3277 διὰ
344 3218 485 3277 τοῦτ’
507 3218 603 3276 οὐκ
629 3214 764 3287 εἰκὸς
787 3207 856 3289 ἦν
884 3216 1040 3277 αὐτὸν
1069 3218 1324 3279 ἐκδοῦναι.
1410 3221 1502 3299 (aa)
1529 3218 1681 3279 Πάν-

1761 1902 1882 1953 illud
1911 1901 2329 1955 evidentissimum
2360 1904 2552 1967 signum
2574 1916 2681 1956 esse
2702 1905 2909 1956 arbitror
2930 1918 3009 1956 me
3055 1904 3269 1969 pecuniis
3296 1916 3325 1954 a

1761 1996 1969 2049 Pasione
1992 1996 2229 2061 fraudari,
2245 1996 2375 2062 quod
2394 2010 2599 2062 puerum
2616 1998 2821 2063 depositi
2842 1999 3089 2050 conscium
3117 1998 3167 2049 iu
3202 2011 3332 2062 quoe-

1763 2088 1971 2140 stiouem
2012 2089 2128 2141 dare
2162 2091 2333 2142 noluit.
2399 2095 2523 2151 Quae
2560 2093 2689 2143 enim
2712 2095 2878 2145 contra
2909 2094 3203 2145 mensarium
3242 2092 3336 2143 alia

1764 2182 1985 2247 probatio
2005 2182 2095 2233 liae
2116 2183 2501 2237 evidentioresse
2526 2186 2709 2251 possit?
2730 2200 2820 2238 nec
2836 2187 2963 2237 euim
2985 2187 3167 2237 scilicet
3187 2188 3335 2238 testes

1767 2274 2073 2329 adhibemus.
2141 2277 2239 2342 (54)
2264 2276 2421 2329 video
2448 2280 2610 2329 autem
2632 2292 2719 2331 vos
2740 2293 2933 2344 quoque
2952 2293 3109 2343 neque
3133 2278 3336 2343 publicis

1767 2380 1926 2434 neque
1945 2369 2145 2433 privatis
2169 2370 2221 2420 in
2244 2372 2388 2423 rebus
2416 2372 2674 2436 quicquam
2704 2372 2797 2421 tide
2814 2372 2995 2435 majore
3027 2371 3225 2433 dignum
3250 2376 3337 2421 aut

1768 2460 1933 2511 verius
1950 2462 2228 2514 existimare
2247 2463 2530 2526 tormentis,
2546 2477 2603 2514 ac
2619 2463 2721 2515 fieri
2741 2464 2935 2528 quidem
2958 2477 3099 2528 posse
3122 2468 3175 2514 ut
3191 2462 3337 2527 aliqui

1773 2554 2097 2607 subornentur
2112 2558 2197 2622 qui
2218 2561 2367 2609 testes
2390 2558 2486 2610 sint
2519 2572 2679 2610 rerum
2712 2573 2808 2609 non
2836 2558 3098 2623 factarum,
3124 2573 3209 2623 per
3230 2572 3336 2609 cru·

1773 2646 1929 2699 clatus
1942 2654 2104 2701 autem
2122 2656 2309 2703 extorta
2338 2652 2615 2702 testimonia
2650 2652 2899 2716 perspicue
2928 2652 3207 2715 ostendere,
3243 2652 3339 2703 utri

1776 2753 1890 2791 vera
1916 2742 2096 2796 dicant.
2161 2747 2286 2803 Quae
2310 2744 2399 2796 iste
2418 2745 2548 2796 haud
2564 2744 2817 2810 ignoravit,
2838 2759 2990 2811 eaque
3012 2746 3072 2797 de
3084 2760 3228 2797 causa
3249 2759 3340 2797 vos

1775 2836 2050 2899 coniectura
2070 2838 2307 2902 utiquam
2341 2853 2451 2891 vere
2474 2839 2735 2903 intelligere
2770 2852 2870 2890 rem
2909 2840 3097 2891 maluit.
3172 2842 3341 2906 Neque

1776 2942 1891 2982 vero
1909 2930 2067 2983 dicere
2089 2934 2246 2996 potest
2266 2933 2563 2997 quaestiones
2588 2947 2675 2998 pro
2702 2933 2840 2985 nobis
2871 2934 3030 2997 potius
3070 2950 3219 3001 quam
3251 2950 3339 3001 pro

1777 3036 1830 3075 se
1867 3022 2053 3075 suturas
2082 3025 2235 3077 fuisse
2252 3062 2268 3088 ‚
2309 3032 2652 3092 proptereaque
2686 3040 2740 3078 se
2792 3041 2997 3093 puerum
3043 3028 3221 3081 dedere
3246 3044 3339 3081 no-

1775 3115 1939 3169 luisse.
2006 3118 2103 3183 (55)
2120 3122 2300 3170 Omnes
2318 3120 2447 3171 enim
2463 3120 2599 3172 scitis
2611 3120 2656 3171 ei
2676 3121 2737 3184 sl,
2758 3124 2922 3173 contra
2942 3125 3089 3173 istum
3107 3122 3341 3187 dixisset,

1780 3225 1863 3276 per
1888 3223 2033 3263 omne
2055 3212 2171 3263 vitoe
2211 3226 2314 3265 suae
2344 3214 2537 3279 tempus
2560 3228 2801 3265 summam
2833 3216 2974 3267 istius
3010 3216 3341 3269 crudelitatem

101 3328 192 3375 τις
215 3304 322 3389 γὰρ
347 3303 621 3367 ἐπίστασθ’
646 3304 728 3366 ὅτι
753 3305 1018 3367 κατειπὼν
1068 3306 1165 3386 μὲν
1193 3306 1394 3387 ἤμελλε
1441 3306 1528 3367 τὸν
1558 3306 1677 3367 ἐπί.
1712 3327 1749 3368 0
1776 3303 1928 3357 tuisse
1966 3305 2295 3369 perferendam
2306 3322 2324 3369 ;
2358 3307 2433 3357 sin
2479 3307 2627 3357 animi
2666 3309 2935 3359 constantia
2982 3312 3339 3362 tormentorum

29 3398 82 3463 'ao
107 3398 302 3457 λοιπον
330 3392 518 3477 χρόνον
555 3393 657 3455 ὑπὸ
677 3393 864 3456 τούτου
897 3394 1103 3457 κάκιστ’
1140 3394 1425 3477 ἀνθρώπων
1461 3396 1683 3456 ἀπολεῖ-

109 3492 276 3564 σθαι,
306 3480 722 3566 διακαρτερήσας
749 3482 808 3543 δὲ
835 3482 928 3545 καὶ
955 3482 1218 3567 ἐλεύθερος
1240 3483 1448 3545 ἔσεσθαι
1474 3483 1565 3544 καὶ
1590 3507 1685 3562 με·

109 3574 277 3644 θίξειν
300 3562 374 3633 ὧν
401 3560 546 3641 οὗτος
568 3570 662 3652 ἐμὲ
685 3570 1055 3655 ἀπεστέρησεν.
1139 3573 1275 3633 Ἀλλ’
1292 3572 1433 3653 ὅμως
1454 3572 1684 3657 τοσούτῳ

1771 3398 2082 3450 acerbitatem
2114 3402 2411 3464 superasset,
2430 3402 2537 3452 tum
2560 3400 2781 3453 libertate
2803 3402 3057 3476 donatum,
3076 3404 3185 3453 tum
3216 3402 3340 3455 trau·

1771 3488 1898 3541 datm
1918 3490 2133 3554 pecumae
2144 3491 2423 3559 participem
2439 3493 2461 3544 s
2460 3492 2659 3544 uturum
2672 3493 2949 3546 fuisse-Etsi
2967 3507 3081 3547 vero
3097 3498 3230 3547 tanto
3246 3510 3341 3548 me·

1772 3582 1892 3635 liore
1920 3584 2195 3637 conditione
2217 3587 2413 3637 tuturus
2432 3592 2550 3645 erat,
2575 3588 2865 3640 couscientia
2881 3592 3045 3641 tamen
3082 3590 3343 3642 facinorum

9 3663 328 3743 ηομίλλων
342 3660 502 3722 πλέον
516 3658 666 3736 ἕξειν,
685 3658 925 3731 συνειδὼς
935 3664 1077 3745 αὑτῷ
1092 3660 1160 3722 τὰ
1177 3660 1542 3745 πεπραγμένα,
1557 3660 1692 3723 ὓπὲ-
1714 3685 1752 3727 a
1777 3678 2147 3731 commissorum
2167 3684 2216 3731 et
2229 3679 2467 3744 iudicium
2490 3680 2756 3732 detrectare
2780 3685 2831 3732 et
2848 3682 2968 3732 alias
2988 3682 3345 3735 criminationes

112 3772 264 3831 μεινε
281 3750 376 3811 καὶ
395 3750 541 3819 δίκας
562 3749 769 3833 φεύγειν
794 3750 997 3820 καὶτὰς
1017 3751 1182 3821 ἄλλας
1196 3752 1366 3820 αἰτίας
1383 3750 1540 3832 ἔχειν,
1551 3750 1688 3813 ὥστε

33 3858 86 3899 ³5
109 3840 386 3921 μηδεμίαν
407 3839 636 3920 βάσανον
653 3840 776 3923 περὶ
796 3845 888 3901 τοῦ
901 3840 1210 3924 πράγματος
1226 3840 1410 3900 τούτου
1428 3838 1684 3920 γενέσθαι.

175 3951 254 3993 ω.
306 3926 452 4009 Ἐγὼ
472 3918 561 3989 οὖν
591 3931 736 4007 ὗμῶν
761 3928 946 4008 δέομαι
973 3928 1334 4009 μεμνημένους
1365 3928 1562 3990 τούτων
1585 3953 1686 3989 και,

103 4016 517 4102 ταψηφίσασθαι
554 4016 852 4094 Πασίωνος,
898 4018 991 4079 καὶ
1031 4019 1104 4099 μὴ
1133 4018 1393 4093 τοσαύτην
1426 4017 1680 4098 πονηρίαν

105 4108 242 4185 ἐμοῦ
267 4110 628 4187 καταγνῶναι,
664 4110 734 4175 ὣς
752 4109 907 4167 οἰκῶν
935 4110 989 4168 ἐν
1015 4111 1091 4190 τῷ
1126 4107 1342 4191 Πόντῳ,
1371 4106 1461 4170 καὶ
1483 4105 1682 4167 τοσαύ-

103 4220 204 4270 την
233 4194 418 4255 οὐσίαν
439 4193 753 4275 κεκτημίνος
779 4194 916 4257 ὥστε
957 4196 1048 4256 καὶ
1077 4196 1280 4279 ἑτέρους
1302 4187 1360 4257 εὖ
1385 4200 1552 4257 ποιεῖν
1593 4194 1684 4256 δύ-

1776 3772 1940 3823 subire
1978 3773 2166 3834 maluit,
2190 3778 2245 3824 ut
2271 3786 2333 3825 ne
2357 3773 2473 3839 quid
2496 3776 2615 3826 certi
2642 3774 2705 3827 de
2724 3775 2912 3839 negotio
2944 3788 3029 3839 per
3051 3776 3344 3839 quaestiones

1777 3865 2138 3929 comperiretur.

1839 3960 1919 4005 56.
1949 3957 2116 4018 ltaque
2154 3965 2247 4004 vos
2269 3966 2411 4019 rogo,
2440 3952 2625 4016 judices
2638 3990 2654 4017 ,
2680 3958 2736 4004 ut
2770 3954 2944 4005 horum
2972 3968 3210 4006 memores
3255 3958 3342 4007 Pa·

1773 4056 1959 4109 sionem
1981 4058 2307 4111 condemnetis
2338 4072 2495 4125 neque
2517 4061 2814 4113 arbitremini
2832 4076 2909 4113 me
2940 4062 3011 4113 ita
3029 4076 3136 4113 esse
3158 4063 3341 4127 impro-

1774 4163 1891 4214 bum
1905 4199 1923 4227 ‚
1946 4165 2003 4215 ut
2033 4164 2185 4229 quiin
2206 4168 2361 4215 Ponto
2383 4165 2594 4217 habitem
2621 4170 2671 4216 et
2690 4167 2846 4217 tantas
2868 4180 2987 4230 opes
3022 4166 3252 4231 habeam,
3281 4172 3339 4220 ιιι

18 4298 90 4369 ,ιο
107 4289 307 4344 νασθαι
327 4329 347 4363 ‚
389 4282 648 4345 Πασίωνα
696 4275 854 4359 ἦλθον
898 4285 1303 4369 συκοφαντήσων
1349 4284 1440 4346 καὶ
1480 4284 1682 4368 ψευδεῖς
1701 4289 1748 4354 b
1771 4268 1878 4320 *ΜΒ
1891 4270 2037 4321 ‘um
2059 4268 2338 4321 mamre
2358 4268 2568 4334 P⁰S⁸⁵¹¹²²
2602 4269 2850 4323 Pss⁸¹⁰¹¹²¹¹¹
2878 4272 3222 4325 ⁰⁸¹⁰¹¹²¹¹i⁸m¹¹¹
3258 4272 3340 4325 ω·

113 4375 276 4455 αὐτῷ
285 4371 737 4455 παρακαταθήκας
757 4374 1014 4449 ἐγκαλῶν.

197 4479 276 4523 57.
316 4457 488 4530 Ἄξιον
507 4459 564 4520 δὲ
593 4460 686 4521 καὶ
727 4460 968 4543 Σατύρου
996 4459 1088 4522 καὶ
1115 4466 1206 4522 τοῦ
1238 4461 1434 4545 πατρὸς
1459 4462 1686 4541 ἰνθυμη-

114 4554 308 4625 θῆναι,
333 4548 388 4611 οἳ
415 4548 589 4610 πάντα
617 4549 706 4609 τὸν
726 4550 914 4633 χρόνον
939 4550 1064 4633 περὶ
1085 4550 1334 4611 πλείστου
1355 4554 1460 4611 τῶν
1483 4548 1684 4625 Ἑλλή-

114 4664 222 4701 νων
254 4641 392 4719 aa&
409 4644 680 4699 ποιοῦνται
699 4684 718 4713 ,
739 4640 830 4700 καὶ
851 4639 1103 4719 πολλάκις
1127 4638 1232 4714 ἤδη
1258 4638 1344 4699 διὰ
1379 4638 1568 4699 σπάνιν
1597 4638 1687 4699 σί-

43 4750 96 4792 ts
115 4754 210 4788 του
229 4727 328 4797 τὰς
350 4730 456 4787 τῶν
497 4727 668 4788 ἄλλων
692 4728 939 4813 ἐμπόρων
980 4733 1101 4797 ναῦς
1128 4728 1280 4798 κενὰς
1326 4727 1683 4807 ἒκπίμποντες

119 4822 244 4896 θμῗν
275 4815 542 4899 ἐξαγωγὴν
571 4816 781 4877 ἔδοσαν·
815 4818 906 4878 καὶ
930 4820 999 4878 ’ἐν
1025 4826 1132 4887 τοῖς
1159 4818 1305 4888 ἰδίοις
1331 4817 1686 4897 συμὸολαίοις,

121 4898 198 4966 ὧν
235 4906 426 4966 ἐκεῖνοι
471 4904 646 4988 κριταὶ
678 4904 976 4987 γίγνονται,
1011 4908 1069 4966 οὗ
1099 4906 1255 4985 μόνον
1284 4904 1398 4966 ἴσον
1427 4905 1563 4965 ἀλλὰ
1595 4906 1686 4966 καὶ

121 4994 281 5055 πλέον
310 4992 520 5075 ἔχοντες
557 4993 868 5076 ἀπέρχεσθε.
957 4995 1047 5074 (sa)
1076 4992 1235 5056 “ssur’
1262 4996 1357 5055 οὔκ
1384 4993 1448 5054 ἂν
1478 4994 1691 5064 εἰκότως
1717 5026 1754 5069 0

117 5083 240 5165 περὶ
270 5082 450 5161 ὀλίγου
473 5082 786 5154 ποιήσαισθε
825 5080 922 5151 τὰς
949 5081 1158 5143 ἐκείνων
1182 5082 1478 5152 ἐπιστολάς.
1559 5082 1688 5146 Δίο-

46 5186 96 5231 Ιο
121 5196 216 5251 μαι
241 5163 332 5233 οὗν
355 5174 506 5252 ὑμῶν
549 5170 641 5231 καὶ
679 5171 810 5255 ὑπὲρ
845 5174 1074 5250 ἐμαυτοῦ
1097 5172 1190 5233 καὶ
1221 5171 1352 5255 ὑπὲρ
1379 5171 1588 5234 ἐκείνων
1619 5171 1688 5233 τὰ

121 5262 294 5324 δίκαια
319 5254 687 5346 ψηφίσασθαι,
707 5260 799 5321 καὶ
824 5260 900 5340 μὴ
924 5260 1044 5331 τοὺς
1056 5260 1334 5331 Πασίωνος
1355 5262 1536 5343 λόγους
1559 5265 1686 5343 ψευ-

123 5350 218 5422 δεῖς
243 5351 398 5422 ὄντας
424 5347 766 5431 πιστοτέρους
788 5352 1028 5432 ἡγεῖσθαι
1051 5353 1158 5411 τῶν
1185 5352 1348 5431 ἐμῶν.-

1773 4374 1985 4429 venerim
2002 4379 2054 4427 et
2075 4376 2135 4427 de
2150 4375 2284 4427 falsis
2304 4375 2537 4439 depositis
2558 4381 2857 4428 accusatum.

1835 4482 1914 4531 57.
1951 4482 2042 4528 Est
2068 4478 2214 4529 etiam
2238 4478 2395 4541 satyri
2431 4482 2481 4529 et
2514 4479 2665 4543 patris
2692 4481 2789 4531 mei
2828 4480 3049 4533 habenda
3079 4482 3229 4546 ratio,
3257 4483 3343 4549 qui

1773 4575 1904 4626 omui
1926 4578 2139 4640 tempore
2157 4588 2245 4626 vos
2264 4576 2392 4627 inter
2414 4579 2610 4628 Graecos
2631 4579 2832 4630 maximi
2849 4581 3064 4633 recerunt
3080 4585 3130 4632 et
3144 4583 3342 4646 faciunt,

1775 4672 1892 4736 qui,
1912 4686 2064 4737 quum
2103 4672 2154 4729 in
2185 4672 2412 4725 frumeuti
2442 4676 2639 4739 penuria
2664 4690 2794 4741 saepe
2815 4690 2969 4729 naves
2995 4678 3196 4729 aliorum
3216 4692 3341 4729 mer·

1773 4770 1993 4821 catorum
2020 4783 2199 4822 vacuas
2242 4771 2539 4837 dimiserint,
2569 4774 2712 4826 vobis
2742 4776 3025 4841 exportandi
3062 4776 3337 4827 facultatem

1779 4868 2042 4933 dederunt3
2084 4870 2133 4919 iu
2155 4869 2353 4935 privatis
2373 4872 2519 4923 etiam
2548 4874 2903 4939 contractibus,
2937 4888 3147 4940 quorum
3170 4874 3241 4925 illi
3273 4875 3347 4938 iu·

1775 4966 1906 5019 dices
1924 4972 2040 5019 suut
2050 5004 2069 5033 ,
2090 4982 2189 5019 nou
2210 4972 2395 5021 tantum
2420 4971 2543 5035 pari,
2564 4971 2650 5023 sed
2664 4971 2809 5023 etiam
2830 4971 3103 5023 liberaliore
3114 4971 3225 5035 jure
3242 4971 3336 5024 dis·

1783 5064 1970 5117 ceditis.
1994 5066 2093 5132 (⁵8)
2106 5070 2264 5127 Quare
2276 5080 2367 5120 vos
2385 5082 2551 5120 eorum
2568 5069 2731 5120 literas
2746 5069 2881 5133 parvi
2902 5069 3056 5122 facere
3074 5083 3171 5121 non
3192 5070 3344 5123 decet.

1783 5165 1962 5223 Quaeso
1980 5163 2123 5227 igitur
2143 5177 2258 5228 vos,
2284 5172 2341 5217 ut
2354 5170 2403 5217 et
2426 5170 2619 5231 propter
2641 5180 2719 5217 me
2740 5168 2791 5217 et
2808 5169 3002 5233 propter
3022 5168 3131 5219 illos
3152 5180 3210 5219 ea
3230 5181 3342 5233 quae

1774 5260 1906 5325 iusta
1928 5264 2043 5315 suut
2062 5262 2325 5315 decernatis
2340 5299 2356 5327 ,
2380 5276 2537 5329 neque
2549 5264 2765 5317 pasionis
2778 5266 3057 5319 ementitam
3072 5268 3338 5323 orationem

1776 5359 1888 5424 plus
1920 5372 2065 5425 quam
2088 5374 2211 5414 meae
2232 5361 2481 5415 veritatem
2502 5364 2664 5418 valere
2680 5364 2947 5430 patiamini.

3060 5462 3133 5511 17.
