3825 5842
545 486 658 538 222

539 604 719 663 ἐνθάδε
743 606 814 671 εἰς
835 602 930 676 τὴν
951 602 1222 683 ὑπερορίαν
1249 598 1504 683 ἐξῴκησε,
1532 598 1622 658 καὶ
1651 602 1704 659 ἐν
1739 600 1967 684 Ὠρωπῷ
1993 626 2085 681 με·

460 714 516 754 ao
540 690 730 752 τοίκιον
758 693 1046 756 κατατιθεὶς
1071 690 1156 747 ἐπὶ
1178 688 1469 768 προστάτου
1489 686 1640 769 ᾤκει,
1665 689 1935 768 βουληθεὶς
1962 692 2089 770 παρ’

540 780 749 847 ἐκείνοις
776 788 1034 857 μετοικεῖν
1070 780 1266 855 μᾶλλον
1294 776 1330 849 ἢ
1372 776 1483 854 μεθ’
1511 779 1664 854 ἡμῶν
1691 776 1907 848 πολίτης
1935 768 2087 838 εῖναι.

541 872 624 930 Οὔ
647 867 813 927 τοίνυν
833 869 937 925 οὐδ’
967 864 1141 947 ὥσπερ
1167 862 1289 923 ἔνιοί
1315 887 1446 930 τινες
1472 867 1573 922 τῶν
1603 864 1828 923 πολιτῶν
1858 863 2086 941 μετεὸά-

538 960 714 1029 λοντο,
756 954 932 1026 ἐπειδὴ
955 952 1128 1033 ἑώρων
1156 952 1272 1019 τοὺς
1311 950 1418 1011 ἀπὸ
1441 954 1626 1023 Φυλῆς
1658 954 1710 1010 ἐν
1735 942 1808 1017 οἷς
1836 950 2090 1033 ἔπραττον

538 1046 904 1124 εὐτυχοῦντας,
927 1042 1044 1100 οὐδὲ
1067 1040 1262 1100 τούτων
1288 1064 1340 1099 τι
1366 1044 1469 1099 τῶν
1498 1038 1874 1119 εὐτυχημάτων
1900 1040 2090 1112 ἠξίωσε

539 1134 840 1210 μετασχεῖν,
868 1128 956 1188 ἐπὶ
987 1128 1445 1209 κατειργασμένοις
1481 1130 1680 1206 μᾶλλον
1709 1128 1871 1185 ἐλθεῖν
1903 1128 2091 1207 βουλό-

538 1242 687 1297 μενος
709 1218 743 1287 ἢ
772 1217 1138 1297 συγκατελθεῖν
1167 1214 1618 1295 κατεργασάμενός
1639 1238 1690 1273 τι
1717 1218 1819 1273 τῶν
1846 1219 1911 1295 τῇ
1944 1220 2089 1299 κοινῇ

537 1304 770 1383 πολιτείᾳ
791 1302 1172 1386 συμφερόντων·
1195 1304 1302 1362 οὐδ’
1324 1295 1478 1374 ἦλθεν
1497 1304 1569 1368 εἷς
1591 1300 1680 1360 τὸν
1704 1303 1959 1383 Πειραιᾶ,
1984 1303 2088 1363 οὐδ’

457 1409 509 1450 δε
539 1392 674 1453 ἐστιν
714 1390 842 1451 ὅπου
875 1393 1056 1451 ἑαυτὸν
1085 1395 1206 1467 ὑμῖν
1245 1389 1400 1459 τάξαι
1437 1388 1693 1468 παρέσχε.
1779 1392 1868 1467 (ιο)
1901 1392 2089 1451 Καίτοι

536 1478 674 1546 ὅστις
709 1482 1051 1559 εὐτυχοῦντας
1093 1480 1226 1558 ὁρῶν
1267 1480 1400 1554 ὑμᾶς
1444 1477 1640 1554 ἐτόλμα
1679 1477 2005 1557 προδιδόναι,
2040 1478 2091 1537 τί

535 1590 661 1627 ποτε
677 1569 746 1634 ὥς
761 1567 834 1642 μὴ
854 1565 1145 1645 βουλόμεθά
1158 1588 1218 1644 γε
1231 1565 1553 1645 πράττοντας
1569 1564 1806 1635 ἐποίησεν
1823 1569 1914 1639 ἀν;
1928 1563 2089 1627 Ὅσοι

537 1654 632 1734 μὲν
671 1654 837 1714 τοίνυν
879 1652 964 1712 διὰ
992 1653 1261 1735 συμφορὰς
1291 1652 1421 1719 ἰδίας
1457 1655 1515 1711 οὗ
1553 1652 1806 1731 μετέσχον
1837 1657 1939 1711 τῶν
1973 1653 2089 1713 τότε

533 1742 822 1821 γενομένων
862 1747 928 1822 τῇ
965 1741 1116 1801 πόλει
1153 1741 1418 1813 κινδύνων,
1455 1741 1764 1819 συγγνώμης
1792 1741 1927 1809 τινὸς
1962 1740 2090 1811 ἄξιοί

535 1834 636 1890 εἶσι
661 1834 864 1927 τυχεῖν·
909 1828 1202 1909 οὗδενΥγὰρ
1235 1826 1381 1888 οὐδὲν
1408 1828 1642 1888 ἑκούσιον
1672 1828 1985 1910 δυστύχημα
2008 1829 2091 1908 γί-

533 1939 728 1996 γνεται·
831 1918 922 1995 (ιι)
958 1914 1069 1975 ὅσοι
1098 1914 1151 1974 δὲ
1180 1914 1364 1994 γνώμῃ
1392 1920 1542 1975 τοῦτο
1570 1913 1817 1995 ἔπραξαν,
1847 1918 2088 1993 οὐδεμιᾶς

457 2026 511 2065 ιο
538 2004 844 2082 συγγνώμης
868 2004 999 2073 ἄξιοί
1024 2006 1176 2063 εἰσιν·
1205 2005 1264 2061 οὗ
1288 2001 1388 2083 γὰρ
1413 2002 1500 2062 διὰ
1527 2002 1828 2082 δυστυχίαν,
1853 2002 1991 2061 ἀλλὰ
2018 2006 2088 2063 δι’

534 2092 815 2165 ἐπιὸουλὴν
838 2092 1088 2163 ἐποίησαν
1105 2090 1252 2153 αὗτό.
1295 2090 1606 2164 Καθέστηκε
1623 2091 1679 2149 δέ
1695 2116 1746 2151 τι
1766 2092 1874 2159 ἔθος
1893 2091 2089 2152 δίκαιον

533 2188 692 2239 πᾶσιν
717 2179 1002 2261 ἀνθρώποις
1024 2182 1127 2239 τῶν
1149 2181 1318 2238 αὗτῶν
1341 2178 1681 2256 ἀδικημάτων
1703 2179 1935 2257 μάλιστα
1956 2179 2089 2259 ὀργί-

534 2268 710 2334 ζεσθαι
731 2275 838 2334 τοῖς
868 2266 1098 2343 μάλιστα
1127 2264 1424 2343 δυναμένοις
1451 2266 1526 2343 μὴ
1551 2267 1765 2339 ἀδικεῖν,
1789 2271 1896 2335 τοῖς
1918 2268 1975 2327 δὲ
2000 2266 2089 2326 πέ·

533 2375 683 2425 νησιν
707 2353 744 2424 ἢ
773 2352 1042 2419 ἀδυνάτοις
1067 2355 1144 2432 τῷ
1177 2352 1385 2430 σώματι
1411 2352 1724 2432 συγγνώμην
1747 2352 1886 2432 ἔχειν
1915 2353 2003 2413 διὰ
2031 2353 2090 2414 τὸ

533 2444 772 2519 ἡγεῖσθαι
796 2438 1013 2507 ἄκοντας
1034 2437 1217 2506 αὐτοὺς
1238 2440 1573 2520 ἁμαρτάνειν.
1660 2442 1754 2519 (ιε)
1785 2432 1955 2509 Οὗτος
1980 2442 2087 2499 τοί-

533 2549 623 2586 νυν
643 2529 886 2595 οὗδεμιᾶς
909 2526 1219 2606 συγγνώμης
1239 2526 1375 2596 ἄξιός
1397 2528 1509 2585 ἐστι
1531 2534 1726 2607 τυχεῖν·
1752 2526 1868 2585 οὔτε
1891 2527 1993 2609 γὰρ
2014 2532 2091 2609 τῷ

534 2612 742 2693 σώματι
770 2614 1018 2681 ἀδύνατος
1045 2606 1108 2686 ἧν
1134 2614 1504 2693 ταλαιπωρεῖν,
1533 2616 1602 2680 ὣς
1627 2612 1718 2671 καὶ
1737 2616 1880 2691 ὑμεῖς
1907 2618 2089 2694 ὁρᾶτε,

435 2698 652 2765 188οὕτε
693 2706 758 2782 τῇ
788 2702 940 2783 οὐσία
978 2701 1167 2783 ἄπορος
1204 2700 1537 2780 λειτουργεῖν,
1580 2703 1649 2767 ὥς
1677 2698 1780 2778 ἐγὼ
1813 2701 2087 2769 ἀποδείξω.

532 2786 720 2857 Ὅστις
741 2781 828 2850 οὗν
848 2788 965 2850 ὅσον
989 2789 1202 2857 δυνατὸς
1221 2780 1284 2862 ἦν
1309 2789 1546 2869 ὠφελεῖν,
1567 2794 1808 2848 τοσοῦτον
1829 2790 1988 2857 κακὸς
2006 2782 2089 2864 ἦν,

533 2882 644 2946 πῶς
675 2881 768 2938 οὔκ
796 2878 858 2939 ἂν
894 2878 1105 2946 εἰκότως
1133 2877 1234 2937 ὑπὸ
1259 2876 1468 2935 πάντων
1492 2880 1634 2955 ὑμῶν
1662 2886 1894 2954 μισοῖτο;
1996 2881 2087 2958 (13)

535 2966 694 3028 Ἀλλὰ
715 2968 818 3045 μὴν
837 2969 941 3028 οὐδ’
961 2967 1320 3048 ἀπεχθήσεσθέ
1339 2990 1396 3043 γε
1416 2969 1520 3026 τῶν
1539 2967 1763 3025 πολιτῶν
1788 2966 1953 3025 οὐδενὶ
1972 2973 2089 3026 τοῦ·

532 3078 620 3115 τον
645 3057 1140 3134 ἀποδοκιμάσαντες·
1169 3057 1227 3114 οὗ
1254 3054 1357 3134 γὰρ
1383 3052 1500 3121 τοὺς
1525 3052 1746 3135 ἑτέρους,
1773 3057 1887 3113 ἀλλ’
1913 3056 2091 3135 ἀμφο-

531 3142 708 3225 τέρους
721 3144 934 3226 φανερός
957 3147 1069 3203 ἐστι
1085 3142 1324 3225 προδούς,
1349 3140 1484 3201 ὥστε
1508 3143 1641 3219 μήτε
1659 3150 1763 3209 τοῖς
1780 3144 1832 3200 ἐν
1852 3147 1927 3224 τῷ
1948 3142 2091 3201 ἄστει

467 3246 496 3283 ῦ
533 3232 825 3309 γενομένοις
847 3231 994 3313 φίλον
1022 3230 1306 3311 προσήκειν
1335 3220 1467 3288 εἶναι
1489 3236 1668 3289 τοῦτον
1697 3232 1786 3308 (οὐ
1809 3229 1910 3309 γὰρ
1936 3230 2090 3302 ἠξίω-

535 3340 622 3377 σεν
665 3322 734 3385 ὡς
771 3317 955 3383 αὐτοὺς
997 3319 1160 3377 ἐλθεῖν
1201 3316 1651 3394 κινδυνεύοντας),
1697 3317 1830 3394 μήτε
1857 3326 1963 3383 τοῖς
2001 3317 2089 3377 τὸν

535 3409 766 3486 Πειραιᾶ
791 3404 1194 3465 καταλαὸοῧσιν·
1221 3404 1336 3464 οὐδὲ
1358 3403 1460 3484 γὰρ
1481 3404 1682 3470 τούτοις
1709 3404 1931 3477 ἠθέλησε
1961 3428 2092 3484 συγ-

534 3495 824 3553 κατελθεῖν.
846 3486 996 3558 Φησὶ
1012 3487 1068 3549 δὲ
1081 3491 1172 3550 καὶ
1194 3496 1358 3550 ταῦτα
1383 3491 1473 3549 καὶ
1496 3491 1648 3558 αὐτὸς
1668 3490 1959 3569 γενόμενος.
1996 3494 2085 3573 (ιι)

536 3581 603 3639 Εἰ
623 3584 800 3657 μέντοι
815 3602 864 3638 τι
882 3580 1036 3659 μέρος
1055 3576 1286 3660 περίεστι
1306 3582 1410 3637 τῶν
1431 3580 1657 3637 πολιτῶν
1678 3576 1711 3636 δ’
1727 3603 1776 3638 τι
1795 3583 1896 3639 τῶν
1920 3583 2087 3641 αὐτῶν

534 3666 756 3747 μετέσχε
791 3666 958 3749 τούτῳ
1005 3666 1350 3748 πραγμάτων,
1393 3669 1508 3745 μετ’
1557 3666 1783 3741 ἐκείνων,
1825 3665 1914 3727 ἐάν
1961 3692 2087 3729 ποτε

534 3751 590 3830 (ὃ
616 3746 691 3830 μὴ
727 3752 958 3833 γένοιτο)
985 3752 1191 3813 λάθωσι
1223 3750 1316 3825 τὴν
1338 3754 1514 3831 πόλιν,
1548 3754 1807 3834 βουλεύειν
1847 3754 2083 3823 ἀξιούτω.

612 3839 710 3910 Ὧς
745 3833 832 3902 οὗν
854 3842 979 3925 ᾤκει
1007 3866 1064 3901 τε
1092 3844 1145 3901 ἐν
1169 3842 1400 3923 Ὠρωπῷ
1433 3843 1520 3901 ἐπὶ
1540 3840 1834 3921 προστάτου
1857 3844 1947 3903 καὶ
1971 3843 2085 3904 ἐκέ·

453 3948 506 3989 ιο
529 3952 693 4003 κτητο
714 3931 900 4003 ἱκανὴν
922 3930 1101 3990 οὐσίαν
1125 3929 1216 3989 καὶ
1241 3928 1348 3989 οὔτ’
1367 3934 1421 3991 ἐν
1447 3934 1523 4011 τῷ
1550 3933 1790 4012 Πειραιεῖ
1809 3930 1915 3990 οὔτ’
1939 3934 1991 3992 ἐν
2010 3936 2085 4014 τῷ

534 4018 680 4079 ἄστει
695 4019 838 4080 ἔθετο
851 4019 917 4080 τὰ
936 4016 1100 4097 ὅπλα,
1119 4016 1204 4077 ἵνα
1224 4020 1395 4091 εἰδῆτε
1409 4016 1488 4079 ὅτι
1501 4024 1668 4078 ταῦτα
1687 4023 1890 4099 πρῶτον
1913 4022 2085 4095 ἀληθῆ

531 4105 698 4186 λέγω,
719 4106 847 4167 ἀκού
855 4129 976 4167 -τατε
997 4110 1100 4167 τῶν
1130 4105 1431 4189 μαρτύρων.

1137 4258 1476 4308 ΜΑΡΤΥΡΕΣ.

617 4404 684 4444 ιιι.
730 4380 1101 4444 Ὗπολείπεται
1122 4386 1288 4445 τοίνυν
1315 4388 1456 4465 αὐτῷ
1478 4383 1647 4464 λέγειν
1667 4391 1736 4453 ὣς
1760 4389 1836 4466 τῷ
1866 4386 1959 4463 μὲν
1990 4384 2087 4445 σώ-

536 4492 664 4546 ματι
702 4470 767 4528 δι’
801 4469 1067 4530 ἀσθένειάν
1091 4494 1208 4528 τινα
1247 4472 1528 4549 γενομένην
1567 4473 1817 4539 ἀδύνατος
1854 4473 2081 4545 κατέστη

537 4561 795 4635 βοηθῆσαι
834 4558 905 4623 εἷς
943 4556 1028 4615 τὸν
1070 4560 1324 4637 Πειραιᾶ,
1367 4556 1470 4616 ἀπὸ
1507 4557 1562 4615 δὲ
1601 4562 1702 4616 τῶν
1744 4558 2085 4639 ὑπαρχόντων

531 4643 968 4721 ἐπαγγειλάμενος
1011 4644 1164 4713 αὐτὸς
1204 4644 1238 4715 ἢ
1279 4643 1510 4725 χρήματ’
1557 4645 1862 4723 εἰσενεγκεῖν
1908 4649 1980 4713 εἷς
2024 4647 2083 4705 τὸ

456 4750 504 4789 ιι
531 4734 726 4803 πλῆθος
766 4731 826 4790 τὸ
854 4730 1100 4811 ὑμέτερον
1139 4731 1174 4804 ἢ
1210 4724 1422 4791 ’ὁπλίσαι
1462 4730 1605 4800 τινας
1639 4737 1741 4791 τῶν
1770 4736 1955 4793 ἑαυτοῦ
1985 4734 2084 4806 δη-

531 4823 728 4898 μοτῶν,
756 4818 934 4897 ὥσπερ
979 4819 1067 4879 καὶ
1104 4820 1255 4880 ἄλλοι
1299 4820 1484 4880 πολλοὶ
1524 4825 1627 4879 τῶν
1672 4823 1897 4880 πολιτῶν
1936 4822 2083 4881 αὐτοὶ

529 4912 588 4966 οὐ
623 4906 898 4984 δυνάμενοι
924 4909 1239 4989 λειτουργεῖν
1261 4918 1366 4977 τοῖς
1389 4908 1647 4985 σώμασιν.
1733 4912 1817 4990 (ιο)
1841 4910 1963 4972 Ἵνα
1994 4901 2081 4969 οὖν

530 4995 604 5076 μὴ
640 4995 910 5077 ἐγγένηται
942 5000 1084 5079 αὐτῷ
1109 4997 1423 5081 ψευσαμένῳ
1453 4996 1808 5073 ἐξαπατῆσαι,
1836 4999 1927 5059 καὶ
1963 5000 2081 5081 περὶ

527 5082 722 5144 τούτων
747 5084 850 5159 ἤδη
879 5090 1055 5167 σαφῶς
1078 5088 1198 5163 ὑμῖν
1219 5085 1498 5160 ἀποδείξω,
1521 5084 1699 5159 ἐπειδὴ
1738 5085 1951 5168 ὕστερον
1988 5090 2082 5146 οὐκ

528 5171 728 5240 ἐξέσται
773 5197 862 5252 μοι
901 5174 1208 5255 παρελθόντι
1243 5176 1418 5235 ἐνθάδ’
1439 5174 1669 5256 ἐλέγχειν
1712 5176 1884 5235 αὐτόν.
1970 5174 2080 5235 Καί

515 5280 617 5335 ,μοι
643 5259 792 5321 κάλει
821 5262 975 5321 αὐτὸν
1009 5264 1256 5343 Διότιμον
1285 5263 1539 5346 Ἀχαρνέα
1575 5263 1665 5323 καὶ
1692 5262 1808 5331 τοὺς
1845 5262 2075 5345 αἱρεθέν·

1619 471 1898 531 umor
1940 474 1990 533 Ο
2034 477 2239 539 ΚΑΤΑ
2282 483 2645 545 ΦῙΛΩΝΟΣ.

3426 492 3701 571 (επ-ω)

2178 611 2414 676 Atticam,
2438 616 2489 666 et
2503 617 2651 679 Oropi
2666 618 2885 668 mercede
2904 620 3123 683 inquilini
3146 622 3403 685 persoluta,
3420 622 3507 672 sub
3518 626 3709 685 patrono

2180 698 2441 765 habitavit,
2460 704 2731 768 maluitque
2760 718 2871 755 cum
2898 706 2991 757 illis
3020 708 3281 771 inquilinus
3300 722 3443 772 quam
3474 710 3709 760 nobiscnm
3760 694 3762 709 ³

2178 788 2298 838 civis
2323 804 2441 840 esse.
2507 796 2671 857 Neque
2694 797 2925 857 praeterea
2958 796 3265 859 quorundam
3286 798 3461 847 civium
3484 800 3709 862 exemplo,

2179 876 2292 938 qui,
2316 881 2569 942 postquam
2592 882 2760 931 exules
2775 882 3042 933 secundiori
3068 885 3261 935 fortuna
3284 886 3357 936 uti
3374 886 3705 937 animadverte·

2178 963 2297 1015 bant
2310 1002 2326 1027 ‚
2366 970 2577 1019 mentem
2612 973 2890 1035 mutarunt,
2914 973 2991 1024 vel
3030 974 3203 1024 borum
3237 962 3544 1026 successuum
3578 978 3713 1027 ullam

2181 1053 2357 1105 habere
2389 1060 2574 1119 partem
2596 1060 2781 1123 voluit,
2810 1061 3005 1125 cupiens
3025 1063 3177 1125 magis
3198 1064 3431 1114 consectis
3452 1064 3553 1127 jam
3585 1065 3716 1115 rebus
3764 1108 3766 1121 ,

2176 1143 2406 1194 accedere
2422 1181 2437 1207 ,
2462 1159 2608 1209 quam
2630 1161 2729 1198 una
2758 1162 2871 1199 cum
2892 1149 2997 1201 aliis
3018 1152 3221 1214 reverti,
3245 1155 3501 1216 postquam
3527 1166 3583 1203 ea
3618 1168 3717 1216 per·
3764 1140 3766 1145 ’

2177 1234 2411 1294 petrasset
2440 1243 2553 1298 quae
2584 1238 2858 1301 reipublicae
2885 1238 3015 1290 salus
3038 1241 3334 1305 postulabat,
3352 1254 3513 1305 neque
3529 1242 3719 1292 venitin

2178 1331 2434 1391 Pii-meum,
2446 1340 2603 1389 neque
2622 1328 2757 1377 locus
2770 1326 2900 1378 ullus
2914 1330 2989 1379 est
3000 1328 3051 1378 in
3062 1342 3160 1391 quo
3174 1328 3441 1379 collocandi
3453 1331 3529 1381 sui
3545 1330 3719 1393 copiam
3766 1340 3768 1343 ⁴

2177 1419 2315 1469 vobis
2336 1418 2539 1468 fecisset.
2606 1416 2704 1479 (lo)
2723 1417 2785 1466 At
2798 1428 2913 1466 vero
2931 1416 3083 1481 quiin
3100 1417 3245 1468 rebus
3262 1417 3489 1469 secundis
3508 1419 3723 1469 sustinuit

2178 1520 2266 1557 nos
2288 1505 2531 1568 deserere,
2560 1504 2677 1568 quid
2695 1518 2805 1555 eum
2838 1504 2886 1553 in
2910 1505 3121 1556 adversis
3146 1507 3387 1556 facturum
3406 1506 3722 1558 arbitremini?
3768 1490 3770 1551 1

2178 1596 2481 1657 Quicumque
2494 1592 2637 1655 igitur
2652 1594 2845 1655 propter
2856 1592 3140 1643 domesticas
3152 1594 3451 1643 calamitates
3460 1596 3671 1657 periculo
3682 1594 3723 1643 in

2177 1696 2276 1745 quo
2297 1684 2417 1733 tunc
2432 1681 2715 1731 versabatur
2739 1681 2907 1731 civitas
2924 1680 3149 1732 interesse
3168 1694 3267 1731 non
3294 1684 3550 1745 poterant,
3578 1684 3723 1746 aliqua
3768 1664 3772 1757 Ἰ

2176 1772 2347 1821 saltem
2358 1769 2499 1821 venia
2509 1768 2638 1831 digni
2651 1770 2765 1819 sunt
2778 1769 3101 1831 (nullusenim
3110 1768 3429 1819 infortunium
3440 1770 3575 1820 ultro
3588 1784 3725 1821 arces·
3770 1776 3772 1779 ⁴

2176 1857 2264 1920 sit)
2281 1876 2296 1921 ;
2312 1858 2411 1921 (tt)
2430 1858 2525 1921 qui
2532 1858 2695 1908 autem
2714 1856 2937 1907 consulto
2952 1857 3152 1908 aberant
3162 1894 3177 1919 ,
3192 1856 3251 1908 iis
3262 1858 3547 1909 nullatenus
3564 1860 3725 1923 ignosci

2178 1944 2349 2009 debet;
2374 1959 2471 1995 non
2492 1946 2620 1995 enim
2642 1958 2726 2009 per
2748 1945 3090 2008 infortunium,
3114 1945 3197 1995 sed
3218 1959 3283 1997 ex
3307 1945 3549 1997 industria
3566 1961 3724 2011 pecca-
3772 1962 3774 1969 ·

2176 2047 2306 2084 vere.
2370 2036 2479 2083 Jam
2500 2035 2661 2083 autem
2687 2046 2883 2096 aequum
2905 2034 2979 2084 est
3002 2034 3053 2083 et
3068 2032 3196 2095 apud
3226 2046 3397 2084 omnes
3418 2034 3656 2095 obtinuit,
3672 2034 3725 2084 ab

2176 2120 2235 2171 iis
2270 2121 2545 2172 bominibus
2579 2134 2743 2185 poenas
2768 2134 3017 2185 reposcere
3046 2122 3283 2172 maximas
3304 2122 3485 2185 quibus
3524 2124 3725 2173 maxime

2178 2209 2421 2272 integrum
2449 2210 2553 2259 erat
2586 2222 2682 2259 non
2703 2222 2929 2272 peccare,
2955 2208 3252 2259 tenuioribus
3272 2223 3389 2260 vero
3415 2212 3507 2261 sut
3540 2225 3727 2275 corpore

2175 2298 2398 2348 invalidis
2422 2296 2530 2347 ideo
2552 2298 2691 2347 facile
2712 2297 3009 2360 condonare,
3030 2298 3143 2361 quin
3172 2299 3301 2361 ipsos
3323 2312 3423 2348 non
3452 2302 3633 2362 sponte
3660 2300 3725 2349 os-
3774 2286 3776 2299 ³

2176 2384 2369 2435 rendere
2390 2385 2697 2435 arbitrantur.
2764 2384 2862 2447 (1⁶2)
2882 2386 2977 2435 Iste
2990 2397 3135 2447 porro
3154 2385 3337 2434 nullam
3355 2376 3555 2435 veniam
3570 2387 3727 2450 dignus

2176 2477 2249 2522 σει
2261 2471 2488 2536 consequi
2502 2489 2517 2534 ;
2532 2472 2767 2535 siquidem
2784 2484 2883 2521 non
2900 2470 2996 2521 dici
3011 2474 3169 2534 potest
3196 2472 3351 2535 ipsum
3366 2485 3577 2536 corpore
3598 2474 3727 2524 tuisse

2176 2574 2205 2609 a
2219 2559 2463 2610 laboribus
2474 2560 2631 2609 alieno
2643 2594 2658 2619 ,
2670 2560 2743 2609 uti
2755 2572 2842 2609 vos
2854 2572 3049 2623 quoque
3064 2558 3238 2609 videtis
3248 2596 3263 2621 ,
3281 2560 3356 2609 vel
3372 2574 3425 2609 re
3436 2560 3503 2609 ad
3516 2564 3729 2625 sumptus

2179 2647 2418 2699 faciendos
2438 2662 2613 2711 parum
2632 2647 2832 2709 idonee,
2852 2649 2911 2697 ut
2938 2660 3029 2710 ego
3052 2646 3251 2697 docebo.
3274 2648 3367 2706 Qui
3392 2648 3545 2711 igitur
3560 2652 3727 2713 quate-

2176 2750 2270 2786 nus
2305 2735 2526 2799 prodesse
2558 2736 2740 2799 potuit,
2768 2738 2969 2785 eatenus
3002 2736 3185 2785 malum
3214 2736 3369 2785 civem
3405 2750 3460 2786 se
3480 2738 3730 2796 exhihuit,

2176 2844 2273 2894 quo
2296 2833 2437 2894 pacto
2459 2832 2540 2881 hic
2562 2844 2659 2881 non
2679 2830 2788 2893 jure
2816 2830 2881 2879 ab
2896 2832 3120 2881 omnibus
3150 2832 3290 2882 vobis
3314 2832 3426 2881 odio
3446 2832 3731 2883 habebitur?

2177 2926 2220 2985 (1
2230 2926 2277 2987 3)
2301 2926 2364 2975 At
2380 2938 2494 2974 sane
2516 2924 2692 2974 nemini
2724 2924 2909 2975 civIum
2921 2925 3159 2988 ingratum
3174 2926 3306 2977 eritis
3318 2926 3515 2987 tacturi,
3532 2927 3575 2976 si
3590 2927 3731 2977 istum

2178 3017 2420 3068 hominem
2442 3018 2835 3082 reprobaveritis,
2872 3020 2955 3082 qui
2988 3033 3085 3070 non
3116 3020 3317 3071 alteram
3358 3022 3523 3070 utram
3550 3022 3729 3070 solum-

2176 3112 2321 3163 modo
2358 3115 2574 3177 partem,
2619 3113 2702 3163 scd
2740 3114 2999 3176 utramque
3037 3114 3200 3176 aperte
3241 3112 3451 3163 deseruit
3476 3132 3489 3161 ι
3520 3114 3649 3163 adeo
3684 3118 3733 3161 ιιι

2177 3208 2364 3259 amicus
2398 3222 2501 3259 esse
2540 3208 2715 3259 debeat
2742 3222 2903 3271 neque
2927 3209 2995 3259 eis
3024 3209 3109 3272 qui
3138 3208 3188 3257 in
3210 3207 3332 3257 urbe
3368 3210 3731 3267 remanserunt,

2176 3315 2385 3365 quorum
2418 3302 2642 3367 periculis
2674 3316 2725 3353 se
2758 3302 3020 3365 adjungere
3050 3302 3232 3363 noluit;
3264 3315 3354 3351 nec
3380 3302 3729 3363 Piraeensibus,

2176 3397 2465 3459 quibuscum
2480 3412 2576 3447 una
2592 3397 2746 3447 redire
2762 3410 2861 3446 non
2881 3397 3123 3447 sustinuit.
3188 3398 3251 3445 Et
3264 3396 3311 3445 id
3335 3396 3437 3459 ipse
3458 3398 3729 3445 confitetur.

2178 3490 2275 3552 (14)
2322 3490 2507 3549 Quodsi
2528 3489 2624 3539 ulla
2641 3502 2753 3552 pars
2768 3488 2947 3539 civium
2960 3489 3162 3551 supersit
3178 3500 3290 3550 quae
3308 3488 3499 3537 easdem
3520 3502 3635 3537 cum
3654 3488 3731 3537 illo

2176 3580 2385 3631 rationes
2405 3580 2467 3630 sit
2484 3582 2649 3631 secuta
2662 3617 2679 3643 ‚
2700 3594 2813 3631 cum
2835 3580 2894 3631 iis
2918 3579 3114 3630 demum
3128 3616 3143 3641 ,
3162 3578 3201 3628 si
3220 3578 3415 3643 quando
3434 3580 3601 3642 (quod
3618 3580 3733 3630 deus

2175 3674 2390 3737 avertat)
2404 3675 2749 3739 rempublicam
2762 3674 3106 3738 occupaverint
3115 3709 3131 3736 ‚
3146 3674 3385 3725 senatorio
3402 3685 3609 3723 munere
3622 3688 3729 3737 per-

2174 3764 2305 3827 fungi
2330 3764 2555 3827 postulet.

2236 3854 2361 3901 Eum
2387 3852 2532 3915 igitur
2556 3852 2703 3915 Oropi
2721 3852 2811 3902 sub
2832 3853 3035 3914 patrono
3056 3850 3231 3901 vixisse
3245 3886 3259 3914 ,
3281 3861 3481 3912 remque
3496 3850 3614 3899 satis
3631 3863 3727 3901 ma·

2172 3960 2313 4009 gnam
2340 3946 2516 3998 babere
2530 3984 2544 4007 ,
2568 3948 2617 3997 et
2642 3960 2799 4009 neque
2826 3946 2874 3995 in
2895 3946 3075 3996 Piroeeo
3100 3957 3258 4008 neque
3280 3944 3331 3993 in
3349 3944 3471 3994 urbe
3492 3956 3637 3995 arma
3652 3958 3727 3995 ce·

2173 4043 2323 4106 pisse,
2342 4044 2399 4092 ut
2416 4042 2689 4105 intelligatis
2716 4054 2795 4091 me
2822 4042 2927 4091 haec
2964 4041 3118 4104 primo
3144 4053 3255 4090 vera
3290 4038 3477 4101 dicere,
3516 4040 3681 4091 audite
3702 4054 3729 4089 a

2172 4130 2391 4182 testibus.

2827 4267 3043 4309 TESTBS
3051 4294 3063 4307 ·

2239 4408 2310 4451 15.
2346 4400 2439 4463 ipsi
2456 4400 2597 4463 igitur
2618 4400 2855 4463 reliquum
2872 4401 2945 4449 est
2961 4399 3118 4448 dicere
3134 4397 3265 4461 quod
3281 4397 3345 4447 ob
3362 4398 3577 4460 cont-ris
3594 4398 3723 4448 intir-

2172 4512 2389 4561 mitatem
2418 4510 2731 4559 Pit-mensibus
2765 4524 2816 4559 se
2850 4508 3110 4571 adjungere
3141 4521 3237 4557 non
3272 4506 3510 4570 potuerit,
3546 4508 3631 4558 sed
3665 4522 3721 4557 ex

2173 4620 2479 4672 facultatibus
2516 4620 2619 4669 suis
2652 4621 2699 4669 iu
2722 4634 2772 4669 se
2797 4618 3057 4681 susceperit
3088 4619 3165 4667 vel
3200 4616 3451 4680 pecuniam
3482 4617 3532 4665 in
3564 4615 3723 4680 populi

2168 4707 2700 4791 utilitatem-conferre,
2740 4730 2815 4779 vel
2844 4742 2905 4778 ex
2940 4728 3041 4778 suis
3068 4726 3273 4776 demotis
3294 4724 3483 4788 aliquos
3512 4739 3721 4785 armare,

2168 4842 2577 4906 quemadmodum
2598 4841 2739 4891 multi
2758 4840 2837 4889 alii
2856 4853 2917 4888 ex
2939 4838 3125 4887 civibus
3146 4837 3363 4887 fecerunt
3375 4836 3460 4899 qui
3478 4836 3567 4898 ipsi
3586 4835 3719 4884 labo-

2168 4966 2244 5003 res
2268 4954 2479 5015 perferre
2508 4966 2604 5001 non
2639 4951 2897 5014 potuerint.
2962 4950 3059 5011 (ιο)
3089 4950 3153 4997 Ut
3184 4948 3327 5009 igitur
3352 4946 3431 4997 isti
3462 4959 3561 4996 non
3588 4945 3725 4996 liceat

2168 5058 2427 5108 mendaciis
2466 5070 2553 5107 vos
2586 5056 2831 5119 decipere,
2866 5053 2927 5102 de
2966 5051 3040 5100 his
3069 5064 3266 5114 quoque
3304 5048 3549 5098 evidenter
3576 5047 3725 5097 tidem

2167 5163 2365 5225 taciam3
2402 5158 2793 5225 quandoquidem
2824 5158 2941 5207 mihi
2964 5159 3067 5223 jam
3098 5168 3196 5204 non
3228 5151 3517 5203 concedetur
3550 5151 3725 5202 iterum

2166 5270 2261 5320 linc
2296 5270 2487 5335 prodire
2520 5268 2762 5319 bominem
2788 5266 3111 5317 convicturus.
3176 5264 3237 5313 lit
3268 5260 3386 5311 mihi
3412 5272 3531 5309 voca
3570 5256 3721 5309 moti-
