3825 5842
623 468 734 519 300
1414 448 1676 511 ῙΣΑΙΟΥ
1711 450 1762 510 Ο
1803 448 1992 510 ΠΕΡΙ
2032 446 2187 510 ΤΟΥ
2230 448 2677 511 ΑΣΤΥΦΙΛΟΥ
2718 450 3051 513 limpor.
3508 454 3729 543 (ns-2:1⁹)

615 584 697 645 &t
722 587 1038 667 μαρτυροῦσι
1067 580 1141 660 μὴ
1179 578 1368 641 εἰδέναι
1407 578 1704 663 Ἀστύφιλον
1741 582 1908 637 ταῦτα
1947 576 2164 639 διατιθέ·

619 697 790 751 μενον.
873 672 1016 750 Ἐγὼ
1051 670 1095 729 δ’
1123 662 1297 747 οἶμαι,
1331 668 1455 749 περί
1494 692 1554 747 γε
1591 668 1848 739 διαθηκῶν
1889 665 2045 741 οὔσης
2076 672 2169 740 τῆς

619 759 1054 843 ἀμφισὸητήσεως
1115 759 1206 817 καὶ
1261 757 1382 839 περὶ
1422 762 1512 815 τοῦ
1557 754 1838 829 ποιηθῆναι(
1887 778 2006 815 τινα
2060 756 2166 815 υἱὸν

619 848 940 931 Ἃστυφίλῳ,
984 846 1110 923 ἡμῖν
1157 844 1290 904 πολὺ
1329 842 1666 925 βεὸαιοτέραν
1707 833 1837 903 εἶναι
1877 842 2168 925 μαρτυρίαν

579 937 682 1010 ’ἣν
709 940 756 997 οἱ
803 938 1072 1013 ἀναγκαῖοι
1111 932 1306 993 ἐκείνου
1334 932 1454 1011 περὶ
1494 936 1596 991 τῶν
1635 932 1892 1010 μεγίστων
1923 930 1999 1009 μή
2041 954 2167 1012 φασι

617 1020 1032 1103 παραγενέσθαι,
1085 1022 1283 1097 μᾶλλον
1329 1016 1363 1090 ἢ
1416 1019 1483 1091 ἣν
1524 1021 1570 1077 οἱ
1608 1020 1769 1096 μηδὲν
1818 1018 2167 1100 προσήκοντες

617 1116 935 1191 μαρτυροῦσι
959 1109 1222 1189 παρεῖναι.
1265 1109 1354 1187 (ιι)
1387 1107 1494 1167 Καὶ
1514 1109 1672 1187 ἐχρῆν
1699 1107 1761 1180 δ’,
1785 1096 1828 1166 ῶ
1855 1106 2053 1188 ἄνδρες,
2076 1105 2169 1165 καὶ

544 1216 595 1255 ³5
617 1198 770 1257 αὐτὸν
811 1196 1064 1274 Κλέωνα,
1113 1196 1187 1273 μὴ
1239 1198 1485 1255 δοκοῦντα
1532 1186 1662 1253 εἶναι
1689 1192 1922 1271 ἠλίθιον,
1955 1192 2040 1253 ὅτε
2079 1192 2166 1252 τὸν

616 1286 723 1345 υἱὸν
763 1284 848 1344 τὸν
888 1282 1070 1343 τούτου
1117 1284 1340 1343 ἐποιεῖτο
1387 1278 1688 1364 Ἀστύφιλος
1731 1279 1822 1340 καὶ
1850 1279 1944 1348 τὰς
1986 1281 2168 1353 διαθή-

615 1397 710 1441 κας
738 1372 1010 1433 κατέλειπε
1031 1416 1049 1450 ,
1086 1368 1456 1453 παρακαλέσαι
1485 1368 1532 1428 εἴ
1561 1368 1622 1446 γέ
1651 1392 1765 1427 τινα
1795 1373 2018 1449 συγγενῆ
2048 1371 2165 1427 ἐπι-

612 1464 880 1541 δημοῦντα
907 1459 1181 1537 ἐγίνωσκε,
1214 1459 1304 1519 καὶ
1342 1457 1456 1525 τοὺς
1485 1458 1693 1532 ἄλλους,
1731 1456 1835 1539 ὅτῳ
1876 1457 1961 1517 ἐπὶ
1996 1456 2167 1538 βραχύ

611 1562 715 1631 ’περ
755 1528 869 1631 ᾔδέι
913 1548 1219 1630 Ἀστύφιλον
1259 1544 1548 1629 χρώμενον.
1649 1548 1902 1606 Κωλῦσαι
1936 1543 2029 1623 μὲν
2068 1544 2168 1625 γὰρ

617 1636 779 1704 οὐδεὶς
821 1636 882 1695 ἂν
928 1634 1082 1695 αὗτὸν
1131 1634 1371 1707 ἐδύνατο,
1415 1631 1518 1715 ὅτῳ
1567 1632 1832 1707 ἐὸούλετο,
1886 1634 2061 1692 δοῦναι
2101 1630 2169 1690 τὰ

617 1728 821 1784 ἑαυτοῦ·
849 1723 1014 1805 τούτῳ
1037 1723 1082 1781 δ’
1108 1722 1168 1781 ἂν
1194 1721 1400 1800 μεγάλη
1444 1720 1703 1803 μαρτυρία
1744 1714 1830 1794 ἦν,
1865 1718 1944 1779 ὅτι
1973 1722 2030 1779 οὗ
2072 1719 2167 1778 λοί-

617 1818 714 1895 θρα
756 1818 921 1873 ταῦτα
963 1810 1174 1872 διέθετο.
1259 1813 1348 1889 (12)
1381 1808 1509 1871 Ἔτι
1551 1810 1612 1883 δ’,
1652 1800 1695 1869 ὦ
1739 1812 1950 1891 ἄνδρες,
1996 1810 2040 1868 εἷ
2074 1807 2167 1885 μὲν

538 1918 588 1959 ιο
615 1906 643 1961 ὁ
665 1900 962 1981 Ἀστύφιλος
985 1897 1184 1978 μηδένα
1223 1896 1462 1957 ἐδούλετο
1497 1898 1684 1956 εἰδέναι
1709 1896 1788 1956 ὅτι
1815 1898 1901 1956 τὸν
1933 1898 2170 1964 Κλέωνος

617 1988 723 2047 υἱὸν
769 1990 990 2047 ἐποιεῖτο
1038 1988 1160 2065 μηδ’
1189 1984 1268 2045 ὅτι
1309 1984 1561 2057 διαθήκας
1600 1985 1903 2059 καταλίποι,
1946 1984 2079 2052 εἰκὸς
2105 1975 2167 2057 ἦν

619 2075 752 2155 μηδὲ
785 2074 940 2135 ἄλλον
989 2072 1187 2151 μηδένα
1235 2072 1579 2153 ἐγγεγράφθαι
1624 2075 1676 2131 ἐν
1705 2076 1780 2154 τῷ
1823 2070 2170 2155 γραμματείῳ

619 2162 876 2243 μάρτυρα·
922 2162 966 2218 εἰ
1011 2160 1056 2219 δ’
1101 2160 1328 2218 ἐναντίον
1377 2156 1653 2239 μαρτύρων
1710 2159 1949 2241 φαίνεται
2000 2158 2169 2219 διαθέ-

622 2272 801 2328 μενος,
849 2246 1042 2307 τούτων
1088 2247 1142 2306 δὲ
1173 2246 1247 2324 μὴ
1279 2249 1381 2306 τῶν
1422 2246 1653 2324 μάλιστα
1695 2246 1980 2329 χρωμένων
2032 2246 2167 2306 ἀλλὰ

617 2342 720 2396 τῶν
770 2334 1113 2415 ἐντυχόντων,
1159 2336 1269 2400 πῶς
1317 2332 1450 2401 εἰκός
1493 2336 1629 2393 ἐστιν
1673 2336 1878 2407 ἀληθεῖς
1923 2325 2054 2393 εἶναι
2079 2331 2171 2401 τὰς

617 2423 892 2499 διαθήκας,
925 2424 1015 2502 (ta)
1047 2424 1130 2483 Οὗ
1178 2420 1279 2502 γὰρ
1323 2425 1555 2500 ἡγοῦμαι
1593 2420 1758 2501 ἔγωγε
1797 2422 2012 2496 οὖδένα,
2064 2420 2169 2481 υἱὸν

617 2518 784 2595 ἑαυτῷ
812 2510 1135 2589 ποιούμενον,
1171 2512 1433 2587 τολμῆσαι
1465 2510 1652 2579 ἄλλους
1694 2513 1835 2580 τινὰς
1856 2510 2167 2593 παρακαλέ-

533 2606 598 2657 76
619 2626 708 2662 σαι
729 2602 764 2673 ἢ
799 2599 1038 2672 τούτους,
1063 2596 1257 2677 οὕσπερ
1289 2596 1380 2657 καὶ
1406 2600 1557 2679 ἱερῶν
1597 2598 1688 2659 καὶ
1713 2600 1868 2659 ὁσίων
1903 2598 2173 2668 κοινωνοὺς

617 2692 725 2747 ἀνθ’
751 2692 908 2748 αὓτοῧ
948 2690 1019 2754 εἰς
1053 2686 1140 2745 τὸν
1168 2684 1349 2745 ἔπειτα
1391 2685 1576 2765 χρόνον
1624 2684 1813 2763 ἔμελλε
1841 2688 2169 2749 καταλιπεῖν.

618 2776 773 2836 Ἀλλὰ
797 2776 899 2853 μὴν
927 2776 1033 2833 οὐδ’
1063 2776 1402 2853 αἰσχυνθῆναι
1428 2772 1598 2832 οὐδενὶ
1619 2773 1870 2855 προσήκει
1894 2777 1979 2835 ἐπὶ
2000 2773 2172 2835 τοιαύ·

615 2886 728 2931 ταις
757 2862 1025 2934 διαθήκαις
1066 2866 1134 2929 ὡς
1163 2859 1438 2927 πλείστους
1485 2858 1752 2943 μάρτυρας
1793 2862 2168 2943 παρίστασθαι,

565 2982 572 2987 ·
620 2950 780 3030 νόμου
804 2974 863 3030 γε
887 2950 1031 3016 ὄντος
1058 2949 1244 3018 ἐξεῖναι
1279 2946 1382 3029 ὅτῳ
1408 2948 1644 3028 βούλοιτο
1671 2950 1845 3009 δοῦναι
1870 2950 1938 3007 τὰ
1968 2954 2170 3011 ἑαυτοῦ.

696 3058 766 3099 ιι.
814 3038 1086 3119 Σκέψασθε
1127 3036 1210 3114 δέ,
1238 3026 1281 3096 J,
1313 3036 1518 3117 ἄνδρες,
1549 3038 1640 3095 καὶ
1682 3038 1741 3097 ἐκ
1775 3043 1864 3097 τοῦ
1901 3037 2089 3120 χρόνου
2117 3037 2173 3097 ὃν

551 3145 576 3183 s
616 3118 754 3188 οὗτοι
780 3124 988 3206 λέγουσι
1014 3123 1133 3206 περὶ
1156 3128 1260 3183 τῶν
1289 3126 1571 3197 διαθηκῶν.
1608 3122 1744 3187 Ὅτε
1771 3128 1871 3208 γὰρ
1894 3130 1966 3194 εἷς
1998 3130 2174 3188 Μυτι-

615 3214 778 3288 λήνην
804 3213 1005 3284 ἐξέπλει
1035 3211 1470 3295 στρατευόμενος,
1498 3212 1615 3272 τότε
1640 3212 1795 3294 φασὶν
1825 3215 1978 3275 αὐτὸν
2008 3220 2172 3275 ταῦτα

618 3302 897 3365 διαθέσθαι·
922 3302 1159 3385 φαίνεται
1179 3301 1235 3361 δὲ
1258 3305 1286 3359 ὃ
1308 3300 1605 3381 Ἀστύφιλος
1627 3304 1701 3383 τῷ
1724 3300 1920 3361 τούτων
1946 3304 2085 3385 λόγῳ
2108 3303 2173 3362 τὰ

618 3391 874 3471 μέλλοντα
903 3390 1109 3450 ἔσεσθαι
1137 3386 1409 3470 προειδώς.
1495 3390 1711 3469 Πρῶτον
1741 3388 1837 3466 μὲν
1864 3389 1966 3471 γὰρ
1990 3392 2173 3473 ἐστρα·

617 3478 836 3540 τεύσατο
859 3481 929 3546 εἷς
955 3478 1220 3557 Κόρινθον,
1249 3475 1430 3535 ἔπειτα
1455 3476 1524 3543 εἰς
1549 3476 1870 3554 Θετταλίαν,
1900 3476 1977 3537 ἔτι
2004 3476 2057 3537 δὲ
2087 3478 2174 3539 τὸν

617 3564 891 3639 Θηὸαϊκὸν
927 3566 1152 3642 πόλεμον
1193 3562 1430 3635 ἅπαντα,
1454 3561 1543 3621 καὶ
1573 3562 1760 3623 ἄλλοσε
1795 3562 1925 3624 ὅπου
1964 3589 2062 3647 περ
2091 3570 2172 3626 αἰ·

617 3654 855 3717 σθένοιτο
875 3652 1172 3733 στράτευμα
1196 3647 1587 3730 συλλεγόμενον,
1608 3652 1889 3733 ἁπανταχῇ
1916 3654 2174 3732 ἀπεδήμει

619 3745 882 3824 λοχαγῶν·
910 3738 1002 3800 καὶ
1031 3742 1138 3799 οὐδ’
1169 3742 1220 3799 ἐν
1246 3747 1343 3821 μιᾷ
1371 3736 1565 3798 τούτων
1591 3744 1693 3799 τῶν
1717 3738 1904 3809 ἐξόδων
1929 3742 2175 3815 διαθήκας

547 3852 598 3891 10
619 3832 917 3893 κατέλιπεν.
935 3828 1004 3889 Ἥ
1023 3829 1077 3888 δὲ
1091 3830 1162 3895 εἷς
1176 3828 1271 3901 τὴν
1294 3830 1603 3904 Μυτιλήνην
1633 3829 1880 3909 στρατεία
1902 3830 2172 3890 τελευταία

619 3922 762 4001 αὐτῷ
783 3917 1010 3997 ἐγένετο,
1035 3920 1086 3977 ἐν
1111 3909 1147 3997 ἧ
1165 3917 1255 3975 καὶ
1277 3918 1517 3980 ἀπέθανε.
1605 3916 1692 3997 (ιε)
1715 3920 1810 3999 Τῷ
1837 3908 1924 3975 οὖν
1946 3916 2008 3977 ἂν
2030 3922 2171 3996 ὑμῶν

619 4005 802 4090 φανείη
831 4004 1036 4084 πιστόν,
1056 4002 1303 4087 πρότερον
1333 4006 1495 4075 ἄλλας
1522 4003 1794 4086 στρατείας
1819 4010 1909 4063 τοῦ
1940 4005 2172 4085 Ἀστυφί·

617 4098 710 4157 λου
736 4092 1146 4177 στρατευομένου
1169 4094 1258 4152 καὶ
1281 4084 1338 4153 εὗ
1358 4096 1547 4162 εἰδότος
1565 4094 1644 4153 ὅτι
1664 4096 1715 4152 ἐν
1740 4091 1970 4161 ἁπάσαις
1993 4092 2173 4172 μέλλοι

619 4181 948 4256 κινδυνεύειν,
979 4180 1140 4249 οὕτως
1178 4182 1402 4263 ἅκριὸῶς
1430 4181 1496 4242 τὰ
1537 4180 1684 4261 παρὰ
1711 4184 1804 4252 τῆς
1841 4179 2002 4261 τύχης
2033 4204 2172 4259 συμ-

621 4271 800 4343 6ῆναι,
829 4266 952 4327 ὥστ’
983 4271 1036 4327 ἐν
1067 4266 1160 4345 μὲν
1189 4272 1264 4348 τῷ
1303 4271 1522 4349 πρόσθεν
1548 4271 1718 4349 χρόνῳ
1748 4266 1880 4344 μηδὲ
1907 4268 2027 4347 περὶ
2068 4267 2175 4336 ἑνὸς

621 4356 772 4416 αὐτὸν
791 4360 892 4414 τῶν
917 4360 1074 4413 αὑτοῦ
1100 4354 1388 4430 διαθέσθαι,
1407 4356 1492 4417 ὅτε
1515 4358 1568 4416 δὲ
1586 4355 1644 4415 τὸ
1672 4358 1964 4415 τελευταῖον
1990 4354 2174 4433 ἔμελλε

621 4442 1018 4523 στρατεύεσθαι,
1047 4442 1314 4515 ἐθελοντήν
1337 4466 1393 4501 τε
1423 4441 1708 4503 ἐκπλέοντα
1739 4442 1829 4501 καὶ
1855 4442 2086 4520 μίλιστα
2114 4444 2175 4503 ἐκ

545 4549 594 4589 15
620 4531 812 4602 ταύτης
838 4534 929 4601 τῆς
953 4530 1224 4609 στρατείας
1244 4531 1518 4602 ἐλπίζοντα
1547 4530 1902 4605 σωθήσεσθαι,
1929 4534 2040 4598 πῶς
2062 4538 2177 4592 τοῦ·

619 4642 705 4679 τον
734 4618 918 4677 πιστὸν
946 4618 1049 4691 ἤδη
1079 4618 1174 4687 τὰς
1215 4620 1466 4693 διαθήκας
1492 4618 1606 4680 τότε
1634 4622 1943 4680 καταλιπεῖν
1968 4621 2059 4679 καὶ
2082 4624 2175 4681 ἐκ·

620 4705 922 4767 πλεύσαντα
947 4709 1288 4783 τελευτῆσαι;

703 4816 769 4857 ιο.
813 4796 986 4876 Χωρὶς
1009 4795 1064 4855 δὲ
1091 4798 1307 4872 τούτων,
1336 4786 1379 4857 ῶ
1407 4788 1883 4878 ἄνδρεςδικασταί,
1913 4793 1989 4853 ἔτι
2018 4794 2174 4872 μείζω

620 4882 880 4963 τεκμήρια
911 4884 1204 4965 παρέξομαι
1239 4889 1309 4953 ὡς
1341 4884 1485 4945 οὐδὲν
1523 4882 1708 4956 ἀληθὲς
1741 4882 1979 4961 λέγουσιν
2015 4874 2172 4945 οὗτοι.

621 4971 897 5041 Ἐπιδείξω
922 4971 1022 5053 γὰρ
1050 4976 1170 5048 ὑμῖν
1197 4971 1430 5052 ἔχθιστον
1458 4971 1702 5032 ἁπάντων
1723 4971 1846 5031 ὄντα
1879 4970 2180 5052 Ἀοτύφιλον

2254 588 2344 639 sibi
2354 590 2571 641 constare
2583 589 2646 640 ab
2664 590 2911 654 Asty-philo
2928 591 3154 655 scriptum
3168 591 3312 643 misse
3323 592 3648 647 testamentum.
3666 604 3739 665 Ego

2254 680 2370 718 vero
2394 670 2560 718 contra
2581 681 2752 719 censeo
2782 668 2834 718 in
2861 668 3099 731 ejusmodi
3116 682 3287 733 causa,
3308 671 3391 721 ubi
3417 679 3635 733 quaeratur
3658 684 3740 731 scri,

2256 746 2463 806 pserltne
2500 746 2772 809 Astypliilus
2800 747 3140 796 testamentum
3176 758 3329 795 necne
3344 783 3359 808 ,
3394 750 3441 796 et
3459 746 3647 800 filiumne
3676 756 3742 805 uhi

2255 820 2493 885 adoptarit
2508 834 2661 871 necne
2676 858 2691 883 ,
2709 821 3037 871 testimonium
3056 824 3333 871 nostrorum
3350 824 3533 875 testium
3544 862 3557 885 ,
3576 830 3743 889 quisunt

2255 894 2489 959 Astypbili
2510 894 2765 945 necessarii
2780 932 2796 958 ‚
2816 896 3165 958 negantium’se
3185 900 3361 959 praesto
3392 898 3525 948 fuisse
3554 906 3745 965 Astyphilo

2256 978 2358 1015 rem
2380 965 2557 1015 summi
2581 967 2813 1015 momenti
2845 966 3029 1029 agenti,
3066 966 3223 1016 multo
3270 966 3473 1018 validius
3500 982 3591 1018 esse
3616 972 3745 1027 debere

2257 1055 2401 1106 quam
2450 1044 2781 1093 testimonium
2822 1044 3075 1094 hominum
3118 1046 3255 1096 nulla
3310 1048 3631 1101 necessitudine
3666 1068 3745 1105 cum

2256 1119 2502 1183 Astyphilo
2545 1120 2943 1183 conjunctorum,
2998 1122 3191 1171 tametsi
3244 1122 3376 1173 aiant
3420 1137 3470 1174 se
3522 1126 3743 1179 interfuisse.

2258 1194 2357 1258 (11)
2382 1196 2445 1245 Et
2468 1196 2627 1259 ipsum
2644 1196 2764 1246 adeo
2782 1196 3013 1247 cleonem
3029 1196 3260 1259 decebat,
3294 1210 3325 1247 ο
3346 1198 3521 1259 judices
3532 1237 3544 1261 ‚
3560 1201 3745 1255 hominem

2254 1271 2473 1321 stultitiae
2500 1272 2627 1321 fama
2648 1284 2747 1322 non
2771 1272 3071 1323 laborantem
3089 1310 3104 1333 ,
3124 1286 3281 1337 quum
3310 1272 3462 1323 tilium
3490 1276 3626 1339 ipsius
3646 1288 3744 1343 Asty-

2254 1340 2414 1403 philus
2436 1340 2720 1404 adoptatum
2745 1342 2795 1391 et
2816 1344 3159 1393 testamentum
3185 1342 3419 1405 scriptum
3435 1343 3550 1405 iret,
3566 1352 3745 1411 quotquot

2256 1412 2416 1460 nosset
2440 1411 2675 1473 Astyphili
2692 1412 3066 1475 consanguineos
3083 1412 3135 1461 in
3162 1412 3289 1462 urbe
3318 1415 3425 1463 tum
3454 1423 3695 1481 praesentes,
3714 1426 3745 1472 et

2255 1486 2373 1536 alios
2393 1498 2705 1549 quoacunque
2734 1487 2813 1537 vel
2842 1486 3015 1537 leviter
3038 1490 3233 1537 tantum
3266 1489 3517 1551 Astypbilo
3536 1496 3674 1555 notos,
3692 1510 3745 1547 ens

2254 1574 2421 1611 omnes
2442 1560 2675 1613 advocare
2690 1598 2706 1625 ,
2736 1576 2836 1626 quo
2854 1563 2985 1613 actui
3005 1564 3075 1613 illi
3093 1562 3397 1613 interessent.
3458 1568 3568 1615 Nam
3588 1573 3744 1631 prosena

2252 1650 2399 1687 nemo
2423 1638 2655 1701 potuisset
2682 1639 2988 1703 Astyphilnm
3009 1638 3247 1703 impedire
3268 1640 3519 1703 quominus
3538 1646 3743 1711 cuicunque

2255 1714 2402 1765 vellet
2422 1714 2548 1764 bona
2568 1728 2654 1765 sua
2674 1715 2880 1777 legaret3
2916 1718 2970 1766 et
2996 1716 3164 1767 clenni
3201 1718 3412 1767 multum
3438 1721 3662 1781 promissat
3684 1725 3742 1775 hoe

2256 1791 2616 1852 argumentum,
2634 1791 2981 1841 testamentum
3002 1790 3123 1840 illud
3144 1790 3271 1841 clam
3286 1805 3383 1842 non
3402 1793 3535 1845 tuisse
3554 1798 3740 1861 seriptum.

2258 1858 2355 1923 (12)
2390 1862 2626 1911 Praeterea
2658 1875 2881 1925 quoque,
2919 1862 3133 1925 judices,
3178 1863 3221 1912 si
3248 1865 3522 1926 Astyphilus
3554 1871 3741 1921 eonsilium

2256 1946 2398 1986 suum
2440 1937 2501 1987 de
2536 1938 2723 1989 Cleonis
2765 1938 2866 1988 filio
2900 1937 2990 1988 sibi
3024 1938 3301 2001 adoptando
3336 1940 3387 1988 et
3420 1938 3480 1989 de
3523 1942 3741 1998 tastamenti*

2256 2008 2505 2060 scribendo
2532 2010 2687 2059 celare
2716 2022 2885 2061 omnes
2914 2010 3113 2059 omnino
3148 2009 3408 2073 voluisset,
3445 2018 3741 2071 consentaneum

2256 2086 2363 2134 erat
2376 2082 2470 2134 illis
2486 2084 2537 2133 in
2566 2082 2742 2133 tabulis
2759 2096 2953 2147 prorsus
2978 2084 3224 2135 neminem
3259 2086 3431 2135 testem
3450 2088 3581 2137 scribi
3604 2096 3739 2153 :quoti

2256 2155 2297 2205 si
2322 2156 2485 2205 autem
2520 2155 2721 2204 constat
2755 2156 3097 2205 testamentum
3133 2169 3305 2205 coram
3346 2157 3540 2208 testibus
3574 2163 3741 2227 scriptun

2256 2244 2383 2292 esse,
2402 2230 2483 2281 sed
2521 2230 2607 2294 iis,
2628 2244 2725 2281 non
2756 2232 2845 2296 qui
2868 2231 3115 2295 Astypliilo
3134 2232 3433 2282 familiariter
3466 2237 3531 2285 usi
3556 2242 3669 2301 sunt,
3689 2244 3742 2293 sed

2256 2303 2411 2355 obviis
2430 2306 2729 2369 quibusque,
2752 2308 2839 2368 qut
2857 2318 3055 2369 oequum
3086 2305 3149 2355 sit
3178 2305 3455 2357 existimare
3478 2310 3741 2366 testamenta,

2257 2377 2377 2429 illud
2412 2394 2524 2430 vere
2558 2380 2793 2443 scriptum
2837 2380 2899 2430 ab
2932 2380 3183 2442 Astyphilo
3224 2380 3402 2431 fuisse?
3428 2386 3522 2446 (13)
3558 2390 3655 2437 Nam
3684 2406 3740 2451 em

2257 2452 2479 2515 equidem
2502 2468 2599 2504 non
2630 2458 2830 2505 autumo
2866 2467 3160 2518 quemquam
3186 2468 3325 2516 esse,
3352 2456 3437 2518 qui
3468 2458 3609 2508 volens
3636 2462 3741 2513 filiun

2256 2521 2346 2571 sibi
2368 2524 2598 2575 asciscere
2617 2526 2684 2574 ita
2719 2524 2989 2575 inconsulto
3023 2526 3161 2588 agat,
3190 2526 3253 2575 ut
3278 2526 3400 2575 alios
3431 2527 3497 2577 illi
3518 2533 3629 2579 actui
3648 2535 3741 2583 testes

2258 2591 2493 2656 advocet,
2539 2608 2688 2658 quam
2720 2596 2829 2645 illos
2860 2594 3016 2658 ipsos,
3048 2608 3177 2658 quos
3220 2609 3349 2659 pone
3383 2610 3435 2647 se
3476 2600 3683 2651 relicturus
3704 2606 3741 2653 sit

2258 2676 2600 2728 sacrorumque
2630 2666 2941 2729 civiliumque
2974 2667 3163 2727 jurium
3198 2666 3379 2729 quibus
3412 2668 3507 2731 ipse
3540 2670 3636 2719 olim
3668 2686 3741 2721 usus

2258 2738 2322 2787 sit
2360 2739 2435 2789 sui
2470 2740 2578 2790 loco
2608 2742 2878 2805 participes.
2957 2744 3126 2805 Neque
3173 2741 3353 2805 pudori
3389 2743 3525 2795 debet
3554 2747 3738 2808 quisquam

2259 2813 2349 2863 sibi
2371 2813 2575 2876 ducere,
2606 2817 2649 2866 si
2678 2818 2827 2867 testes
2843 2816 3071 2867 adhibeat
3096 2817 3336 2879 ejusmodi
3362 2819 3623 2871 testamento
3642 2838 3760 2910 quan*

2260 2889 2492 2952 plurimos
2505 2928 2521 2954 ‚
2544 2890 2648 2954 lege
2672 2891 2864 2943 veniam
2892 2892 3071 2956 cuique
3092 2892 3243 2943 dante
3266 2892 3530 2957 cuicunque
3544 2897 3641 2946 velit
3660 2897 3739 2946 bom

2260 2973 2349 3010 sua
2370 2959 2637 3025 delegandi.

2326 3052 2399 3099 14.
2430 3049 2523 3101 Sed
2541 3051 2590 3101 et
2613 3051 2807 3114 tempus
2828 3050 3067 3115 spectate,
3087 3050 3305 3114 judices,
3328 3064 3426 3115 quo
3446 3052 3493 3102 hi
3510 3053 3625 3103 aiunt
3642 3036 3758 3105 lesia-¹

2260 3138 2477 3187 mentum
2500 3152 2602 3189 esse
2618 3139 2865 3203 scriptum.
2892 3142 2950 3189 In
2967 3138 3219 3201 procinctu
3246 3152 3418 3204 nempe
3436 3142 3636 3203 scriptum
3650 3144 3739 3193 aium

2262 3231 2684 3294 esseexpeditionis
2695 3232 2981 3295 Mytilenmae
2996 3232 3151 3297 :quod
3160 3232 3383 3283 siverum
3392 3236 3640 3297 est,eonstat
3650 3240 3739 3297 Asty·
3755 3208 3756 3241 ἶ

2262 3326 2445 3391 pbilum
2460 3328 2729 3378 mturorum
2740 3328 2883 3378 fuisse
2899 3328 3170 3391 praescium.
3191 3332 3315 3379 Nam
3326 3330 3522 3393 primum
3536 3330 3735 3394 quidemul
3753 3358 3754 3375 ι

2261 3422 2563 3484 Corinthum,
2578 3420 2753 3473 deinde
2770 3422 2819 3472 in
2832 3423 3091 3487 Thessalia,
3102 3425 3208 3474 tum
3218 3425 3445 3475 Thebano
3453 3426 3568 3475 bello
3578 3426 3752 3475 universe

2260 3510 2503 3573 interfuit,
2532 3511 2740 3575 denique
2761 3525 3051 3576 quocunque
3072 3513 3291 3563 locorum
3318 3514 3443 3564 mitti
3465 3515 3605 3579 copias
3622 3526 3752 3565 cerne-¹

2260 3600 2361 3660 ret,
2388 3612 2447 3649 eo
2479 3598 2577 3662 ipse
2598 3613 2792 3664 quoque
2813 3600 3201 3665 proficiscebatur
3218 3604 3381 3665 partes
3397 3616 3529 3666 agens
3560 3604 3737 3653 centurio-

2259 3694 2334 3745 nis
2344 3710 2361 3759 3
2394 3708 2643 3760 nunquam
2676 3697 2836 3747 umen
2878 3696 2937 3746 ad
2974 3696 3116 3748 hasce
3154 3697 3476 3761 expeditiones
3508 3672 3750 3762 profectura

2259 3788 2598 3839 testamentum
2633 3788 2845 3841 condidit
2885 3809 2899 3840 z
2938 3790 3214 3854 Mytilenaea
3258 3792 3419 3841 autem
3460 3790 3665 3853 expeditio
3694 3786 3748 3839 illi

2260 3882 2495 3944 postrema
2534 3883 2650 3945 suit,
2697 3883 2747 3933 in
2795 3896 2947 3947 eaque
2992 3884 3137 3933 etiam
3182 3884 3313 3935 diem
3360 3896 3608 3948 supremum
3643 3882 3746 3949 obiit.¹

2262 3970 2359 4033 (15)
2380 3972 2527 4021 Eccui
2543 3971 2643 4034 jam
2662 3974 2877 4022 vestrum
2900 3972 3123 4023 credibile
3140 3972 3383 4035 videatur,
3406 3986 3545 4036 quum
3564 3976 3675 4020 aulea
3688 3970 3737 4019 tul

2260 4064 2583 4129 expeditiones
2594 4066 2873 4129 suscepisset
2892 4066 3167 4129 Astypbilus
3183 4066 3307 4117 bene
3319 4078 3485 4130 gnarus
3496 4065 3541 4114 in
3558 4065 3605 4113 iis
3619 4062 3744 4119 ‹unui-⁴

2260 4158 2350 4209 bus
2363 4172 2415 4209 se
2434 4159 2809 4221 periclitaturum
2823 4194 2839 4221 ,
2858 4159 2960 4208 tam
2982 4158 3161 4208 mirum
3186 4158 3237 4208 in
3262 4156 3453 4209 modum
3475 4158 3647 4208 fortunat
3662 4156 3741 4219 Ιιιιι

2262 4247 2445 4297 sactum
2462 4257 2563 4297 esse
2574 4283 2590 4309 ‚
2607 4249 2663 4296 ut
2679 4248 2791 4297 ante
2806 4246 2987 4309 priores
3007 4246 3332 4309 expeditiones
3344 4259 3404 4296 ne
3418 4245 3475 4296 de
3494 4257 3576 4295 una
3592 4242 3681 4306 quid
3739 4208 3745 4253 ³

2262 4352 2425 4390 rerum
2456 4350 2653 4388 suarum
2672 4340 2808 4401 parte
2840 4337 3141 4389 constituerit
3156 4374 3171 4401 ,
3196 4338 3283 4388 ubi
3308 4352 3417 4390 vero
3444 4339 3489 4387 in
3510 4338 3675 4399 postrem

2260 4436 2477 4488 exiturus
2493 4435 2595 4485 erat
2611 4432 2979 4497 expeditionem,
3002 4432 3132 4483 unde
3146 4432 3335 4482 salvum
3354 4445 3405 4481 se
3421 4429 3667 4485 rediturum,
3679 4424 3734 4473 ut·

2260 4530 2373 4595 pote
2392 4527 2665 4579 voluntarie
2686 4525 2968 4575 militantem
2980 4560 2996 4587 ‚
3016 4537 3163 4588 quam
3182 4524 3387 4573 maxime
3401 4534 3568 4586 sperare
3586 4516 3730 4577 licem*

2260 4625 2317 4674 ut
2336 4625 2444 4674 tum
2474 4621 2809 4673 testamentum
2833 4618 2894 4667 ab
2926 4631 2985 4667 eo
3016 4616 3319 4679 scriberetur,
3350 4615 3466 4666 etin
3498 4610 3687 4674 expeditio

2262 4717 2359 4780 ipse
2380 4716 2505 4768 diem
2526 4713 2683 4764 obiret
2700 4730 2715 4762 ι
2734 4724 2852 4761 num
2872 4710 2991 4772 hoc,
3010 4710 3235 4772 inquam,
3252 4705 3493 4759 verisimile
3510 4703 3595 4752 est?

2328 4809 2401 4853 16.
2434 4804 2615 4851 Verum
2633 4799 2788 4849 adhuc
2800 4798 3118 4849 luculentiora
3132 4796 3282 4858 dabo,
3296 4794 3484 4857 judices,
3497 4800 3675 4867 amulrici]
3706 4852 3717 4863 ι

2262 4887 2373 4937 quae
2400 4872 2625 4922 certiores
2650 4884 2736 4919 vos
2771 4868 2974 4919 reddant
3004 4868 3075 4917 nil
3114 4866 3285 4916 sinceri
3322 4865 3457 4914 hosce
3486 4864 3728 4935 οοιιιωιιιιειι

2264 4946 2467 4996 Planum
2489 4954 2662 5004 nempe
2678 4939 2817 4989 vobis
2832 4939 3005 4988 faciam
3020 4974 3036 5000 ‚
3056 4937 3304 4987 hominum
3320 4934 3520 4985 omnium
3542 4926 3679 4988 Asty-ph

2262 5016 2489 5067 Cleonem
2512 5012 2655 5063 fuisse
2668 5009 3045 5060 inimicissimum
3058 5024 3074 5070 ;
3094 5006 3225 5070 quod
3244 5006 3402 5055 odium
3417 5001 3541 5066 justis
3554 4999 3604 5047 de
3616 5008 3683 5045 cau

628 5058 853 5135 Κλέωνι,
875 5061 964 5119 καὶ
983 5060 1118 5120 οὕτω
1142 5062 1338 5143 σφόδρα
1364 5062 1451 5120 καὶ
1474 5060 1682 5129 δικαίως
1703 5066 1955 5138 μισοῦντα
1977 5066 2175 5135 τοῦτον,
2260 5091 2533 5153 sumptum
2554 5086 2645 5137 suit
2661 5088 2847 5136 mmm
2872 5085 2929 5134 ut
2951 5082 3249 5146 Αεςῃῃῃῃς,
3274 5078 3311 5129 si
3332 5076 3627 5128 testamentum
3642 5080 3679 5117 sc

622 5146 758 5210 ὥστε
801 5149 932 5210 πολὺ
978 5148 1040 5208 ἂν
1085 5154 1269 5209 θᾶττον
1316 5150 1612 5226 διαθέμενον
1658 5150 1858 5228 μηδένα
1905 5148 2030 5207 ποτὲ
2074 5152 2175 5208 τῶν

541 5258 594 5299 20
621 5238 802 5299 ἑαυτοῦ
827 5234 1026 5297 οἰκείων
1047 5238 1382 5317 διαλεχθῆναι
1407 5238 1637 5313 Κλέωνι,
1663 5238 1861 5316 μᾶλλον
1886 5236 1921 5310 ἢ
1947 5234 2033 5295 τὸν
2059 5235 2176 5295 τού-

2260 5166 2375 5217 bere
2390 5164 2647 5226 voluisset,
2672 5162 2813 5212 citius
2828 5160 3047 5211 videatur
3064 5158 3108 5209 ei
3126 5156 3382 5208 clausulam
3404 5154 3516 5204 banc
3530 5144 3685 5208 adiuuet

2262 5258 2345 5295 rus
2366 5243 2535 5305 ruisse,
2554 5242 2611 5292 ut
2632 5252 2744 5291 cum
2762 5239 2939 5291 Cleone
2962 5250 3025 5290 ne
3052 5246 3292 5290 sermones
3315 5230 3491 5296 quidem
3518 5232 3691 5275 conseret
