3825 5842
524 378 561 431 2
1907 367 2286 429 ΑΝΤῙΦΩΝ.
2318 390 2372 429 α.

603 518 654 561 ο.
697 495 972 575 Θαυμάζω
993 496 1040 555 δ’
1067 494 1231 576 ἔγωγε
1251 494 1342 555 καὶ
1363 498 1453 555 τοῦ
1481 495 1734 577 ἀδελφῶ,
1753 493 1939 569 ἥντινά
1957 522 2087 559 ποτε

525 584 740 666 γνώμην
775 584 913 665 ἔχων
949 584 1205 651 ἀντίδικος
1239 581 1528 656 καθέπηκε
1567 582 1696 665 πρὸς
1739 583 1836 663 ἐμέ
1849 630 1868 663 ,
1905 586 1999 645 καὶ
2039 592 2085 647 εἶ

523 672 722 751 νομίζει
748 678 902 732 τοῦτο
935 670 1202 731 εὖσέὸειαν
1233 660 1396 751 εἶναι,
1413 670 1474 730 τὸ
1499 669 1595 745 τὴν
1618 670 1822 753 μητέρα
1848 672 1924 750 μὴ
1946 696 1989 731 π
2020 697 2081 733 ο-

524 761 718 821 δοῧναι.
819 758 964 838 Ἐγὼ
1009 758 1054 817 δ’
1100 762 1330 837 ἡγοῦμαι
1379 756 1514 817 πολὺ
1565 758 1905 840 ἀνοσιώτερον
1950 783 1973 818 ε
1998 784 2084 819 ναι

445 864 500 907 10
526 852 738 933 ἀφεῖναι
763 852 856 908 τοῦ
872 849 1146 914 τεθνεῶτος
1166 844 1264 920 τὴν
1281 845 1564 927 τιμωρίαν,
1593 846 1764 915 ἄλλως
1789 870 1844 906 τε
1872 846 1964 907 καὶ
1990 853 2083 907 τοῦ

523 939 620 1017 μὲν
645 940 704 998 ἐκ
741 935 1035 1018 προδουλῆς
1058 932 1312 1001 ἀκουσίως
1343 934 1712 1009 ἀποθανόντος,
1741 940 1835 1009 τῆς
1857 938 1905 994 δ’
1934 939 2083 995 ἑκου-

522 1024 647 1093 σίως
670 1027 731 1084 ἐκ
760 1021 1007 1105 προνοίας
1033 1020 1434 1094 ἀποκτεινάσης.
1522 1022 1586 1104 (ε)
1623 1022 1732 1083 Καὶ
1756 1024 1816 1083 οὗ
1841 1021 1995 1081 τοῦτό
2030 1024 2082 1101 γ’

524 1116 627 1195 ἐρεῖ
652 1118 723 1183 ὣς
748 1104 806 1172 εὖ
833 1103 968 1171 οἶδεν
984 1109 1066 1169 ὅτι
1088 1112 1184 1170 οὐκ
1209 1109 1509 1169 ἀπέκτεινεν
1537 1115 1573 1183 ἡ
1603 1110 1782 1192 μήτηρ
1810 1112 1967 1171 αὐτοῦ
1994 1110 2082 1170 τὸν

519 1200 726 1283 πατέρα
751 1199 838 1259 τὸν
869 1198 1146 1281 ἡμέτερον.
1231 1198 1328 1259 Ἐν
1357 1188 1430 1265 οἶς
1461 1194 1557 1277 μὲν
1579 1196 1681 1278 γὰρ
1704 1200 1848 1277 αὐτῷ
1875 1197 2083 1266 ἰξουσία

520 1286 583 1368 ἦν
612 1298 789 1376 σαφῶς
809 1292 1032 1370 εἰδέναι,
1061 1290 1209 1373 παρὰ
1243 1296 1336 1363 τῆς
1365 1292 1596 1372 βασάνου
1619 1335 1635 1365 ,
1663 1294 1760 1351 οὔκ
1793 1292 2045 1364 ἠθέλησεν
2066 1315 2081 1331 ·

519 1385 572 1442 ἰν
597 1373 669 1450 οἷς
689 1382 734 1441 δ’
761 1384 856 1441 οὐκ
876 1372 940 1453 ἦν
958 1380 1237 1453 πυθέσθαι,
1254 1384 1397 1438 τοῦτ’
1421 1379 1550 1438 αὖτὸ
1567 1381 1925 1460 προῦθυμήθη.
1948 1380 2082 1441 Καί·

517 1493 600 1530 τοι
622 1469 751 1529 αὐτὸ
775 1474 930 1529 τοῦτο
958 1470 1138 1548 ἐχρῆν,
1171 1467 1202 1526 ὃ
1228 1467 1324 1526 καὶ
1353 1469 1377 1525 ἑ
1422 1467 1440 1491 “
1479 1466 1911 1549 προύκαλούμην,
1944 1490 2080 1549 προ-

437 1568 490 1613 Ιῑ
517 1562 835 1636 θυμηθῆναι,
865 1554 1004 1623 ὅπως
1024 1555 1085 1614 τὸ
1110 1554 1342 1636 πραχθὲν
1363 1490 1634 1635 ἶάληθές,
1667 1554 1972 1625 ἐπεξελθεῖν.
2014 1555 2079 1635 (7)

517 1644 613 1718 Μὴ
637 1645 738 1727 γὰρ
760 1642 1148 1724 ὁμολογούντων
1175 1646 1280 1702 τῶν
1309 1644 1652 1725 ἀνδραπόδων
1673 1636 1821 1712 οὗτός
1847 1643 1893 1704 τ’
1924 1636 1981 1704 εὖ
2008 1646 2080 1703 εἰ·

519 1734 618 1804 δὼς
647 1732 709 1794 ἀν
753 1735 1062 1807 ἀπελογεῖτο
1103 1730 1195 1791 καὶ
1231 1731 1548 1791 ἀντέσπευδε
1593 1731 1720 1812 πρὸς
1765 1731 1860 1810 ἐμέ
1874 1778 1893 1811 ,
1924 1730 2014 1791 καὶ
2043 1736 2079 1804 ἡ

519 1820 694 1901 μήτηρ
715 1822 872 1880 αὐτοῦ
903 1818 1212 1891 ἀπήλλακτο
1231 1816 1295 1877 ἂν
1322 1819 1516 1893 ταύτης
1535 1824 1626 1891 τῆς
1649 1818 1836 1887 αἰτίας.
1897 1816 2079 1881 Ὅπου

517 1909 574 1969 δὲ
597 1908 672 1989 μὴ
693 1908 945 1981 ἠθέλησεν
970 1906 1184 1989 ἔλεγχον
1207 1907 1528 1981 ποιήσασθαι
1549 1910 1654 1967 τῶν
1677 1908 2079 1989 πεπραγμένων,

518 2000 632 2065 πῶς
657 1998 780 2079 περί
799 1998 852 2076 γ’
883 1986 957 2054 ὧν
1005 1998 1100 2056 οὐκ
1127 1996 1348 2069 ἠθέλησε
1376 1994 1652 2075 πυθέσθαι,
1681 1998 1903 2077 ἐγχωρεῖ
1938 1997 2080 2075 αὐτῷ

518 2086 640 2167 περὶ
667 2084 868 2145 τούτων
897 2082 1120 2158 εἰδέναι;
1147 2086 1258 2152 πῶς
1280 2076 1367 2143 οὗν
1390 2083 1511 2166 περὶ
1531 2082 1746 2159 τούτων,
1770 2074 1816 2144 ὦ
1839 2084 2079 2154 δικάζον-

516 2199 628 2250 τες,
659 2173 815 2233 αὖτὸν
850 2173 982 2242 εἰκὸς
1011 2172 1237 2252 εἰδέναι,
1263 2164 1336 2233 ὦν
1377 2196 1438 2253 γε
1465 2171 1559 2245 τὴν
1593 2173 1838 2245 ἀλήθειαν
1879 2175 1976 2233 οὐκ
2014 2172 2079 2233 εἴ·

408 2325 422 2339 ι
436 2280 492 2323 20
515 2266 676 2346 ληφε;
737 2268 800 2342 (s)
828 2261 899 2323 Τί
923 2284 1052 2321 ποτε
1075 2260 1495 2341 ἀπολογήσεσθαι
1535 2259 1714 2338 μέλλει
1747 2284 1864 2339 μοι;
1901 2264 1961 2321 ἐκ
1984 2260 2077 2339 μὲν

515 2351 586 2433 γά
641 2356 735 2423 τῆς
755 2352 860 2410 τῶν
890 2348 1227 2431 ἀνδραπόδων
1261 2349 1492 2429 βασάνου
1519 2340 1577 2408 εὗ
1599 2349 1712 2431 ᾔδει
1741 2348 1819 2409 ὅτι
1847 2352 1947 2430 οὔχ
1972 2341 2076 2409 οἶόν

515 2444 563 2501 τ’
587 2376 651 2514 ἓν
679 2440 812 2513 αὐτῆ
841 2442 1102 2513 σωθῆναι,
1121 2440 1174 2497 ἐν
1208 2437 1264 2497 δὲ
1284 2440 1361 2519 τῷ
1387 2436 1462 2515 μὴ
1493 2442 1872 2519 βασανισθῆναι
1898 2441 2077 2517 ἡγεῖτο

515 2526 612 2601 τὴν
649 2504 912 2607 σωτηρίαν
934 2514 1065 2586 εἶναι
1083 2548 1098 2564 ·
1125 2524 1193 2585 τὰ
1209 2524 1316 2638 γὰρ
1340 2524 1591 2605 γενόμενα
1617 2528 1669 2584 ἐν
1695 2522 1862 2607 τούτῳ
1891 2528 2077 2607 ἀφανι-

516 2620 702 2689 σθῆναι
729 2614 997 2693 ᾠήθησαν.
1029 2616 1157 2681 Πῶς
1183 2637 1271 2673 ουν
1294 2612 1482 2695 εὔορκα
1514 2613 1899 2692 ἀντομωμοκὼς
1928 2614 2077 2674 ἔσται

517 2704 733 2787 φάσκων
772 2695 829 2762 εὖ
870 2700 1091 2776 εἰδέναι,
1126 2701 1178 2771 ὃς
1223 2702 1316 2761 οὖκ
1362 2701 1584 2775 ἠθέλησε
1619 2706 1794 2783 σαφῶς
1824 2700 2077 2763 πυθέσθαι

516 2792 644 2869 ἐμοῦ
669 2790 927 2859 ἐθέλοντος
958 2794 1024 2871 τῇ
1050 2790 1352 2871 δικαιοτάτῃ
1381 2790 1594 2871 βασάνῳ
1616 2790 1914 2871 χρήσασθαι
1955 2791 2075 2870 περὶ

515 2880 700 2942 τούτου
728 2886 821 2941 τοῦ
841 2880 1177 2962 πράγματος;
1212 2882 1275 2959 (9)
1299 2886 1450 2939 τοῦτο
1474 2878 1570 2956 μὲν
1596 2879 1697 2961 γὰρ
1724 2878 1959 2953 ἠθέλησα
1980 2879 2076 2958 μὲν

514 2968 584 3029 τὰ
605 2968 805 3030 τούτων
821 2968 1120 3051 ἀνδράποδα
1145 2968 1456 3047 βασανίσαι,
1477 2967 1513 3026 ἃ
1541 2967 1748 3047 συνῄδει
1769 2967 1861 3028 καὶ
1886 2968 2073 3050 πρότε·

435 3083 490 3126 as
516 3082 602 3141 ρον
634 3058 730 3131 τὴν
755 3059 976 3136 γυναῖκα
999 3056 1214 3131 ταύτην,
1245 3057 1445 3136 μητέρα
1471 3054 1525 3117 δὲ
1543 3057 1739 3117 τούτων
1764 3103 1781 3135 ,
1812 3062 1886 3138 τῷ
1909 3058 2071 3139 πατρὶ

514 3151 589 3227 τῷ
639 3145 878 3227 ἡμετέρῳ
916 3146 1134 3205 θάνατον
1183 3144 1570 3225 μηχανωμένην
1610 3146 1935 3227 φαρμάκοις,
1978 3147 2069 3205 καὶ

513 3234 601 3295 τὸν
625 3234 830 3314 πατέρα
857 3233 1107 3314 εἰληφότα
1135 3232 1215 3293 ἐπ’
1243 3233 1532 3315 αὐτοφώρῳ
1570 3233 1766 3305 ταύτην
1793 3236 1888 3293 οὖκ
1911 3224 2072 3293 οὖσαν

517 3321 769 3401 ἄπαρνον,
784 3318 923 3392 πλὴν
945 3321 1040 3378 οὐκ
1060 3319 1146 3377 ἐπὶ
1175 3319 1384 3400 θανάτῳ
1403 3318 1704 3399 φάσκουσαν
1733 3319 1931 3379 διδόναι
1954 3320 2070 3380 ἀλλ’

517 3408 604 3468 ἐπὶ
631 3408 879 3490 φίλτροις.
965 3407 1058 3488 (iol
1091 3406 1191 3467 Διά
1229 3399 1316 3466 οὖν
1344 3413 1514 3466 ταῦτα
1545 3406 1648 3487 ἐγὼ
1681 3407 1908 3487 βάσανον
1953 3408 2071 3479 ἠθέ-

516 3498 656 3570 λησα
682 3495 1000 3567 ποιήσασθαι
1025 3494 1146 3575 περὶ
1176 3496 1365 3568 αὐτῶν,
1393 3494 1599 3576 γράψας
1625 3498 1678 3554 ἐν
1717 3494 2072 3577 γραμματείῳ

515 3584 552 3642 ἃ
574 3586 894 3661 ἐπαιτιῶμαι
919 3582 1015 3655 τὴν
1041 3590 1262 3662 γυναῖκα
1286 3580 1482 3655 ταύτην
1499 3606 1514 3621 ·
1543 3582 1861 3662 βασανιστὰς
1887 3583 1943 3643 δὲ
1977 3586 2069 3643 αὖ·

435 3698 492 3740 8⁰
514 3671 633 3741 τοὺς
659 3672 868 3740 τούτους
896 3670 1130 3731 ἐκέλευον
1156 3670 1391 3749 γίνεσθαι
1423 3675 1548 3749 ἐμοῦ
1573 3671 1853 3751 παρόντος,
1877 3670 1963 3731 ἶνα
1995 3671 2068 3750 μὴ

515 3760 925 3841 ἀναγκαζόμενοι
954 3758 988 3817 ἃ
1010 3757 1110 3837 ἐγὼ
1135 3762 1449 3841 ἔπερωτῷμι
1467 3758 1690 3841 λέγοιεν,
1717 3760 1837 3821 ἀλλ’
1867 3760 2068 3842 ἐξήρκει

516 3872 606 3927 μοι
631 3849 736 3916 τοῖς
775 3850 826 3907 ἐν
867 3852 944 3929 τῷ
983 3847 1332 3930 γραμματείῳ
1376 3852 1631 3928 χρῆσθαι·
1673 3848 1766 3908 καὶ
1807 3848 1935 3909 αὖτό
1982 3873 2071 3928 μοι

513 3942 666 3997 τοῦτο
686 3935 967 4019 τεκμήριον
994 3935 1193 3995 δίκαιον
1225 3934 1406 4010 ἔσται,
1433 3934 1514 3997 ὅτι
1548 3937 1708 4017 ὀρθῶς
1737 3936 1828 3995 καὶ
1861 3935 2072 4007 δικαίως

513 4025 836 4107 μετέρχομαι
870 4025 958 4083 τὸν
997 4021 1154 4107 φονέα
1199 4028 1290 4082 τοῦ
1332 4022 1554 4106 πατρός
1583 4025 1629 4083 εἰ
1657 4023 1712 4083 δὲ
1741 4023 1967 4104 ἄπαρνοι
1992 4024 2072 4103 γί·

511 4137 676 4174 νοιντο
699 4112 734 4185 ἢ
761 4112 958 4192 λέγοιεν
983 4113 1056 4191 μὴ
1095 4112 1486 4193 ὁμολογούμενα
1502 4158 1519 4193 ,
1549 4115 1606 4194 [ἡ
1630 4114 1881 4195 βάσανος]
1906 4117 2068 4195 ἀναγ-

511 4202 660 4270 κάζοι
680 4201 748 4260 τὰ
770 4201 1017 4282 γεγονότα
1053 4207 1364 4283 κατηγορεῖν
1383 4226 1396 4240 ·
1427 4202 1560 4274 αὕτη
1597 4202 1700 4286 γὰρ
1727 4204 1819 4263 καὶ
1859 4202 1979 4272 τοὺς
2001 4202 2069 4263 τὰ

513 4290 682 4369 ψευδῆ
721 4288 1241 4368 παρεσκευασμένους
1293 4289 1460 4367 λέγειν
1508 4292 1709 4363 τάληθῆ
1758 4292 2066 4371 κατηγορεῖν

429 4396 486 4440 as
508 4375 736 4449 ποιήσει.
767 4379 854 4453 (ιι)
878 4374 1067 4436 Καίτοι
1093 4366 1152 4435 εὖ
1169 4368 1286 4435 οἶδά
1306 4380 1382 4455 γ’,
1407 4380 1454 4435 εἰ
1477 4364 1618 4437 οὗτοι
1636 4376 1762 4458 πρὸς
1785 4377 1877 4453 ἐμὲ
1901 4378 2071 4439 ἐλθόν·

509 4487 622 4537 τες,
649 4462 832 4535 ἰπειδὴ
862 4462 1093 4542 τάχιστα
1137 4464 1311 4529 αὐτοῖς
1349 4462 1654 4541 ἀπηγγέλθη
1693 4462 1773 4521 ὅτι
1815 4462 2068 4541 ἐπεξίοιμι

510 4558 605 4611 τοῦ
646 4550 845 4631 πατρὸς
879 4550 968 4609 τὸν
993 4550 1179 4632 φονέα,
1204 4548 1470 4624 ἠθέλησαν
1509 4550 1576 4611 τὰ
1611 4551 1910 4631 ἀνδράποδα
1942 4552 1977 4609 ἀ
2002 4542 2068 4624 ἦν

511 4640 684 4705 αὖτοῖς
711 4639 1063 4717 παραδοῦναι,
1102 4636 1206 4716 ἐγὼ
1249 4636 1304 4696 δὲ
1346 4635 1420 4715 μὴ
1447 4640 1681 4709 ἠθέλησα
1716 4636 2065 4718 παραλαὸεῖν,

510 4724 643 4785 αὐτὰ
671 4724 734 4785 ἂν
764 4731 932 4784 ταῦτα
957 4725 1178 4804 μέγιστα
1212 4725 1472 4807 τεκμήρια
1511 4725 1824 4807 παρείχοντο
1863 4729 1935 4793 ὡς
1971 4729 2065 4785 οὐκ

511 4810 681 4891 ἔνοχοί
699 4814 799 4871 εἶσι
835 4816 910 4894 τῷ
939 4814 1096 4895 φόνῳ.
1154 4815 1265 4873 Νῦν
1289 4812 1333 4871 δ’
1359 4812 1462 4890 ἐγὼ
1489 4812 1589 4894 γάρ
1615 4814 1722 4891 εἰμι
1742 4818 1892 4871 τοῦτο
1915 4810 2009 4889 μὲν
2038 4818 2066 4872 ὁ

509 4900 671 4965 θέλων
710 4899 860 4967 αὐτὸς
905 4899 1220 4979 βασανιστὴς
1258 4899 1530 4981 γενέσθαι,
1574 4905 1726 4959 τοῦτο
1760 4898 1813 4959 δὲ
1855 4900 2065 4969 τούτους

509 4986 692 5054 αὐτοὺς
719 4985 944 5046 κελεύων
972 4990 1084 5047 ἀντ’
1111 4990 1239 5067 ἐμοῦ
1249 4987 1562 5134 Ἰβασανίσαι
1577 5033 1594 5067 ,
1620 4987 1737 5067 ἐμοὶ
1764 4986 1830 5060 δή
1857 5010 1961 5047 που
1988 4990 2061 5047 εἰ·

507 5074 596 5141 κὸς
615 5079 780 5134 ταῦτα
799 5072 936 5135 αὐτὰ
957 5074 1217 5158 τεκμήρια
1234 5099 1257 5135 ε
1279 5098 1364 5135 ναι
1379 5078 1450 5143 ὣς
1462 5074 1592 5135 εἰσὶν
1615 5075 1785 5157 ἔνοχοι
1808 5078 1884 5157 τῷ
1904 5075 2059 5160 φόνῳ·

3433 370 3731 449 (noc—eto.)

2254 512 2303 559 ὅ.
2324 505 2473 558 Miror
2488 518 2586 569 qua
2604 503 2801 555 tandem
2816 504 2981 555 mente
2994 504 3143 555 irater
3164 517 3357 557 causam
3376 519 3499 558 mete
3514 508 3735 561 adversa·
3764 556 3766 559 Α

2178 576 2301 627 riam
2321 576 2555 627 tuendam
2579 576 2671 626 sibi
2700 576 2907 640 ceperit;
2934 577 2985 625 et
3018 589 3139 625 num
3172 576 3225 625 in
3257 576 3349 627 hoc
3378 579 3481 628 solo
3508 580 3735 642 pietatem

2174 661 2288 712 erga
2321 650 2541 711 parentes
2577 646 2707 697 cerni
2744 648 2997 709 autumet,
3034 646 3075 695 si
3106 650 3275 697 matris
3316 650 3571 699 commoda
3612 652 3737 701 tilius

2174 718 2375 782 preda-e
2402 718 2543 769 nolit.
2606 720 2707 781 Ego
2732 730 2847 767 vero
2878 718 3031 767 multo
3056 718 3267 767 atrocius
3293 718 3385 769 hoc
3416 721 3617 770 esseaio
3646 722 3729 770 im·
3766 719 3768 741 ¹

2180 790 2369 853 pietatis
2380 790 2687 853 exemplum,
2704 788 2745 839 si
2768 788 2900 838 filius
2918 790 3111 852 insuper
3134 788 3308 839 habeat
3330 791 3513 853 paterni
3541 797 3711 853 sangui

2174 859 2249 910 nis
2270 859 2507 909 ultionem
2532 859 2763 922 exsequi,
2788 859 3054 922 praesertim
3086 858 3137 908 in
3160 861 3295 909 tanta
3318 859 3595 923 disparitate
3612 898 3629 922 ,
3658 861 3733 911 illc

2174 945 2259 995 per
2276 933 2469 983 insidias
2488 935 2724 985 violenter
2735 935 2983 998 perempto
2998 968 3015 993 ‚
3036 932 3128 981 bac
3157 934 3381 983 consulto
3410 936 3611 984 structis
3630 948 3735 983 ma·

2174 1010 2327 1060 chinis
2346 1009 2677 1062 interficiente.
2744 1010 2812 1073 (6)
2840 1012 3008 1071 Neque
3029 1008 3142 1057 licet
3180 1010 3317 1059 fratri
3348 1010 3442 1059 hoc
3473 1024 3709 1059 excusare
3724 1044 3737 1069 ,

2172 1086 2321 1149 probe
2343 1097 2395 1135 se
2420 1098 2563 1135 nosse
2591 1099 2622 1135 a
2656 1086 2813 1135 matre
2842 1095 2928 1132 sua
2964 1084 3264 1144 peremptum
3288 1096 3385 1132 non
3412 1096 3516 1132 asse
3548 1086 3737 1144 patrem

2174 1160 2411 1209 nostrum.
2474 1160 2597 1207 Nam
2615 1156 2665 1205 id
2682 1157 2867 1219 ipsum,
2894 1169 2995 1221 qua
3018 1169 3071 1205 re
3108 1158 3297 1219 poterat
3322 1156 3638 1207 certissimam
3668 1158 3733 1205 sa-

2173 1230 2579 1281 cinorisnotitiam
2590 1230 2681 1280 sibi
2699 1244 2995 1295 comparare,
3017 1230 3247 1279 nimirum
3280 1243 3343 1279 ex
3368 1242 3625 1281 servorum
3644 1234 3739 1280 tor·

2174 1306 2366 1367 mentis,
2388 1305 2436 1355 id
2460 1306 2543 1357 ille
2557 1308 2837 1369 aspernata
2852 1306 2926 1355 est
2946 1324 2959 1355 ε
2980 1303 3066 1353 ubi
3090 1308 3255 1357 autem
3270 1318 3493 1368 quaerens
3514 1305 3740 1369 indagare

2173 1381 2289 1430 nihil
2314 1383 2527 1443 poterat,
2551 1380 2618 1428 ibi
2630 1380 2761 1441 iuvit
2783 1392 2896 1431 eum
2918 1390 3153 1442 quaerere.
3190 1381 3335 1443 Atqui
3362 1379 3484 1429 illud
3504 1380 3741 1431 debuerat

2172 1450 2397 1514 amplecti
2423 1452 2485 1502 ad
2521 1454 2653 1516 quod
2686 1454 3036 1517 provocabam,
3072 1455 3378 1516 sponsionem
3404 1455 3467 1505 de
3494 1456 3649 1505 servis
3680 1456 3741 1505 ad

2171 1526 2506 1589 quaesitionem
2532 1528 2787 1592 dedendis,
2814 1534 3103 1591 strenueque
3124 1530 3214 1579 hoc
3231 1543 3368 1594 agere
3381 1568 3397 1593 ,
3412 1534 3472 1580 ut
3501 1532 3573 1581 rei
3590 1534 3739 1594 εοεαε

2171 1602 2347 1650 veritas
2371 1602 2422 1651 in
2440 1606 2663 1666 apertum
2682 1605 2992 1667 proterretur.
3040 1608 3110 1667 (7)
3136 1606 3271 1656 Servi
3296 1606 3426 1655 enim
3452 1606 3493 1655 si
3512 1606 3606 1657 sub
3634 1610 3739 1655 tor-

2170 1672 2347 1721 mentis
2366 1685 2465 1721 non
2482 1686 2538 1723 ea
2569 1688 2681 1737 qum
2706 1674 2814 1724 dico
2830 1675 3114 1739 edidissent,
3132 1679 3240 1726 tum
3260 1676 3471 1727 licuisset
3492 1690 3539 1726 ei
3567 1679 3739 1727 matris

2170 1758 2366 1795 causam
2384 1760 2445 1797 ex
2460 1752 2593 1799 certa
2610 1751 2679 1801 rei
2696 1751 2966 1813 cognitione
2983 1765 3122 1815 agere
3138 1752 3357 1815 mihique
3374 1751 3580 1802 fidenter
3598 1752 3739 1803 oblo-

2169 1826 2253 1885 qui
2274 1836 2292 1883 ;
2312 1822 2362 1871 et
2394 1826 2553 1873 mater
2578 1824 2682 1887 ejus
2712 1824 2912 1875 crimine
2940 1826 3025 1877 illo
3052 1826 3219 1877 suimet
3240 1826 3457 1879 liberata.
3480 1832 3595 1879 Jam
3624 1844 3739 1882 vem

2170 1902 2425 1951 cunctatus
2440 1902 2510 1953 rei
2525 1905 2672 1967 gestae
2689 1900 2923 1951 rationem
2940 1900 3042 1966 illa,
3066 1918 3177 1969 qun
3200 1916 3297 1953 una
3312 1907 3472 1968 patet,
3490 1906 3573 1956 via
3594 1908 3739 1959 inda-

2170 1983 2308 2036 gare,
2328 1980 2415 2040 qul
2442 1978 2597 2039 potest
2614 1988 2671 2025 ea
2698 1974 2833 2023 certo
2856 1988 2997 2026 nosse
3014 2012 3029 2038 ,
3049 1990 3159 2039 quae
3186 1976 3439 2041 explorare
3459 1982 3739 2030 recusavit?

2168 2050 2255 2109 qul
2288 2049 2350 2099 de
2386 2051 2489 2113 his,
2516 2050 2740 2111 Judices,
2776 2053 3152 2100 consentaneum
3174 2054 3247 2101 est
3282 2064 3393 2101 eum
3432 2058 3737 2116 perspectam

2172 2135 2276 2173 rem
2315 2124 2493 2177 habere
2505 2161 2523 2188 ,
2545 2138 2756 2188 quorum
2792 2128 3043 2177 veritatem
3062 2128 3333 2189 percontari
3350 2140 3604 2189 nunquam
3630 2134 3741 2181 ani·

2169 2208 2308 2247 mum
2342 2198 2570 2249 induxit?
2650 2198 2717 2262 (8)
2748 2199 2879 2257 Quid
2912 2198 3107 2249 tandem
3138 2200 3445 2263 oppositurus
3474 2204 3549 2251 est
3584 2204 3743 2255 mihi?

2170 2274 2347 2323 Servos
2370 2272 2432 2322 ad
2461 2270 2793 2337 quaesitionem
2826 2273 2869 2323 si
2903 2273 3209 2336 admitteret,
3242 2278 3373 2324 certo
3410 2278 3553 2327 norat
3590 2278 3743 2327 saluti

2168 2356 2363 2396 omnem
2386 2348 2517 2397 viam
2548 2348 2836 2411 praeclusam
2863 2348 3009 2398 matri
3035 2362 3137 2399 esse
3152 2365 3168 2411 ;
3186 2349 3329 2398 unica
3350 2363 3463 2413 ergo
3476 2352 3600 2401 ratio
3627 2364 3743 2402 eam

2167 2423 2389 2473 servandi
2408 2424 2514 2474 haec
2540 2428 2671 2488 erat,
2692 2428 2748 2473 ut
2776 2425 2992 2474 eluderet
3024 2425 3355 2488 quaesitionem
3382 2439 3469 2489 per
3491 2432 3745 2477 tormenta

2168 2510 2419 2548 servorum
2444 2520 2456 2551 ε
2486 2513 2601 2550 nam
2626 2501 2721 2550 hoc
2748 2500 2892 2551 modo
2916 2500 3172 2563 sperabant
3204 2514 3257 2551 se
3284 2505 3636 2553 consecuturos
3682 2507 3743 2553 ut

2168 2590 2245 2627 res
2266 2580 2397 2641 gesta
2414 2578 2465 2626 in
2484 2576 2679 2626 occulto
2699 2578 2935 2625 maneret.
2958 2578 3055 2633 Qui
3074 2588 3185 2639 ergo
3203 2576 3385 2627 censeri
3406 2579 3583 2643 poterit
3600 2578 3743 2628 salva

2168 2650 2263 2701 fide
2272 2654 2321 2701 et
2336 2650 2560 2713 religione
2574 2650 2887 2713 jurejurando
2900 2651 2948 2700 id
2967 2650 3289 2714 confirmasse,
3310 2653 3443 2717 quod
3456 2655 3509 2705 in
3524 2655 3743 2704 formula

2166 2726 2589 2787 contraiuramenti
2608 2726 2812 2789 scripsit,
2828 2744 2853 2770 α
2874 2740 2927 2776 se
2940 2727 3087 2789 probe
3102 2740 3299 2791 nosse,»
3312 2730 3397 2790 qui
3410 2729 3605 2792 quidem
3626 2744 3741 2780 ma·
3790 2719 3792 2747 ¹

2164 2802 2336 2851 niiesta
2346 2801 2439 2851 hoc
2454 2802 2639 2853 ratione
2650 2800 2713 2851 ad
2724 2800 2963 2863 liquidum
2974 2802 3213 2853 adducere
3228 2803 3457 2866 noluerit,
3468 2818 3627 2867 quum
3650 2818 3742 2868 w

2163 2874 2337 2925 vellem
2355 2875 2445 2924 hac
2458 2876 2509 2925 in
2527 2888 2671 2925 causa
2688 2874 2834 2924 modo
2853 2874 3123 2939 inquirendi
3141 2888 3199 2925 eo
3217 2876 3307 2939 uti,
3327 2876 3413 2941 qui
3426 2880 3499 2925 est
3510 2879 3742 2928 omnium

2163 2950 2467 3013 aequissimus
2496 2955 2545 3003 et
2570 2950 2895 3013 iustissimus?
2950 2952 3019 3013 (9)
3048 2950 3289 3001 Nimirum
3324 2952 3599 3015 flagitabam
3618 2956 3741 3018 ipsis

2164 3039 2325 3076 coram
2352 3026 2434 3076 illa
2450 3026 2687 3091 mancipia
2703 3025 2946 3089 torqueri,
2966 3037 3077 3087 quae
3094 3028 3270 3075 norant
3300 3027 3555 3078 mulierem
3581 3030 3739 3095 hanc,

2165 3105 2371 3150 matrem
2406 3100 2578 3149 borum
2591 3135 2608 3160 ,
2637 3098 2741 3160 iam
2778 3102 2918 3149 antea
2956 3100 3154 3149 venenis
3190 3100 3239 3149 id
3270 3100 3417 3162 egisse
3462 3106 3517 3152 ut
3540 3108 3741 3167 patrem

2163 3178 2388 3225 nostrum
2417 3174 2480 3225 de
2516 3172 2673 3223 medio
2703 3173 2919 3236 tolleret,
2958 3176 3034 3235 et,
3058 3188 3089 3223 a
3127 3178 3268 3237 patre
3305 3177 3469 3225 nostro
3502 3191 3662 3241 quum
3686 3181 3740 3231 in

2162 3250 2265 3312 ipso
2287 3250 2463 3299 delicto
2487 3252 2610 3299 esset
2625 3248 2944 3312 deprehensa,
2964 3249 3094 3298 haud
3113 3249 3369 3301 infitiatam
3388 3264 3489 3301 esse
3508 3254 3703 3306 facinus
3720 3290 3737 3316 ‚

2160 3325 2244 3375 sed
2277 3324 2555 3388 proetexisse
2592 3336 2691 3373 non
2736 3324 2868 3374 necis
2908 3338 3021 3387 ergo
3056 3325 3301 3387 potionem
3350 3326 3513 3377 datam
3558 3330 3735 3392 fuisse,

2160 3398 2245 3449 sed
2286 3399 2513 3450 illiciendi
2540 3412 2600 3449 ac
2632 3398 2931 3450 devinciendi
2968 3402 3159 3451 amoris.
3260 3404 3359 3463 (ιο)
3388 3406 3495 3453 Hoc
3516 3418 3631 3467 ergo
3670 3408 3739 3457 dc

2164 3472 2293 3524 facto
2320 3476 2623 3539 postulabam
2649 3488 2815 3527 servos
2832 3475 2944 3525 dedi
2974 3476 3025 3526 in
3054 3480 3323 3541 tormenta,
3358 3481 3407 3529 et
3436 3480 3735 3534 exhibebam

2160 3549 2401 3615 libellum,
2442 3550 2493 3601 in
2533 3565 2629 3615 quo
2661 3552 2861 3601 crimina
2892 3554 3287 3617 perscripseram,
3332 3568 3543 3616 quorum
3588 3558 3735 3609 illam

2161 3626 2412 3676 mulierem
2438 3625 2681 3677 insimulo.
2744 3628 2865 3689 Ipsis
2893 3630 3058 3677 autem
3091 3628 3221 3677 hisce
3246 3630 3581 3691 permittebam
3618 3632 3733 3680 tor·

2166 3701 2347 3763 quendi
2381 3702 2647 3765 negotium,
2687 3701 2953 3753 dummodo
2982 3716 3145 3753 coram
3180 3717 3259 3753 me
3286 3704 3451 3760 fieret‚·
3492 3704 3731 3756 nolebam

2165 3776 2293 3825 enim
2310 3789 2500 3841 servos,
2522 3788 2602 3827 me
2629 3778 2732 3839 ipso
2760 3788 2850 3841 pro
2878 3778 3033 3828 lubitu
3060 3790 3169 3827 meo
3190 3777 3421 3841 quicquid
3447 3779 3621 3828 vellem
3650 3780 3732 3831 in-

2156 3855 2429 3917 terrogante
2441 3888 2459 3914 ,
2504 3854 2608 3916 cogi
2662 3854 2953 3917 respondere
2966 3891 2981 3915 ,
3032 3854 3117 3905 sed
3158 3853 3443 3909 sufficiebat,
3466 3855 3585 3904 mihi
3626 3858 3737 3908 illis·

2156 3927 2461 3978 solummodo
2478 3926 2717 3991 capitibus
2742 3931 2815 3981 uti
2836 3942 2947 3993 quae
2970 3928 3021 3976 in
3038 3924 3201 3977 libello
3214 3926 3509 3989 scripseram.
3524 3929 3733 3981 velhoc

2157 4003 2315 4055 solum
2346 4004 2467 4054 mihi
2489 4004 2581 4055 erit
2609 4016 2805 4069 prorsus
2839 4005 3068 4055 idoneum
3102 4002 3473 4065 documentum,
3496 4016 3609 4066 ,ιω-ο
3636 4019 3731 4057 me

2156 4078 2284 4129 bono
2302 4082 2529 4143 rectoque
2555 4092 2723 4129 necem
2738 4079 2891 4143 patris
2916 4078 3139 4145 persequi
3162 4098 3177 4127 ε
3202 4090 3318 4127 nam
3344 4078 3385 4127 si
3408 4082 3494 4127 aut
3521 4078 3731 4141 prorshs

2156 4155 2476 4207 infitiarentur
2493 4156 2621 4209 servi
2652 4156 2833 4207 sactum
2854 4159 2941 4207 aut
2973 4156 3101 4206 dicta
3126 4167 3298 4205 eorum
3323 4155 3449 4203 inter
3470 4168 3522 4204 se
3540 4155 3731 4209 discre-

2156 4238 2353 4301 parent,
2372 4238 2613 4287 tormenta
2628 4249 2711 4286 eos
2726 4237 2951 4299 cogerent
2970 4246 3107 4283 veras
3122 4232 3188 4283 rei
3207 4234 3352 4295 gestae
3376 4232 3583 4283 rationes
3606 4246 3731 4296 ape-

2156 4322 2284 4371 rire:
2310 4316 2416 4367 hoec
2442 4316 2571 4367 enim
2597 4314 2813 4365 efficiunt
2840 4318 2896 4363 ut
2919 4312 3227 4375 quantumvis
3252 4310 3404 4374 parati
3419 4311 3479 4360 ad
3499 4311 3617 4362 salsa
3635 4314 3727 4364 in·

2155 4392 2305 4455 dicia,
2340 4408 2453 4443 vere
2493 4397 2625 4456 gesta
2664 4391 2860 4441 tandem
2900 4390 3159 4452 proferant.
3233 4390 3331 4452 (11)
3364 4391 3427 4439 At
3458 4388 3587 4438 enim
3620 4390 3729 4440 hoc

2154 4476 2290 4522 certo
2316 4474 2415 4523 scio
2442 4475 2515 4523 :si
2538 4472 2634 4534 illi,
2656 4474 2711 4521 ut
2726 4472 2936 4533 primum
2964 4470 3093 4523 fania
3124 4470 3185 4520 ad
3208 4482 3261 4521 se
3276 4470 3481 4520 allatum
3498 4473 3725 4535 accepis·

2153 4553 2262 4601 sent
2293 4565 2373 4601 me
2399 4564 2568 4615 parare
2602 4551 2839 4601 actionem
2870 4550 2920 4599 in
2950 4549 3239 4599 homicidam
3280 4548 3455 4613 patris,
3488 4552 3724 4603 actutum

2152 4646 2343 4683 mecum
2370 4635 2603 4699 congressi
2644 4646 2842 4683 suorum
2874 4632 3223 4696 mancipiorum
3266 4632 3389 4681 mihi
3416 4630 3725 4684 deditionem

2152 4710 2472 4775 obtulissent,
2491 4726 2579 4776 ego
2596 4716 2760 4763 autem
2780 4712 2996 4775 accipere
3010 4713 3353 4765 detrectassem
3369 4748 3384 4774 ,
3404 4711 3535 4761 baud
3560 4712 3725 4765 dubie

2150 4785 2221 4837 illi
2260 4789 2355 4839 hoc
2392 4794 2549 4840 essent
2587 4790 2943 4841 evidentissimo
2978 4790 3195 4841 omnium
3234 4789 3526 4838 documento
3549 4790 3625 4839 usi
3648 4794 3723 4843 ad

2151 4862 2441 4915 vincendum
2457 4904 2474 4929 ‚
2494 4868 2637 4930 culpa
2670 4866 2815 4918 caedis
2829 4868 2963 4917 omni
3000 4881 3052 4917 se
3088 4878 3273 4917 vacare.
3300 4868 3441 4915 Nunc
3462 4866 3724 4916 enimvero

2150 4954 2236 5004 ego
2252 4978 2267 5005 ,
2288 4956 2563 5007 quanquam
2581 4943 2803 4993 stimulos
2822 4944 2921 5007 ipse
2943 4944 3093 4995 servis
3116 4942 3363 4992 admoveri
3384 4946 3514 5007 peto,
3543 4947 3725 5005 partes

2148 5017 2309 5068 tamen
2332 5032 2463 5069 meas
2494 5018 2617 5069 inter
2638 5020 2964 5083 torquendum
2990 5020 3059 5069 eis
3078 5018 3191 5081 ipsis
3220 5016 3415 5082 delego:
3448 5020 3721 5073 manilesto

2148 5092 2289 5155 igitur
2324 5094 2443 5143 mihi
2477 5094 2583 5143 hoec
2609 5094 2709 5157 ipsa
2732 5095 3008 5145 testimonio
3042 5097 3186 5157 sunt,
3220 5106 3304 5145 eos
3336 5094 3389 5144 in
3427 5094 3571 5160 culpa
3604 5111 3718 5151 effe

512 5164 601 5241 (ιν)
636 5164 679 5221 εἷ
707 5160 810 5243 γὰρ
833 5161 1030 5225 τούτων
1073 5161 1352 5230 ἐθελόντων
1385 5162 1577 5225 διδόναι
1606 5166 1676 5232 εἰς
1703 5162 1931 5244 βάσανον
1955 5164 2059 5240 ἐγὼ
2104 5217 2111 5222 .
2152 5170 2312 5223 caedis.
2381 5172 2478 5235 (ιῖ)
2502 5172 2643 5223 certe
2663 5170 2812 5234 enim,
2830 5171 2869 5223 ει
2884 5170 2971 5234 ipsi
2988 5170 3183 5234 quidem
3197 5170 3433 5235 nuncipia
3450 5171 3719 5229 tormentis
