3825 5842
1607 469 2643 613 ΑΝΔΟΚΙΔΗΣ.

1267 1096 1316 1157 l.

464 1263 490 1316 1
836 1255 1022 1316 ΠΕΡΙ
1060 1251 1220 1316 ΤΩΝ
1261 1248 1749 1314 ΜΥΣΤΗΡῙΩΝ.

561 1588 564 1592 -
593 1548 707 1622 Τὴν
734 1547 828 1628 μὲν
853 1545 1212 1629 παρασκευήν,
1235 1531 1282 1604 ὖ
1310 1543 1516 1625 ἄνδρες,
1539 1540 1630 1602 καὶ
1664 1538 1762 1613 τὴν
1783 1539 2077 1621 προθυμίαν

516 1642 618 1699 τῶν
633 1641 829 1721 ἐχθρῶν
851 1640 956 1697 τῶν
979 1638 1138 1715 ἐμῶν,
1169 1633 1292 1694 ὥστ’
1313 1629 1408 1711 ἐμὲ
1425 1633 1597 1698 κακῶς
1613 1637 1779 1690 ποιεῖν
1798 1631 1860 1688 ἐκ
1885 1627 2079 1698 παντὸς

517 1725 712 1808 τρόπου
737 1724 829 1786 καὶ
859 1722 1069 1790 δικαίως
1094 1721 1186 1782 καὶ
1231 1720 1456 1798 ἀδίκως,
1481 1717 1533 1788 ἐξ
1557 1720 1722 1798 ἀρχῆς
1757 1715 1936 1789 ἐπειδὴ
1982 1715 2078 1776 τά·

515 1836 676 1896 χιστα
699 1811 958 1891 ἀφικόμην
981 1814 1054 1878 είς
1065 1808 1159 1884 τὴν
1177 1808 1327 1870 πόλιν
1348 1805 1598 1880 ταυτηνί,
1619 1804 1802 1886 σχεδόν
1821 1828 1872 1864 τι
1886 1803 2077 1874 πάντες

464 1922 493 1961 ι
520 1903 799 1963 ἐπίστασθε
815 1946 833 1982 ‚
855 1900 947 1961 καὶ
971 1897 1117 1960 οὐδὲν
1155 1900 1232 1958 δεῖ
1251 1896 1374 1977 περὶ
1408 1893 1604 1954 τούτων
1632 1891 1855 1962 πολλοὺς
1893 1891 2077 1972 λόγους

517 1991 804 2051 ποιεῖσθαι·
887 1984 992 2067 ἐγὼ
1019 1987 1090 2064 δ’,
1119 1975 1164 2045 ὦ
1191 1983 1393 2066 ἄνδρες,
1419 1983 1676 2060 δεήσομαι
1713 1985 1860 2060 ὑμῶν
1898 1981 2077 2040 δίκαια

515 2083 607 2138 καὶ
625 2079 745 2157 ὑμῖν
771 2099 828 2137 τε
857 2075 1011 2158 ῥᾴδια
1037 2074 1341 2155 χαρίζεσθαι
1359 2071 1448 2132 καὶ
1472 2071 1589 2150 ἐμοὶ
1617 2069 1736 2139 ἄξια
1761 2071 1957 2147 πολλοῦ
1986 2095 2079 2129 τυ-

515 2170 632 2247 χεῖν
657 2166 782 2247 παρ’
801 2168 978 2244 ὑμῶν,
1022 2165 1087 2243 (2)
1128 2163 1218 2222 καὶ
1257 2164 1461 2244 πρῶτον
1499 2159 1595 2238 μὲν
1623 2161 1970 2237 ἐνθυμηθῆναι
1997 2158 2077 2218 ὅτι

515 2259 604 2313 ν’ῠν
641 2253 746 2334 ἐγὼ
787 2252 903 2326 ἥκω
939 2253 1182 2329 οὐδεμιᾶς
1217 2269 1307 2328 μοι
1349 2249 1577 2327 ἀνάγκης
1616 2245 1772 2320 οὔσης
1809 2247 2077 2327 παραμεῖ-

514 2362 629 2416 ναι,
661 2341 767 2400 οὔτ’
791 2337 1044 2420 ἐγγυητὰς
1071 2336 1406 2408 καταστήσας
1427 2335 1532 2396 οὔθ’
1558 2333 1660 2394 ὑπὸ
1691 2336 1895 2412 δεσμῶν
1918 2338 2080 2414 ἀναγ-

515 2429 753 2503 κασθείς,
815 2425 1098 2494 πιστεύσας
1163 2424 1218 2483 δὲ
1267 2423 1516 2503 ,μάλιστα
1575 2422 1670 2501 μὲν
1725 2427 1802 2503 τῷ
1855 2421 2041 2505 δικαίῳ
2060 2467 2075 2496 ,

515 2518 698 2578 ἔπειτα
749 2515 804 2576 δὲ
848 2515 938 2578 καὶ
982 2515 1130 2593 ὑμῖν,
1181 2511 1472 2594 γνώσεσθαι
1519 2512 1586 2571 τὰ
1631 2510 1807 2570 δίκαια
1857 2511 1949 2570 καὶ
1996 2511 2071 2589 μὴ

433 2629 486 2670 ιο
513 2604 850 2689 περιόψεσθαί
896 2628 964 2683 με
1008 2603 1197 2670 ἀδίκως
1240 2601 1342 2661 ὑπὸ
1381 2605 1484 2662 τῶν
1539 2603 1736 2682 ἐχθρῶν
1789 2603 1890 2658 τῶν
1934 2602 2073 2678 ἐμῶν

514 2693 860 2778 διαφθαρέντα
877 2739 894 2772 ,
909 2681 1054 2752 ’ἀλλὰ
1071 2690 1203 2752 πολὺ
1227 2690 1428 2769 μᾶλλον
1460 2687 1646 2749 σώσειν
1669 2689 1907 2764 δικαίως,
1932 2689 2069 2748 κατά

512 2807 571 2844 τε
609 2782 728 2850 τοὺς
768 2781 955 2860 νόμους
981 2779 1098 2848 τοὺς
1139 2779 1416 2860 ὑμετέρους
1457 2777 1546 2838 καὶ
1595 2775 1711 2846 τοὺς
1755 2775 1938 2858 ὅρκους
1992 2776 2077 2844 οὓς

517 2872 664 2950 ὑμεῖς
683 2869 966 2950 ὀμόσαντες
987 2869 1204 2946 μέλλετε
1231 2865 1325 2940 τὴν
1351 2869 1520 2948 ψ’ῆφον
1549 2867 1727 2927 οἴσειν.
1814 2865 1880 2945 (a)
1913 2865 2073 2926 Εἰκό-

511 2983 612 3028 τως
634 2962 679 3019 δ’
705 2959 798 3034 ἄν,
827 2947 872 3017 ὦ
919 2957 1129 3036 ἄνδρες,
1173 2957 1267 3028 τὴν
1298 2954 1460 3027 αὐτὴν
1483 2951 1696 3033 γνώμην
1738 2951 1908 3033 ἔχοιτε
1952 2952 2075 3034 περὶ

513 3051 617 3108 τῶν
641 3049 918 3108 ἐθελοντῶν
948 3048 1018 3113 εἷς
1042 3043 1157 3112 τοὺς
1175 3041 1437 3111 κινδύνους
1461 3041 1881 3118 καθισταμένων,
1906 3041 2076 3123 ἥνπερ

513 3136 660 3196 αὐτοὶ
682 3135 802 3218 περὶ
831 3138 1000 3194 αὑτῶν
1031 3133 1255 3214 ἔχουσιν.
1340 3129 1565 3192 Ὁπόσοι
1588 3129 1682 3208 μὲν
1713 3129 1816 3211 γὰρ
1845 3129 1920 3209 μὴ
1952 3128 2073 3202 ἠθέ-

510 3225 680 3296 λησαν
701 3227 979 3300 ὑπομεῖναι
999 3220 1346 3301 καταγνόντες
1387 3222 1557 3278 αὑτῶν
1582 3217 1788 3278 ἀδικίαν
1805 3263 1821 3292 ,
1867 3218 2075 3287 εἰκότως

433 3333 483 3372 ιιι
508 3335 588 3371 τοι
610 3313 700 3372 καὶ
728 3315 874 3390 ὑμεῖς
911 3315 1128 3370 τοιαῦτα
1157 3311 1277 3390 περὶ
1325 3309 1494 3366 αὐτῶν
1541 3303 1822 3387 γινώσκετε
1863 3297 1949 3366 οἶοί
1976 3330 2074 3389 περ

510 3400 602 3462 καὶ
631 3401 774 3460 αὐτοὶ
815 3398 936 3479 περὶ
972 3401 1114 3477 σφῶν
1144 3398 1314 3455 αὐτῶν
1339 3394 1604 3475 ἔγνωσαν·
1685 3393 1866 3454 ὁπόσοι
1893 3393 1949 3453 δὲ
1983 3419 2072 3454 πι-

515 3488 825 3556 στεύσαντες
854 3485 1016 3566 μηδὲν
1041 3487 1237 3545 ἀδικεῖν
1273 3482 1586 3562 ὑπέμειναν,
1622 3481 1813 3543 δίκαιοί
1838 3486 1956 3542 ἐστε
1984 3483 2075 3543 καὶ

509 3576 657 3656 ὑμεῖς
679 3576 800 3656 περὶ
821 3574 1016 3634 τούτων
1047 3569 1292 3645 τοιαύτην
1316 3569 1456 3652 ἔχειν
1478 3568 1576 3643 τὴν
1601 3569 1817 3650 γνώμην
1837 3569 1951 3629 οἵαν
1975 3594 2075 3652 περ

507 3664 598 3725 καὶ
631 3663 777 3723 αὐτοὶ
799 3662 917 3744 περὶ
945 3664 1114 3720 αὑτῶν
1141 3659 1293 3740 ἔσχον
1309 3705 1324 3735 ,
1345 3659 1435 3719 καὶ
1459 3657 1533 3738 μὴ
1553 3657 2070 3741 προκαταγινώσκειν

509 3754 720 3812 ἀδικεῖν.
805 3753 866 3830 (4)
890 3749 1094 3811 Αὐτίκα
1127 3747 1232 3828 ἐγὼ
1265 3750 1476 3808 πολλῶν
1511 3770 1601 3825 μοι
1639 3747 2073 3826 ἀπαγγελλόντων

506 3841 586 3901 ὅτι
619 3840 818 3921 λέγοιεν
846 3842 892 3897 οἱ
922 3836 1096 3919 ἐχθροὶ
1119 3839 1188 3905 ὣς
1224 3836 1328 3919 ἄρα
1361 3833 1464 3915 ἐγὼ
1491 3833 1599 3894 οὔτ’
1628 3835 1692 3895 ἂν
1733 3835 2072 3916 ὑπομείναιμι

507 3927 793 4011 οἰχήσομαί
819 3951 877 3987 τε
899 3925 1102 4009 φεύγων
1121 3972 1136 4001 ,
1165 3959 1246 3972 -
1274 3953 1298 3977 α
1329 3924 1380 3984 τί
1405 3923 1507 4005 γὰρ
1537 3923 1599 3985 ἂν
1639 3923 1731 3984 καὶ
1761 3921 2072 4004 βουλόμενος

421 4031 477 4072 20
500 4009 795 4090 Ἀνδοκίδης
835 4019 1011 4095 ἀγῶνα
1039 4019 1280 4074 τοσοῦτον
1315 4012 1664 4090 ὑπομείνειεν,
1691 4003 1736 4092 ᾧ
1770 4011 1937 4080 ἔξεστι
1976 4012 2072 4091 μὲν

506 4105 778 4166 ἀπελθόντι
805 4107 1030 4165 ἐντεῦθεν
1058 4101 1194 4184 ἔχειν
1227 4100 1402 4162 πάντα
1428 4099 1792 4173 τὰκέπιτήδεια
1812 4144 1827 4173 ,
1861 4099 1977 4160 ἔστι
2014 4101 2068 4162 δὲ

503 4193 791 4254 πλεύσαντι
819 4194 890 4260 εἷς
921 4189 1169 4272 Κύπρον,
1203 4190 1318 4250 ὅθεν
1345 4212 1448 4269 περ
1469 4187 1622 4264 ἥκει,
1699 4192 1734 4260 ’ἦ
1769 4187 1941 4261 πολλὴ
1979 4189 2069 4249 καὶ

504 4279 678 4360 ἀγαθὴ
707 4278 947 4357 διδομένη
969 4278 1060 4339 καὶ
1090 4277 1258 4360 δωρεὰ
1286 4277 1625 4358 ὑπάρχουσα,
1650 4213 1794 4344 kene
1821 4275 1925 4357 ἄρα
1952 4281 2069 4358 βου-

501 4369 719 4442 λήσεται
743 4367 861 4449 περὶ
882 4372 974 4426 τοῦ
1004 4365 1246 4443 σώματος
1269 4373 1356 4426 τοῦ
1385 4370 1570 4424 ἑαυτοῦ
1599 4367 1956 4440 κινδυνεῦσαι;
1992 4368 2064 4434 εἷς

495 4457 548 4516 τί
572 4455 877 4536 ἀποὸλέψας
896 4475 913 4526 3
935 4456 1034 4534 οὐχ
1051 4459 1149 4535 δρᾷ
1172 4453 1266 4525 τὴν
1289 4451 1438 4512 πόλιν
1456 4455 1607 4530 ἡμῶν
1632 4455 1702 4518 ὣς
1727 4451 2015 4531 διάκειται;
2040 4480 2065 4509 n

502 4541 566 4624 (ο)
595 4541 740 4623 Ἐγὼ
759 4541 851 4620 δέ,
873 4531 918 4602 ὦ
941 4542 1118 4624 ἄνδρες
1133 4587 1150 4620 ,
1170 4539 1303 4602 πολὺ
1322 4540 1418 4613 τὴν
1447 4538 1681 4600 ἐναντίαν
1699 4539 1896 4608 τούτοις
1926 4541 2064 4620 γνώ-

425 4647 478 4689 2⁶
505 4656 610 4714 μην
643 4633 768 4714 ἔχω.
850 4629 1066 4692 Ἄλλοθί
1085 4653 1142 4690 τε
1187 4629 1292 4710 γὰρ
1316 4626 1388 4687 ὧν
1424 4628 1599 4688 πάντα
1629 4625 1696 4687 τὰ
1729 4627 1899 4708 ἀγαθὰ
1928 4627 2065 4709 ἔχειν

503 4721 808 4804 στερόμενος
833 4723 928 4792 τῆς
954 4718 1202 4801 πατρίδος
1225 4721 1317 4779 οὐκ
1339 4716 1404 4778 ἂν
1425 4715 1704 4794 δεξαίμην,
1748 4721 1841 4789 τῆς
1867 4717 2065 4786 πόλεως

501 4809 638 4870 οὕτω
662 4808 993 4888 διακειμένης
1010 4806 1189 4888 ὥσπερ
1213 4805 1360 4866 αὑτοὶ
1390 4809 1438 4865 οἱ
1464 4803 1639 4886 ἐχθροὶ
1666 4803 1876 4882 λέγουσι
1891 4827 1906 4842 ·
1927 4803 2059 4864 πολὺ

501 4901 546 4959 δ’
578 4897 642 4960 ἂν
661 4900 822 4970 αὗτῆς
843 4899 1044 4976 μᾶλλον
1073 4895 1176 4976 ἐγὼ
1207 4894 1424 4966 πολίτης
1448 4892 1695 4970 δεξαίμην
1726 4884 1859 4951 εἶναι
1885 4892 1922 4965 ἢ
1950 4893 2061 4953 ἑτέ-

503 5012 605 5070 ρων
633 4986 866 5059 πόλεων,
893 4985 951 5045 αἳ
969 4984 1094 5052 ἴσως
1118 4983 1254 5044 πάνυ
1285 5007 1375 5062 μοι
1405 4984 1638 5042 δοκοῦσιν
1669 4983 1720 5040 ἐν
1738 4985 1812 5063 τῷ
1842 4982 2061 5064 παρόντι

501 5078 751 5156 εὐτυχεῖν.
831 5071 997 5154 ‘'A-step
1024 5070 1292 5151 γινώσκων
1325 5069 1582 5152 ἐπέτρεψα
1612 5071 1889 5148 διαγνῶναι
1938 5075 2058 5148 ὑμῖν

500 5163 618 5244 περὶ
655 5168 746 5222 τοῦ
803 5159 1047 5240 σώματος
1091 5165 1182 5220 τοῦ
1225 5161 1472 5237 ἐμαυτοῦ.
1557 5159 1618 5237 (ο)
1663 5159 1927 5235 Αἶτοῧμαι
1971 5149 2058 5218 οἶν

502 5254 663 5328 ὑμᾶς,
690 5239 734 5309 ὦ
759 5248 936 5331 ἄνδρες
955 5293 974 5329 ,
1003 5246 1202 5308 εὔνοιαν
1232 5247 1398 5308 πλείω
1440 5245 1808 5330 παρασχέσθαι
1837 5245 1953 5325 ἐμοὶ
1984 5250 2059 5328 τῷ

2486 1253 2588 1314 m:
2630 1254 3051 1320 MYSTERus
3080 1227 3413 1326 onum.

3548 1260 3689 1338 (1-3)

2230 1549 2540 1602 inimicorum
2580 1553 2743 1617 copias
2772 1553 3092 1621 ardoremque
3116 1570 3407 1623 quocumque
3428 1559 3577 1610 modo
3606 1562 3701 1613 milri

2167 1651 2270 1704 per„
2283 1640 2451 1706 sasque
2480 1643 2709 1709 nefasque
2742 1648 2975 1713 nocendi,
3010 1664 3107 1714 quo
3152 1665 3259 1716 me,
3278 1666 3309 1703 a
3328 1653 3564 1718 principio
3588 1653 3701 1720 inde,

2168 1735 2225 1786 ut
2240 1735 2453 1798 primum
2484 1736 2610 1787 hanc
2642 1739 2695 1790 in
2730 1741 2902 1792 urbem
2932 1742 3079 1807 redii,
3110 1730 3451 1812 exagitarunt,
3474 1762 3562 1800 vos
3590 1762 3705 1812 pane

2166 1839 2333 1880 omnes
2344 1865 2360 1892 ,
2384 1830 2478 1879 viri
2490 1867 2505 1893 ,
2525 1831 2733 1882 arbitror
2748 1833 3011 1900 intelligere
3021 1873 3037 1900 ,
3062 1839 3118 1888 ut
3130 1821 3332 1894 incoasse
3348 1853 3449 1890 non
3480 1840 3543 1891 sit
3558 1842 3641 1892 hac
3658 1843 3707 1894 de

2168 1934 2221 1971 re
2246 1922 2401 1974 muita
2416 1925 2564 1975 verba
2586 1927 2761 1980 facere.
2830 1931 2929 1993 Ego
2951 1943 3039 1980 voe
3054 1931 3243 1996 potius,
3269 1932 3392 1997 viri,
3419 1935 3597 1998 rogabo
3622 1949 3707 1986 rem

2167 2027 2359 2078 oequam
2366 2019 2418 2068 et
2429 2031 2577 2081 quam
2586 2019 2704 2070 mihi
2718 2019 2963 2085 indulgere
2970 2022 3110 2074 facile
3117 2023 3256 2076 vobis
3264 2026 3327 2076 sit
3336 2027 3497 2090 etqua
3506 2039 3581 2076 me
3586 2028 3709 2090 potiri

2168 2121 2276 2160 mea
2294 2109 2511 2176 inprimis
2534 2113 2714 2164 refert:
2750 2113 2819 2179 (2)
2848 2116 3057 2179 primum
3074 2129 3249 2182 nempe
3264 2119 3358 2170 hoc
3370 2155 3388 2184 ,
3403 2121 3469 2169 ut
3486 2119 3707 2170 vobiscum

2168 2205 2396 2272 reputetis
2406 2243 2422 2270 ,
2448 2219 2529 2258 me
2548 2209 2680 2258 nunc
2696 2208 2796 2258 huc
2812 2211 2983 2272 sponte
2996 2223 3106 2261 mea
3131 2211 3344 2276 venisse,
3360 2213 3501 2266 nulla
3510 2217 3708 2266 coactum

2166 2292 2447 2344 necessitate
2464 2294 2589 2345 inter
2600 2308 2689 2346 vos
2713 2296 2964 2349 veremuiz
2982 2311 3143 2363 neque
3158 2300 3287 2350 enim
3310 2301 3463 2352 vades
3477 2303 3709 2354 constitue-

2166 2393 2271 2431 ram
2285 2394 2443 2447 neque
2454 2383 2659 2436 vinculis
2676 2385 3060 2450 constringebar-3
3080 2387 3165 2438 sed
3176 2387 3354 2439 fiducia
3364 2389 3609 2454 praecipue
3622 2393 3709 2455 qui·

2166 2474 2275 2525 dem
2294 2475 2398 2526 veri
2416 2477 2465 2526 et
2487 2477 2617 2540 aequi
2633 2514 2648 2540 ,
2666 2478 2775 2528 tum
2796 2491 2916 2529 vero
2935 2479 3085 2530 vestri
3104 2493 3299 2544 quoque
3309 2518 3325 2545 ,
3348 2481 3434 2544 qui
3454 2482 3575 2532 mihi
3594 2483 3710 2533 vide-

2166 2563 2337 2614 remini
2361 2564 2424 2616 de
2441 2578 2521 2616 me
2532 2566 2663 2629 iusta
2688 2567 2737 2618 et
2754 2581 2895 2632 oequa
2916 2569 3270 2632 pronuntiaturi
3286 2583 3445 2636 neque
3464 2573 3645 2636 passuri
3660 2573 3710 2622 ab

2164 2652 2371 2704 inimicis
2392 2666 2471 2705 me
2482 2655 2603 2706 meis
2620 2655 2825 2720 opprimi
2836 2695 2852 2721 ‚
2872 2655 2956 2707 sed
2974 2657 3133 2722 potius
3143 2674 3159 2722 ,·
3178 2660 3324 2722 prout
3342 2659 3412 2710 ras
3424 2662 3533 2724 eet,
3546 2661 3709 2711 salvum

2164 2758 2245 2796 me
2266 2747 2591 2798 conservaturi
2607 2784 2622 2810 ,
2648 2749 2915 2811 vestrisque
2938 2749 3124 2812 legibus
3136 2751 3482 2802 convenienter
3498 2753 3711 2816 ctjmijn-

2164 2835 2316 2886 rando
2327 2873 2341 2899 ‚
2360 2837 2499 2899 cujus
2520 2849 2549 2886 a
2568 2835 2705 2888 vobis
2714 2837 2830 2887 dicti
2848 2838 3135 2890 auctoritate
3154 2841 3438 2890 sententiam
3458 2841 3631 2892 feretis.
3656 2843 3708 2908 (3)

2166 2928 2339 2979 Merito
2368 2930 2497 2980 enim
2513 2967 2529 2994 ,
2552 2930 2671 2994 viri,
2691 2930 2753 2982 de
2774 2931 2874 2995 his,
2896 2932 2982 2994 qui
2999 2933 3133 2983 ultro
3148 2945 3251 2984 sese
3268 2933 3319 2984 in
3344 2933 3621 2986 discrimina
3640 2935 3711 2986 de-

2164 3021 2391 3086 mittunt,
2424 3035 2513 3072 vos
2534 3035 2733 3086 quoque
2750 3023 2879 3074 idem
2907 3026 3138 3076 censentis
3148 3061 3165 3088 ‚
3196 3026 3329 3090 quod
3364 3027 3457 3090 ipsi
3486 3027 3549 3078 de
3582 3030 3711 3078 semet

2164 3113 2377 3162 censent.
2443 3112 2732 3175 Quicunque
2748 3113 2876 3162 enim
2895 3113 2944 3164 in
2962 3113 3083 3164 urbe
3108 3127 3302 3165 manere
3318 3115 3427 3166 ideo
3440 3116 3710 3180 noluerunt,

2164 3213 2277 3278 quia
2294 3213 2383 3278 ipsi
2396 3225 2499 3263 sese
2514 3225 2601 3263 sua
2618 3213 2853 3264 sententia
2866 3213 3079 3265 criminis
3096 3213 3291 3266 admissi
3310 3215 3709 3270 condernnassent.

2165 3310 2294 3360 recte
2311 3322 2398 3360 vos
2410 3308 2471 3360 de
2487 3309 2563 3360 his
2580 3309 2747 3361 eedem
2762 3309 2977 3360 sciscatis
2988 3346 3003 3372 ,
3023 3322 3135 3373 quae
3147 3308 3239 3373 ipsi
3250 3308 3314 3360 de
3329 3321 3433 3360 sese
3448 3309 3686 3361 sciverunt
3702 3329 3711 3361 :

2164 3405 2331 3454 contra
2346 3417 2463 3454 vero
2476 3441 2491 3467 ,
2506 3404 2784 3468 quicunque
2800 3405 3081 3454 manserunt
3092 3402 3267 3453 fiducia
3282 3415 3386 3454 euae
3401 3403 3697 3454 conscientia

2163 3495 2293 3560 quod
2314 3495 2496 3548 nullius
2518 3496 2609 3548 sibi
2632 3497 2727 3548 sint
2748 3497 2939 3548 sceleris
2956 3497 3160 3561 conscii,
3186 3499 3325 3550 decet
3351 3513 3440 3551 vos
3456 3501 3523 3551 de
3548 3501 3620 3553 his
3642 3515 3692 3552 αι

2163 3590 2274 3641 dem
2300 3591 2537 3653 statuere,
2569 3603 2680 3654 quae
2708 3590 2799 3653 ipsi
2820 3589 2883 3640 de
2912 3603 3015 3641 sese
3038 3591 3283 3654 sumunt,
3314 3605 3476 3656 neque
3496 3593 3691 3657 praejmli

2163 3681 2271 3728 cata
2288 3679 2513 3743 opinione
2536 3678 2729 3730 credere
2750 3692 2833 3729 eos
2848 3679 3025 3744 injuste
3046 3679 3209 3742 egisse.
3276 3680 3345 3745 (4)
3373 3682 3453 3733 Sic
3464 3719 3482 3748 ,
3502 3695 3566 3733 ne
3588 3682 3713 3746 lome

2162 3771 2333 3823 abeam
2349 3810 2364 3836 ,
2388 3772 2505 3822 mihi
2523 3772 2665 3824 multi
2688 3773 2989 3837 retulerunt,
3020 3773 3238 3823 inimicos
3256 3785 3393 3824 meos
3412 3773 3627 3838 iactare,
3646 3786 3714 3822 me

2162 3875 2259 3911 non
2280 3861 2433 3912 videri
2458 3862 2508 3911 in
2526 3861 2647 3912 urbe
2674 3873 2957 3912 mansurum
2972 3898 2987 3924 ,
3007 3861 3092 3911 sed
3118 3861 3229 3926 suga
3254 3861 3467 3913 salutem
3492 3863 3713 3926 quaesitu-

2162 3963 2273 4000 rum
2302 3969 2394 4000 :-
2422 3969 2447 3994 α
2480 3949 2667 4013 Ecquid
2697 3949 2825 4000 enim
2862 3948 3129 4001 Andocides
3152 3961 3348 4014 quoque
3380 3952 3603 4014 spectans
3628 3949 3715 4013 (ita

2161 4044 2335 4106 aiunt)
2362 4047 2605 4095 certamen
2632 4042 2764 4094 adire
2788 4044 2981 4094 tantum
3004 4042 3206 4106 audeat,
3235 4044 3315 4094 cui
3336 4042 3482 4095 liceat
3508 4044 3623 4094 hinc
3654 4043 3713 4093 di·

2163 4150 2322 4200 W
2342 4137 2458 4188 vitm
2478 4135 2701 4200 prasium
2722 4135 3181 4200 commoditataeque
3214 4143 3381 4188 omn'oe
3414 4137 3712 4189 habere1'cui
3800 4123 3803 4152 ³

2160 4229 2211 4277 in
2229 4229 2386 4290 cypro
2399 4225 2463 4276 sit
2476 4263 2491 4289 ,
2510 4226 2625 4276 illuc
2637 4226 2677 4276 si
2686 4224 2824 4288 iuvet
2842 4239 2927 4290 per
2940 4239 3073 4277 mare
3084 4225 3376 4276 contendere
3388 4263 3403 4289 ,
3428 4226 3563 4277 unde
3580 4226 3711 4277 modo

2158 4321 2317 4384 venit,
2338 4334 2449 4384 ager
2470 4321 2519 4370 et
2534 4318 2771 4383 spatiosus
2794 4319 2845 4370 et
2870 4317 3039 4369 fertilis
3055 4320 3106 4369 et
3131 4317 3339 4382 gratuito
3356 4317 3533 4369 datus?
3566 4321 3712 4382 caput
3800 4379 3802 4386 Ι

2156 4416 2239 4466 ille
2254 4415 2471 4479 profecto
2491 4413 2706 4477 periculo
2724 4413 2857 4463 nolet
2868 4411 3106 4475 objicere.‘
3154 4410 3341 4474 Ecquid
3357 4412 3485 4462 enim
3509 4413 3711 4476 spectet?
3801 4467 3802 4470 Ἰ

2157 4522 2316 4560 annon
2348 4507 2597 4558 civitatem
2622 4505 2785 4568 videt,
2806 4518 2904 4568 quo
2934 4505 2997 4556 sit
3038 4505 3233 4554 animo?
3260 4523 3284 4549 n
3348 4504 3415 4568 (5)
3445 4505 3547 4568 Ego
3574 4517 3707 4565 vero,

2156 4605 2277 4668 viri,
2304 4603 2515 4653 multum
2544 4600 2606 4651 ab
2623 4600 2699 4652 his
2718 4598 2962 4651 dissentio.
3028 4597 3212 4649 Civitas
3236 4598 3365 4648 enim
3392 4601 3501 4650 haec
3532 4598 3707 4647 etiamsi

2153 4699 2224 4750 sic
2240 4711 2291 4749 se
2312 4697 2511 4748 haberet
2542 4696 2687 4758 atque
2711 4692 2761 4743 hi
2789 4691 2952 4755 aiunt,
2972 4691 3137 4741 tamen
3154 4703 3242 4754 ego
3258 4689 3408 4739 nolim
3434 4689 3550 4740 alibi
3570 4689 3621 4739 in
3636 4704 3707 4740 re·

2152 4806 2265 4843 rum
2282 4791 2499 4842 omnium
2516 4787 2761 4839 affluentia
2776 4785 2941 4838 vivere
2952 4821 2969 4847 ,
2988 4783 3027 4834 si
3046 4781 3201 4846 patria
3212 4781 3470 4832 carendum
3486 4781 3611 4830 mihi
3622 4780 3707 4831 sit:
3800 4855 3802 4860 Ι

2154 4886 2309 4936 multo
2328 4885 2575 4935 enimvero
2591 4880 2710 4931 civis
2722 4889 2809 4942 ego
2830 4877 3001 4942 patriae
3018 4875 3185 4926 malim
3198 4885 3327 4938 esse,
3346 4886 3492 4936 quam
3510 4873 3708 4924 aliarum
3801 4943 3802 4950 γ

2150 4980 2402 5030 civitatum
2414 5015 2431 5042 ‚
2451 4989 2563 5040 quae
2581 4975 2674 5025 hac
2690 4973 2833 5025 oetatc
2852 4969 2999 5021 rebus
3014 4968 3183 5019 florere
3198 4964 3420 5018 aecundis
3440 4964 3708 5017 videantur.

2150 5073 2257 5122 Hac
2281 5083 2369 5134 ego
2392 5069 2554 5119 mente
2578 5065 2811 5131 praeditus
2846 5060 3045 5126 permisi
3074 5058 3214 5110 vobis
3234 5069 3409 5121 corpus
3434 5069 3630 5120 meum,
3650 5055 3711 5105 da

2150 5179 2247 5229 quo
2269 5163 2493 5227 iudicetis
2506 5200 2521 5226 ,
2558 5161 2625 5226 (6)
2657 5171 2830 5223 rogans
2848 5169 2963 5220 voa,
2993 5156 3051 5204 ut
3073 5151 3191 5204 mihi
3220 5164 3310 5217 pro
3331 5163 3412 5201 me
3428 5147 3607 5200 dicanti
3623 5145 3707 5196 be-

2148 5261 2410 5326 nigniorem
2424 5295 2441 5324 ,
2473 5269 2621 5322 quam
2644 5251 3033 5314 accusatoribus,
3065 5245 3283 5313 proebere
3314 5241 3474 5296 velitis
3502 5240 3705 5293 audim-
3800 5291 3802 5310 ,
