3825 5842
217 551 462 633 ΝΜ

727 687 743 710 ἱ
807 686 824 708 ἱ
879 684 894 706 Ι
955 687 962 696 ·

1211 553 1623 619 ANnocmls
1666 557 1790 621 on.
1833 558 1937 621 na
1974 539 2405 625 MYsm'nus
2490 591 2497 598 ·
3332 586 3408 635 ω

212 685 303 744 καὶ
329 689 446 754 πῶς
474 683 728 758 ἐποιήσατ
766 669 938 746 αυτον·
958 689 1124 745 ταῦτα
1143 673 1348 769 γὰρ-καὶ
1376 687 1515 757 ἄξιον
1540 675 1776 766 ἀκοῦσαι,
1868 714 1966 765 quo
1985 705 2127 766 pecto
2163 718 2191 755 a
2210 704 2359 755 callia
2376 703 2637 770 adoptatus
2657 705 2831 758 :refert
2848 706 2975 758 enim
2997 721 3085 760 vos
3112 709 3222 762 hac
3236 690 3415 765 tenere.

210 766 254 834 ὦ
283 773 486 854 ἄνδρες.
567 777 745 851 Γαμεῖ
782 773 878 853 μὲν
907 774 1228 856 Ἰσχομάχου
1275 777 1560 860 θυγατέρα·
1607 779 1772 861 ταύτῃ

209 862 264 921 δὲ
295 862 614 936 συνοικήσας
641 863 748 923 οὐδ’
779 863 1006 923 ἐνιαυτὸν
1029 862 1124 936 τὴν
1166 864 1367 947 μητέρα
1398 869 1557 940 αὐτῆς
1585 866 1774 948 ἔλαὸε,

188 950 300 1010 -καὶ
349 951 574 1034 συνῴκει
617 955 646 1011 ὁ
667 947 674 954 ’
695 950 906 1012 πάντων
955 951 1334 1034 σχετλιώτατος
1379 956 1663 1038 ἆνθρώπων
1707 962 1772 1038 τῇ

197 1039 372 1121 ’μητρὶ
407 1040 502 1100 καὶ
539 1045 607 1119 τῇ
637 1040 881 1122 θυγατρί,
909 1041 1075 1121 ἱερεὺς
1113 1039 1185 1100 ὢν
1217 1047 1310 1116 τῆς
1338 1045 1531 1127 μητρὸς
1561 1045 1652 1104 καὶ
1677 1051 1770 1118 τῆς

135 1148 182 1185 25
207 1127 492 1209 θυγατρός,
513 1127 606 1187 καὶ
627 1119 766 1208 εἶχεν
795 1131 849 1187 ἐν
873 1133 940 1210 τῇ
961 1129 1100 1210 οἰκίᾳ
1119 1129 1430 1212 ἀμφοτέρας.
1517 1134 1634 1214 (125)
1663 1133 1771 1195 Καὶ

159 1215 166 1222 ’
207 1207 353 1285 οὗτος
395 1215 498 1294 μὲν
539 1219 632 1276 οὔκ
657 1216 890 1298 ᾐσχύνθη
933 1219 1038 1277 οὐδ’
1068 1218 1333 1279 ἔδεισε·τὼ
1371 1219 1496 1280 θεώ·
1525 1225 1561 1294 ἡ
1597 1221 1652 1282 δὲ
1676 1229 1770 1282 τοῦ

206 1304 536 1386 Ἰσχομάχου
576 1305 806 1389 θυγάτηρ
842 1305 1080 1366 τεθνάναι
1108 1307 1371 1386 νομίσασα
1412 1312 1694 1371 λυσιτελεῖν
1734 1310 1770 1384 ἢ

204 1395 295 1466 ζῆν
323 1397 510 1475 ὁρῶσα
523 1395 590 1453 τὰ
610 1394 876 1474 γινόμενα,
896 1395 1244 1478 ἀπαγχομένη
1266 1397 1462 1477 μεταξὺ
1486 1400 1768 1480 κατελύθη,

205 1481 296 1540 καὶ
339 1483 530 1555 ἐπειδὴ
569 1483 796 1563 ἀνεὸίω,
828 1486 1102 1566 ἀποδρᾶσα
1142 1487 1200 1544 ἐκ
1243 1491 1336 1558 τῆς
1388 1486 1553 1555 οἰκίας
1599 1487 1769 1571 ᾤχετο

200 1569 292 1628 καὶ
331 1569 590 1643 ἐξήλασεν
618 1576 652 1643 ἡ
697 1569 874 1654 μήτηρ
899 1570 993 1643 τὴν
1021 1572 1294 1656 θυγατέρα.
1374 1575 1586 1649 Ταύτης
1621 1579 1667 1636 δ’
1701 1569 1768 1636 αὖ

199 1658 664 1738 διαπεπλησμένος
685 1657 896 1728 ἕξέὸαλε
925 1659 1016 1719 καὶ
1037 1660 1249 1735 ταύτην.
1331 1661 1402 1723 Ἦ
1430 1663 1476 1722 δ’
1505 1662 1603 1746 ἔφη
1627 1669 1766 1724 κυεῖν

200 1745 252 1814 ἐξ
282 1749 479 1806 αὐτοῦ·
511 1747 602 1807 καὶ
631 1746 810 1821 ἐπειδὴ
840 1751 1010 1807 ἔτεκεν
1029 1748 1167 1826 υἱόν,
1199 1749 1404 1832 ἔξαρνος
1432 1743 1496 1824 ἦν
1527 1750 1600 1832 μὴ
1635 1744 1766 1811 εἶναι

197 1834 248 1904 ἐξ
270 1839 440 1895 αὑτοῦ
460 1835 522 1895 τὸ
541 1836 770 1898 παιδίον.
854 1838 969 1917 (120)
999 1837 1262 1906 Λαὸόντες
1278 1839 1332 1898 δὲ
1357 1844 1405 1899 οἱ
1419 1841 1766 1922 προσήκοντες

121 1940 171 1978 ao
195 1929 259 2005 τῇ
288 1925 506 2005 γυναικὶ
553 1925 614 1984 τὸ
654 1925 861 1985 παιδίον
901 1919 1027 1998 ἧκον
1056 1927 1143 1985 ἐπὶ
1177 1927 1264 1987 τὸν
1300 1927 1476 2009 βωμὸν
1507 1929 1764 1990 Ἀπατου-

153 2015 160 2020 ’
197 2015 348 2096 ρίοις,
381 2015 589 2095 ἔχοντες
629 2016 835 2094 ἱερεῖον,
864 2015 956 2074 καὶ
999 2013 1234 2076 ἐκέλευον
1277 2017 1634 2098 κατάρξασθαι
1674 2018 1762 2077 τὸν

193 2104 466 2166 Καλλίαν.
550 2103 618 2167 Ὁ
647 2105 692 2162 δ’
720 2103 901 2183 ἠρώτα
929 2103 1064 2172 τίνος
1103 2103 1184 2178 εἴη
1223 2104 1282 2164 τὸ
1325 2106 1547 2167 παιδίον·
1581 2105 1755 2188 ἔλεγον

193 2219 219 2245 ι
249 2191 498 2254 Καλλίου
542 2196 632 2252 τοῦ
675 2191 998 2256 Ἱππονίκου.
1051 2218 1078 2247 »
1161 2220 1186 2248 ιι
1215 2193 1360 2274 Ἐγώ
1399 2197 1508 2273 εἶμι
1549 2185 1712 2264 οὗτος.
1735 2225 1760 2250 ι»

194 2307 218 2333 ⁸
250 2279 364 2341 Καὶ
383 2281 499 2341 ἔστι
516 2305 576 2361 γε
595 2279 762 2340 σὸντὸ
783 2280 1010 2341 παιδίον.
1045 2307 1070 2333 υ
1132 2281 1435 2360 Λαὸόμενος
1457 2289 1548 2343 τοῦ
1579 2288 1759 2364 βωμοῦ

192 2369 405 2448 ὤμοσεν
444 2363 480 2443 ἧ
523 2369 627 2447 μὴν
673 2369 750 2449 μὴ
781 2360 914 2429 εἶναί
955 2372 1002 2429 οἱ
1043 2369 1152 2429 υἱὸν
1177 2371 1334 2431 ἄλλον
1362 2369 1496 2451 μηδὲ
1526 2373 1760 2451 γενέσθαι

191 2458 442 2534 πώποτε,
469 2463 514 2518 εἶ
537 2458 613 2534 μὴ
639 2457 936 2520 Ἱππόνικον
957 2461 1016 2518 ἐκ
1034 2462 1128 2532 τῆς
1154 2457 1462 2528 Γλαύκωνος
1485 2461 1758 2543 θυγατρός·

111 2569 162 2608 ³⁶
189 2545 222 2618 ἢ
247 2546 428 2620 ἐξώλη
455 2538 586 2608 εἶναι
613 2547 702 2606 καὶ
733 2547 886 2608 αὐτὸν
914 2547 1006 2609 καὶ
1032 2547 1126 2620 τὴν
1153 2547 1344 2623 οἰκίαν,
1381 2547 1558 2630 ὥσπερ
1588 2550 1755 2613 ἔσται.

189 2635 308 2716 (127)
363 2635 522 2698 Met&
569 2643 736 2696 ταῦτα
781 2635 968 2712 τοίνυν,
1019 2626 1064 2694 ὦ
1103 2635 1312 2718 ἄνδρες,
1359 2637 1558 2720 ὑστέρῳ
1597 2639 1756 2698 πάλιν

183 2725 366 2805 χρόνῳ
415 2728 508 2798 τῆς
556 2724 714 2806 γραὸς
757 2724 1148 2805 τολμηροτάτης
1185 2725 1428 2804 γυναικὸς
1455 2724 1723 2807 ἀνηράσθη
1739 2772 1756 2802 ‚

182 2811 274 2870 καὶ
305 2813 590 2890 κομίζεται
616 2811 778 2885 αὗτὴν
805 2816 878 2881 εἰς
901 2812 996 2886 τὴν
1025 2812 1212 2895 οἰκίαν,
1240 2812 1332 2872 καὶ
1356 2813 1443 2872 τὸν
1467 2813 1630 2874 παῖδα
1652 2814 1753 2886 ἤδη

182 2901 358 2979 μέγαν
395 2899 524 2960 ὄντα
557 2901 753 2980 εἰσάγει
794 2903 866 2968 εἷς
900 2900 1180 2981 Κήρυκας,
1213 2899 1427 2983 φάσκων
1469 2891 1602 2959 εἶναι
1645 2900 1753 2960 υἱὸν

183 2993 373 3051 «fix-0⁴13.
461 2988 688 3049 Ἀντεῖπε
714 2989 809 3067 μὲν
844 2991 1113 3062 Καλλίδης
1141 2988 1216 3069 μὴ
1246 2988 1595 3064 εἰσδέξασθαι,
1617 2991 1754 3072 ἔψη·

183 3077 418 3159 φίσαντο
443 3077 500 3138 δὲ
528 3081 576 3137 οἱ
598 3077 838 3158 Κήρυκες
865 3076 1000 3138 κατὰ
1027 3078 1116 3139 τὸν
1148 3078 1305 3157 νόμον
1339 3077 1392 3145 ὅς
1421 3080 1556 3137 ἐστιν
1581 3079 1754 3147 αὐτοῖς

108 3180 158 3220 ιο
183 3165 402 3247 πατέρα
421 3163 696 3244 ’ὀμόσαντα
711 3165 935 3246 εἰσάγειν
954 3158 990 3242 ἦ
1007 3165 1111 3246 μὴν
1139 3165 1246 3226 υἱὸν
1271 3166 1394 3228 ὄντα
1421 3169 1604 3227 ἑαυτοῦ
1633 3168 1752 3227 εἶσ-

177 3255 352 3334 άγειν.
403 3254 708 3333 Λαὸόμενος
743 3261 834 3315 τοῦ
861 3259 1040 3336 βωμοῦ
1059 3257 1264 3336 ὤμοσεν
1289 3253 1324 3332 ἦ
1353 3258 1456 3337 μὴν
1478 3259 1566 3317 τὸν
1583 3259 1748 3317 παῖδα

177 3347 378 3404 ἑαυτοῦ
402 3333 536 3402 εἶναι
563 3343 794 3423 γνήσιον,
818 3344 878 3402 ἐκ
905 3345 1200 3425 Χρυσιάδος
1227 3345 1502 3424 γεγονότα·
1531 3345 1586 3406 ὃν
1609 3344 1751 3405 dud>-

181 3454 338 3509 μοσε.
371 3431 485 3491 Καί
520 3453 609 3511 μοι
637 3429 832 3492 τούτων
856 3431 1104 3492 ἁπάντων
1132 3432 1251 3502 τοὺς
1279 3434 1545 3518 μάρτυρας
1581 3435 1747 3496 κάλει.

786 3613 1130 3662 ΜΑΡΤΥΡΕΣ.

265 3787 360 3828 128.
407 3765 554 3848 Φέρε
585 3765 648 3839 δὴ
674 3767 866 3847 τοίνυν,
904 3759 948 3830 ὦ
977 3769 1188 3850 ἄνδρες,
1208 3769 1521 3852 σκεψώμεθα
1546 3775 1590 3830 εὶ
1626 3771 1744 3832 πώ-

155 3880 306 3916 ,ποτε
337 3859 393 3914 ἐν
431 3857 540 3924 τοῖς
564 3853 799 3929 Ἕλλησι
837 3867 1061 3938 πρᾶγμα
1095 3864 1323 3919 τοιοῦτον
1355 3857 1584 3938 ἐγένετο,
1613 3860 1742 3920 ὅπου

176 3941 404 4022 γυναῖκά
426 3967 505 4011 τις
521 3943 697 4024 γήμας
723 3945 954 4024 ἐπέγημε
982 3951 1049 4027 τῇ
1072 3947 1286 4027 θυγατρὶ
1309 3947 1402 4019 τὴν
1425 3947 1627 4030 μητέρα
1653 3951 1743 4010 καὶ

99 4046 156 4096 17
179 4033 433 4104 ἐξήλασεν
462 4037 498 4104 ἡ
541 4031 718 4114 μήτηρ
742 4032 838 4106 τὴν
877 4034 1161 4116 θυγατέρα·
1189 4035 1354 4114 ταύτῃ
1397 4034 1452 4094 δὲ
1494 4041 1742 4098 συνοικῶν

179 4121 428 4200 βούλεται
468 4119 564 4193 τὴν
605 4120 892 4182 Ἐπιλύκου
921 4122 1176 4204 θυγατέρα
1200 4124 1401 4196 λαὸεἴν,
1428 4122 1494 4182 ἵν’
1521 4125 1738 4208 ἐξελάσῃ

175 4209 266 4282 τὴν
291 4209 461 4283 τήθην
486 4215 520 4282 ἦ
549 4211 846 4291 θυγατριδῆ.
880 4213 996 4290 (129)
1023 4211 1183 4271 Ἀλλὰ
1210 4211 1311 4293 γὰρ
1334 4215 1409 4293 τῷ
1437 4212 1629 4293 παιδίῳ
1654 4216 1740 4272 αὖ·

173 4301 262 4356 τοῦ
289 4299 350 4356 τί
370 4295 480 4377 χρὴ
501 4295 731 4374 τοῦνομα
752 4298 955 4374 θέσθαι;
977 4291 1124 4378 οἶμαι
1145 4299 1248 4380 γὰρ
1266 4299 1427 4378 ἔγωγε
1449 4299 1628 4360 οὐδένα
1653 4301 1737 4361 οὕ·

175 4409 270 4452 τως
295 4385 498 4464 ἀγαθὸν
526 4377 660 4445 εἶναι
685 4387 1003 4466 λογίζεσθαι,
1037 4387 1176 4456 ὅστις
1211 4387 1471 4470 ἐξευρήσει
1510 4388 1737 4468 τοῦνομα

177 4485 352 4542 αὐτοῦ.
375 4485 556 4566 Τριῶν
572 4482 675 4564 γὰρ
699 4485 862 4542 οὐσῶν
885 4488 1141 4562 γυναικῶν
1163 4475 1241 4551 αἶς
1261 4483 1572 4566 συνῳκηκὼς
1589 4483 1736 4544 ἔσται

113 4592 138 4630 5
176 4569 408 4651 ὃπατὴρ
445 4573 636 4645 αὐτοῦ,
674 4577 766 4644 τῆς
796 4571 890 4652 μὲν
922 4573 1027 4640 υἱός
1059 4577 1222 4650 ἐστιν,
1251 4571 1320 4640 ὥς
1365 4596 1518 4655 φησι,
1545 4577 1637 4646 τῆς
1682 4573 1736 4634 δὲ

173 4659 418 4741 ἀδελφός,
441 4664 537 4732 τῆς
562 4659 616 4718 δὲ
645 4663 794 4730 θεῖος.
877 4661 972 4729 Τίς
999 4660 1062 4720 ἂν
1087 4660 1167 4734 εἴη
1195 4653 1364 4735 οὗτος
1394 4659 1669 4735 Οἰδίπους,
1699 4661 1734 4734 ἢ

173 4747 416 4827 Αἴγισθος
433 4769 452 4825 ;
472 4747 508 4820 ἣ
535 4747 590 4808 τί
613 4747 720 4828 χρὴ
747 4749 900 4808 αὐτὸν
926 4749 1218 4828 ὀνομάσας

249 4857 347 4899 1³0.
393 4835 558 4897 Ἆλλὰ
583 4837 715 4917 γάρ,
739 4827 784 4897 ὦ
811 4837 988 4918 ἄνδρες
1005 4886 1022 4917 ‚
1053 4838 1224 4920 βραχύ
1247 4861 1298 4896 τι
1331 4841 1467 4914 ὑμᾶς
1495 4840 1734 4914 ἀναμνῆ-

171 4945 253 4981 σαι
281 4921 403 5002 περὶ
436 4923 677 4984 Καλλίου
705 4923 979 5002 βούλομαι.
1043 4927 1109 4985 Εἰ
1137 4923 1236 5006 γὰρ
1261 4923 1556 5002 μέμνησθε,
1590 4923 1676 4984 ὅτε
1697 4929 1731 4996 ἡ

170 5011 310 5079 πόλις
333 5004 470 5092 ἦρχε
498 5015 603 5071 τῶν
629 5011 899 5084 Ἑλλήνων
919 5013 1010 5072 καὶ
1035 5012 1328 5090 εὖδαιμόνει
1343 5013 1603 5092 μάλιστα,
1623 5012 1732 5073 Ἱπ-

169 5099 370 5168 πόνικος
397 5098 454 5158 δὲ
475 5090 542 5172 ἦν
561 5099 950 5168 πλουσιώτατος
971 5106 1071 5162 τῶν
1093 5101 1389 5180 Ἑλλήνων,
1414 5102 1532 5162 τότε
1556 5101 1732 5179 μέντοι

168 5187 350 5256 πάντες
374 5187 493 5247 ἴστε
523 5187 607 5246 ὅτι
640 5190 787 5269 παρὰ
819 5190 924 5257 τοῖς
949 5189 1243 5271 παιδαρίοις
1271 5191 1375 5259 τοῖς
1407 5190 1732 5270 μικροτάτοις

103 5291 145 5330 ιο
169 5276 252 5334 καὶ
273 5281 378 5344 τοῖς
402 5276 640 5357 γυναίοις
668 5274 876 5357 κλῃδὼν
899 5279 954 5338 έν
982 5279 1162 5359 ἁπάσῃ
1191 5282 1255 5360 τῇ
1281 5279 1431 5339 πόλει
1452 5277 1729 5359 κατέσχεν,

167 5363 238 5423 ὅτι
275 5363 580 5433 Ἱππόνικος
613 5367 670 5424 ἐν
698 5370 765 5438 τῆ
798 5366 937 5449 οἰκία
965 5366 1228 5448 ἀλιτήριον
1256 5367 1457 5451 τρέφει,
1487 5366 1540 5436 ὃς
1570 5371 1729 5430 αὐτοῦ

1866 781 2046 832 callias
2068 783 2366 834 Ischomachi
2385 783 2497 836 filiae
2514 784 2713 835 domum
2734 784 2894 838 duciae
2912 787 3173 840 secundam
3188 802 3414 854 uxorem,

1865 871 2073 918 matrem
2094 869 2199 930 ejus
2210 907 2226 933 ,
2246 882 2379 920 anno
2396 869 2555 933 primo
2574 869 2867 922 matrimonii
2886 871 3103 922 nondum
3122 875 3295 924 exacto
3310 911 3326 936 ‚
3344 889 3418 926 su-

1865 950 2139 1014 perinduxit
2160 971 2172 1003 ι
2200 953 2269 1004 sic
2290 953 2436 1003 homo
2460 953 2678 1004 omnium
2696 955 3177 1006 consceleratissimus
3192 969 3305 1006 cum
3322 957 3419 1010 lilia

1862 1037 1912 1086 et
1939 1048 2053 1085 cum
2073 1039 2229 1087 matre
2254 1037 2361 1100 eius
2378 1051 2483 1088 rem
2507 1038 2705 1103 babuit3
2732 1039 2795 1090 ad
2812 1039 3089 1103 exemplum
3109 1054 3283 1106 nempe
3300 1042 3418 1092 dea-

1863 1135 1970 1171 rum
1983 1160 1998 1185 ‚
2026 1134 2233 1185 quarum
2250 1122 2516 1173 sacerdotio
2537 1123 2769 1187 fungitur,
2798 1125 3061 1189 matrisque
3077 1128 3128 1178 et
3148 1127 3261 1178 filia·
3272 1162 3288 1189 ,
3310 1142 3417 1186 am-

1861 1205 1949 1256 bas
1972 1219 2067 1255 una
2082 1206 2227 1256 domo
2248 1219 2415 1256 secum
2435 1206 2659 1258 babwat.
2737 1206 2865 1271 (125)
2887 1210 2952 1260 Et
2966 1209 3048 1263 ille
3062 1211 3258 1274 quidem
3280 1215 3413 1264 nullo
3434 1273 3439 1277 ,

1859 1286 2125 1342 ducebatur
2146 1291 2358 1355 pudore,
2386 1290 2520 1340 nulla
2550 1291 2819 1342 reverentia
2840 1291 3040 1343 dearum
3072 1313 3084 1344 ε
3117 1295 3415 1347 Ischomachi

1857 1375 2023 1430 autem
2040 1375 2139 1424 filia
2158 1375 2367 1427 moriem
2384 1374 2471 1426 sibi
2490 1376 2641 1438 magis
2658 1376 2883 1440 expedire
2906 1377 3135 1430 arbitrata
3147 1417 3163 1443 ‚
3177 1391 3327 1445 quam
3343 1383 3411 1433 vi·

1857 1457 1961 1518 tam
1983 1459 2085 1507 tam
2101 1456 2351 1520 acerbam,
2369 1459 2543 1521 laqueo
2564 1458 2744 1508 collum
2755 1458 2859 1522 jam
2880 1459 3129 1511 inuexerat
3140 1479 3157 1524 ς
3176 1463 3259 1514 sed
3275 1479 3411 1516 exso-

1859 1539 1962 1590 lula
1992 1541 2081 1589 est.
2170 1543 2295 1590 Tum
2316 1538 2378 1589 ad
2403 1540 2553 1590 vitam
2590 1554 2783 1591 reversa
2814 1555 2843 1592 e
2870 1542 3019 1593 domo
3045 1544 3207 1596 Galliae
3233 1546 3411 1600 disces·

1856 1622 1919 1673 sit
1942 1639 1953 1671 :
1980 1623 2049 1673 sic
2066 1623 2223 1673 mater
2240 1623 2390 1674 mium
2408 1623 2459 1674 in
2476 1625 2637 1688 mgam
2656 1627 2767 1690 egit.
2789 1631 2972 1679 verum
2988 1629 3069 1680 ina
3086 1643 3281 1695 quoque
3297 1619 3414 1686 max

1857 1707 2120 1758 exsatiatus
2139 1708 2286 1758 etiam
2300 1709 2503 1758 matrem
2520 1709 2677 1772 ejecit.
2704 1712 2768 1762 At
2780 1711 2862 1762 illa
2881 1725 2933 1762 se
2950 1715 3195 1776 gravidam
3212 1729 3241 1766 e
3266 1718 3412 1769 Callia

1856 1791 2069 1842 fatetur:
2099 1791 2307 1854 denique
2326 1805 2533 1856 puerum
2564 1795 2779 1857 enititur,
2801 1797 2975 1849 callias
3005 1811 3121 1850 vero
3140 1800 3279 1851 illum
3299 1802 3411 1852 infi-

1853 1872 2003 1922 tiatur
2014 1885 2044 1922 a
2061 1887 2113 1924 se
2129 1877 2449 1937 procreatum.
2513 1876 2643 1940 (126)
2662 1880 2787 1928 Tum
2805 1880 3053 1932 necessarii
3072 1882 3287 1934 mulieris
3298 1898 3412 1948 pue·

1855 1966 1965 2004 rum
1998 1955 2117 2006 festo
2153 1958 2493 2022 Apaturiorum
2513 1960 2575 2010 ad
2605 1972 2741 2010 aram
2772 1961 3074 2014 adducebanl
3088 1999 3103 2024 ,
3126 1966 3177 2014 et
3212 1966 3412 2017 Calliam

1853 2039 2061 2090 exordiri
2077 2053 2211 2091 sacra
2224 2041 2477 2104 iubebant.
2550 2043 2636 2094 llle
2661 2044 2769 2094 tum
2790 2046 3086 2109 percontari,
3106 2047 3239 2110 cuias
3256 2049 3412 2100 intans

1851 2124 2003 2185 essen
2020 2123 2073 2174 bi
2091 2125 2401 2187 respondere,
2420 2137 2521 2176 esse
2540 2126 2733 2187 calliae,
2757 2126 2842 2176 filii
2860 2128 3129 2191 Hipponici.
3198 2149 3223 2173 ιι
3249 2135 3348 2194 Ego
3370 2133 3411 2182 is

1851 2217 1959 2254 sum
1974 2242 1990 2268 ,
2023 2223 2047 2248 υ
2080 2205 2237 2268 inquit
2272 2205 2463 2256 callias.
2558 2225 2583 2250 «ι
2612 2207 2676 2257 1-:t
2712 2207 2790 2257 hic
2816 2208 2890 2258 est
2924 2208 3053 2259 filius
3080 2211 3213 2260 tuus.
3246 2231 3272 2256 ι»
3302 2214 3411 2263 cal·

1851 2287 1940 2338 lias
1968 2299 2086 2337 vero
2101 2323 2117 2349 ‚
2152 2299 2286 2337 aram
2321 2301 2469 2337 manu
2493 2289 2687 2352 tenens,
2707 2289 2899 2352 negavit
2941 2291 3139 2355 jurans,
3157 2293 3305 2344 alium
3320 2295 3410 2346 sibi

1851 2367 2005 2420 fillum
2023 2383 2125 2421 esse
2154 2372 2239 2421 aut
2259 2385 2474 2436 unquam
2498 2373 2643 2423 fuisse
2664 2375 2839 2437 praeter
2864 2375 3183 2438 Hipponicum
3210 2389 3238 2425 ο
3258 2377 3407 2428 Glau-

1849 2452 1983 2502 conis
2008 2453 2103 2503 lilia
2121 2455 2395 2518 susceptum
2417 2474 2430 2506 ε
2454 2455 2527 2506 sin
2549 2456 2711 2506 autem
2730 2455 2885 2507 sciens
2904 2458 3065 2521 sallat,
3082 2459 3209 2510 velle
3245 2460 3301 2509 ut
3340 2461 3407 2511 dii

1847 2534 2175 2598 seipsumque
2201 2549 2446 2600 genusque
2473 2538 2633 2588 totum
2651 2537 2855 2601 perdant
2886 2558 2900 2589 ε
2935 2539 2985 2589 id
3011 2539 3143 2602 quod
3162 2540 3309 2591 etiam
3338 2542 3408 2592 sic

1848 2615 1947 2666 liet.
2016 2617 2144 2681 (127)
2158 2619 2414 2682 interjecto
2430 2620 2650 2683 tempore
2665 2634 2831 2672 rursus
2842 2659 2858 2684 ‚
2876 2635 2907 2671 o
2922 2621 3011 2671 viri
3024 2659 3039 2684 ‚
3058 2635 3222 2673 amore
3240 2624 3407 2687 captus

1847 2699 2024 2751 callias
2044 2713 2166 2750 anus
2200 2700 2530 2752 audacissimoe
2562 2703 2810 2765 ipsamque
2840 2702 2973 2753 domi
2994 2715 3097 2754 suae
3130 2704 3325 2769 recipit,
3356 2707 3406 2756 et

1845 2783 1999 2834 filium
2023 2783 2129 2845 ejus
2140 2784 2243 2846 jam
2268 2783 2488 2834 adultum
2499 2820 2516 2847 ,
2540 2785 2673 2835 aiens
2696 2784 2853 2835 filium
2873 2798 3017 2836 suum
3038 2799 3168 2850 esse,
3192 2787 3242 2836 in
3259 2790 3405 2852 cery-

1845 2879 1959 2916 cum
1974 2865 2161 2918 inducit
2176 2865 2449 2934 collegium.
2468 2865 2829 2930 obloquebatur
2850 2866 3045 2930 quidem
3064 2867 3295 2932 callides,
3314 2883 3402 2919 ne-

1843 2961 1959 3012 gans
1969 2947 2097 3000 hunc
2108 2961 2311 3012 puerum
2325 2947 2468 3011 recipi
2478 2949 2727 3011 oportere;
2743 2951 2945 3012 ceryces
2960 2950 3123 3000 tamen
3138 2951 3401 3003 secundum

1841 3031 1975 3082 illam
2000 3031 2153 3093 legem
2169 3029 2436 3080 sciscebant
2459 3044 2523 3081 ex
2554 3043 2653 3094 qua
2674 3029 2789 3080 licet
2805 3030 2931 3093 patri
2961 3029 3116 3080 lilium
3143 3030 3399 3098 inducere,

1843 3113 1925 3164 ubi
1944 3112 2179 3175 juraverit
2200 3126 2314 3162 eum
2334 3125 2501 3162 revera
2524 3111 2676 3162 filium
2703 3125 2846 3163 suum
2864 3126 2982 3163 esse.
3058 3115 3170 3164 Jam
3196 3115 3398 3180 callias,

1839 3207 1973 3246 aram
1996 3194 2218 3246 manibus
2229 3195 2395 3245 tenens
2407 3231 2423 3258 ,
2433 3193 2743 3257 iureiurando
2765 3193 3090 3257 confirmavit,
3108 3194 3239 3244 hunc
3254 3209 3399 3247 suum

1840 3291 1943 3328 esse
1962 3278 2115 3328 lilium
2128 3315 2144 3341 ‚
2176 3277 2387 3340 legitime
2409 3275 2501 3326 sibi
2522 3289 2551 3326 e
2582 3275 2841 3339 Chrysiade
2862 3277 3060 3339 natum3
3082 3276 3219 3327 illum
3242 3277 3397 3340 ipsum

1839 3372 1985 3423 quem
2010 3358 2193 3420 pridem
2224 3359 2392 3422 jurans
2420 3360 2673 3422 negaverat
2689 3372 2831 3409 suum
2848 3372 2967 3410 esse.
2988 3358 3095 3411 cita
3110 3361 3165 3410 tu
3183 3359 3301 3410 mibi
3313 3359 3395 3411 bo-

1839 3455 1951 3492 rum
1972 3441 2190 3492 omnium
2206 3442 2369 3492 testes,

2492 3611 2739 3660 TESTES.

1901 3783 2006 3828 128.
2038 3781 2161 3840 Age,
2186 3777 2303 3840 viri,
2323 3776 2803 3841 circumspectemus,
2826 3788 2945 3827 uum
2970 3788 3171 3840 usquam
3191 3778 3392 3830 Graecioe

1831 3868 2075 3932 patratum
2088 3868 2161 3936 ‘sit
2176 3866 2218 3929 ej
2224 3867 2411 3917 usmodi
2427 3866 2629 3929 facinus,
2643 3867 2717 3926 ut,
2726 3879 2875 3930 quam
2888 3865 2997 3930 quis
3008 3879 3209 3917 uxorem
3222 3865 3391 3918 duxis-

1819 3957 1931 4018 -set,
1968 3955 2184 4019 ejusdem
2222 3954 2435 4005 mulieris
2459 3955 2665 4004 matrem
2699 3952 3114 4018 superinduceret,
3148 3955 3393 4020 filiamque

1831 4045 2092 4108 expelleret
2110 4045 2265 4094 mater
2281 4058 2294 4093 :
2310 4043 2389 4093 cui
2406 4042 2685 4093 cohabitans
2700 4055 2831 4092 nuuc
2854 4041 3036 4105 Epilyci
3061 4042 3213 4092 filiam
3232 4042 3392 4094 adbuc

1830 4134 1937 4184 vult
1958 4131 2343 4196 superinducere,
2359 4145 2455 4195 quo
2465 4143 2640 4194 nempe
2652 4131 2807 4193 neptis
2818 4130 2976 4180 aviam
2990 4131 3213 4193 expellat.
3259 4131 3389 4196 (129)

1829 4223 1891 4272 At
1913 4221 2014 4270 lilio
2037 4220 2201 4271 calliae
2222 4218 2408 4282 ecquod
2436 4230 2613 4268 nomen
2634 4217 2815 4282 imponi
2831 4230 2917 4281 par
2936 4217 3056 4268 erit?
3142 4219 3265 4268 Nam
3300 4233 3390 4284 ego

1829 4309 2025 4373 quidem
2054 4309 2255 4372 despero
2290 4309 2395 4358 tam
2411 4307 2634 4358 solertem
2665 4307 2911 4370 repertum
2945 4305 3005 4356 iri
3036 4304 3357 4369 coniectorem
3370 4349 3385 4374 ,

1827 4397 1912 4462 qui
1929 4397 1980 4447 id
2005 4397 2203 4449 divinet.
2230 4401 2347 4448 Tres
2363 4396 2493 4447 enim
2517 4409 2673 4459 quum
2686 4395 2784 4446 sint
2808 4395 3049 4458 mulieres,
3069 4396 3241 4460 quibus
3253 4397 3389 4460 pater

1827 4486 1930 4550 ejus
1946 4487 2177 4537 uxoribus
2192 4500 2307 4537 usus
2332 4487 2432 4550 est,
2452 4485 2578 4536 idem
2606 4484 2700 4536 erit
2719 4497 2885 4535 earum
2907 4484 3049 4535 unius
3065 4485 3194 4536 iilius
3205 4522 3221 4548 ‚
3240 4500 3385 4549 quem

1826 4577 1927 4640 ipse
1952 4589 2055 4626 sese
2084 4576 2203 4636 sert,
2230 4575 2423 4624 alterius
2448 4573 2611 4635 irater,
2634 4573 2792 4623 tertioe
2816 4575 3032 4636 patruus.
3109 4575 3286 4638 Ecquis
3306 4575 3387 4624 bic

1825 4666 1948 4716 erit?
1972 4665 2176 4728 OEdipus
2197 4676 2259 4714 an
2278 4663 2549 4727 AEgisthusl’
2563 4664 2647 4713 aut
2669 4676 2767 4726 quo
2784 4662 2981 4714 taudem
3002 4661 3195 4714 nomine
3220 4663 3383 4726 appel·

1825 4753 1995 4804 landus
2017 4755 2121 4803 est?

1890 4848 1995 4892 130.
2030 4843 2252 4904 Superest
2272 4841 2430 4890 adhuc
2454 4852 2609 4889 unum
2623 4875 2637 4898 ,
2656 4839 2779 4902 viri,
2800 4839 3040 4890 minutum
3058 4840 3178 4904 quid
3194 4840 3255 4890 de
3272 4841 3383 4890 Gal-

1821 4931 1886 4981 lia
1916 4930 2055 4981 vobis
2074 4930 2126 4980 in
2150 4930 2431 4980 memoriam
2449 4929 2789 4980 revocandum.
2842 4933 3131 4993 Temporum
3151 4929 3309 4978 adbuc
3342 4929 3383 4980 si

1823 5019 2105 5070 meministis
2128 5019 2301 5082 quibus
2317 5019 2487 5069 civitas
2516 5021 2679 5069 nostra
2709 5018 2911 5069 Graeciae
2935 5017 3157 5081 princeps
3180 5017 3310 5078 erat,
3333 5016 3383 5066 et

1825 5107 2122 5171 Hipponicus
2150 5111 2433 5159 Graecorum
2456 5106 2883 5171 locupletissimus,
2908 5105 3057 5156 nostis
3078 5105 3129 5154 iu
3146 5116 3229 5154 ore
3258 5115 3378 5166 pue-

1821 5197 2039 5248 rulorum
2074 5198 2151 5248 vel
2186 5197 2612 5248 infantissimorum
2646 5197 2697 5246 et
2726 5194 3111 5245 muliercularum
3140 5193 3381 5244 versatam

1822 5301 1925 5338 esse
1944 5288 2121 5338 famam
2131 5323 2148 5350 ,
2168 5287 2271 5338 tota
2288 5288 2409 5337 urbe
2427 5286 2645 5349 diditam,
2664 5283 2984 5348 Hipponicum
2999 5281 3133 5332 domi
3149 5282 3239 5334 sibi
3253 5283 3382 5335 alere

1820 5378 2069 5431 hominem
2111 5377 2401 5442 piacularem
2414 5413 2430 5440 ,
2469 5375 2553 5440 qui
2606 5385 2822 5426 mensam
2850 5371 2967 5438 ejus
2999 5371 3065 5424 sit
3102 5385 3376 5428 eversum.
