3825 5842
1211 503 1608 567 IsoanTts
1651 504 2315 571 PANATHENAICUS.

3232 522 3345 575 1⁷5

169 632 394 712 ἀσφαλῦς
435 629 801 692 πολιτεύεσθαι
841 626 981 708 μετὰ
1017 628 1214 690 τούτων
1257 633 1542 706 οἰκοῦντες,
1578 632 1700 713 περὶ
1787 640 1945 691 solum
1967 645 2017 692 et
2047 641 2307 692 honoribus
2334 641 2573 706 exceptis,
2594 641 2687 692 t'rui
2711 642 2838 706 pati,
2860 656 2983 706 quos
3005 643 3346 708 Spartanorum

168 720 246 787 οὓς
265 719 334 780 τὰ
353 719 574 798 μέγιστα
597 722 944 800 τυγχάνωσιν
961 717 1402 799 ἐξημαρτηκότες·
1439 719 1625 788 αὖτοὺς
1652 721 1698 779 δ’
1727 733 1764 776 c
1789 730 2187 794 prudentissimos
2210 731 2340 782 recte
2372 744 2540 795 sapere
2569 745 2768 795 negare,
2801 732 2845 782 si
2880 731 3155 784 existiment
3176 731 3271 784 sibi
3302 739 3353 785 et

169 807 302 868 οὐδὲν
335 806 530 869 τούτων
571 811 766 884 ποιεῖν,
816 804 956 866 ἀλλὰ
997 805 1148 886 παρὰ
1191 806 1338 890 σφίσι
1385 808 1480 886 μὲν
1532 809 1703 874 αὖτοῖς

168 896 416 974 ἰσονομίαν
445 899 778 969 καταστῆσαι
803 895 894 954 καὶ
917 895 1278 975 δημοκρατίαν
1299 895 1566 970 τοιαύτην,
1586 894 1701 956 οἵαν

113 1008 134 1046 ε
169 1005 258 1046 ‘rin
269 982 372 1066 χρὴ
391 983 510 1054 τοὺς
529 985 816 1064 μέλλοντας
829 981 1042 1044 ἅπαντα
1061 984 1152 1044 τὸν
1172 984 1358 1064 χρόνον
1379 983 1704 1062 ὁμονοήσειν,

169 1097 248 1134 τον
266 1072 318 1132 δὲ
339 1073 502 1148 δῆμον
526 1072 820 1154 περιοίκους
846 1072 1201 1148 ποιήσασθαι,
1221 1072 1706 1152 καταδουλωσαμέ-

171 1160 936 1245 νουςαῦιῦντὸςψυχδιςοῦδὶν
959 1155 1120 1234 ἧττον
1143 1160 1180 1234 ἢ
1209 1161 1304 1232 τὰς
1325 1167 1434 1223 τῶν
1463 1167 1700 1224 οἰκετῶν·

173 1249 280 1332 (m)
304 1256 471 1310 ταῦτα
507 1250 566 1312 δὲ
608 1251 905 1334 πράξαντας
946 1255 1040 1322 τῆς
1085 1249 1262 1332 χώρας
1275 1295 1293 1326 ,
1336 1243 1398 1323 ἧς
1443 1256 1706 1332 προσῆκεν

170 1339 268 1400 ἴσον
305 1339 440 1420 ἔχειν
468 1336 708 1414 ἕκαστον,
733 1339 920 1408 αὐτοὺς
947 1338 1048 1418 μὲν
1087 1339 1270 1402 λαὸεἶν
1306 1340 1512 1418 ὀλίγους
1557 1340 1709 1408 ὄντας

109 1454 149 1494 ιο
169 1431 220 1490 οὗ
245 1431 392 1508 μόνον
420 1429 516 1502 τὴν
545 1429 783 1511 ἀρίστην,
805 1427 943 1490 ἀλλὰ
959 1428 1052 1488 καὶ
1077 1427 1335 1502 τοσαύτην
1355 1428 1487 1502 ὅσην
1509 1429 1710 1496 οὐδένες

1790 817 2069 883 reipublicae
2082 817 2202 869 nihil
2219 819 2280 869 ab
2298 819 2357 870 iis
2375 833 2477 870 esse
2500 819 2715 883 periculi,
2737 833 2857 883 quos
2875 819 3140 882 insignibus
3156 821 3347 883 injuriis

1791 907 2042 958 affecerint
2077 927 2091 958 ε
2128 907 2261 971 ipsos
2296 919 2411 958 vero
2448 908 2568 958 nihil
2603 908 2699 960 tale
2745 909 2927 970 facere,
2966 908 3051 958 sed
3088 909 3214 960 inter
3247 920 3355 960 sese

1793 995 2115 1058 equalitatem
2139 997 2191 1046 et
2206 995 2545 1046 democratiam
2571 995 2807 1058 eiusmodi
2829 997 3167 1060 constituisse,
3198 998 3357 1062 qualis

1795 1081 1965 1133 deceat
1994 1097 2077 1134 eos
2108 1085 2191 1147 qui
2215 1087 2445 1148 perpetuo
2467 1083 2727 1136 concordes
2745 1099 2852 1135 esse
2890 1085 3123 1149 debeant3
3160 1083 3353 1150 plebem

1793 1174 1957 1222 autem
1973 1172 2153 1222 circum
2168 1185 2221 1222 se
2236 1173 2287 1223 in
2305 1172 2477 1223 vicinia
2495 1173 2771 1236 collocasse,
2788 1172 3017 1224 servitute
3041 1173 3281 1238 oppressis
3298 1171 3356 1224 it·

1793 1259 1951 1310 lorum
1965 1260 2137 1310 animis
2157 1274 2253 1311 non
2270 1261 2433 1312 minus
2448 1275 2595 1325 quam
2613 1274 2882 1312 servorum.
2910 1261 3038 1326 (179)
3058 1266 3180 1322 Quae
3202 1275 3355 1328 quum

1795 1347 2130 1412 perfecissent,
2171 1349 2297 1412 agri,
2330 1362 2473 1413 quem
2494 1349 2621 1400 inter
2650 1363 2817 1400 omnes
2851 1350 3099 1413 aequaliter
3122 1363 3228 1400 esse
3251 1351 3351 1400 dis-

1795 1435 2029 1486 tributum
2046 1439 2347 1500 oportuerat,
2374 1437 2502 1522 ipsos
2519 1438 2603 1500 qui
2625 1438 2764 1500 pauci
2786 1442 2972 1500 esseut,
2998 1452 3096 1488 non
3121 1439 3354 1502 optimam

171 1523 261 1577 τῶν
284 1517 553 1591 Ἑλλήνων
583 1516 794 1598 ἔχουσι,
820 1522 898 1600 τῷ
933 1517 990 1577 δὲ
1028 1518 1215 1590 πλήθει
1240 1519 1544 1592 τηλικοῦτον
1575 1520 1710 1578 ἀπο·
1736 1508 1778 1573 d
1795 1522 1966 1586 modo,
1986 1523 2073 1574 sed
2092 1525 2238 1574 etiam
2261 1528 2442 1576 tantam
2460 1525 2731 1575 vindicasse
2748 1530 2963 1590 partem,
2984 1527 3213 1589 quantam
3240 1525 3361 1576 nulli

171 1611 329 1684 νεῖμαι
347 1604 501 1688 μέρος
517 1609 616 1678 τῆς
627 1604 891 1688 χειρίστης
912 1603 1037 1666 ὥστ’
1059 1601 1314 1674 ἐπιπόνως
1337 1604 1706 1686 ἐργαζομένους

172 1697 304 1773 μόλις
329 1693 464 1777 ἔχειν
496 1693 561 1754 τὸ
587 1697 704 1753 καθ’
742 1691 965 1775 ἡμέραν·
1005 1691 1139 1772 μετὰ
1169 1692 1223 1751 δὲ
1251 1699 1417 1752 ταῦτα
1448 1691 1706 1760 διελόντας

169 1782 222 1842 τὸ
245 1783 430 1856 πλῆθος
451 1783 626 1842 αὖτῶν
645 1783 717 1850 ὡς
741 1773 845 1841 οἶόν
865 1785 915 1840 τ’
931 1771 995 1853 ἦν
1015 1781 1086 1849 εἰς
1108 1781 1411 1861 ἐλαχίστους
1430 1783 1499 1849 εἷς
1519 1778 1707 1849 τόπους

107 1898 148 1936 ιι
171 1871 448 1932 κατοικίσαι
475 1869 692 1952 μικροὺς
717 1869 809 1930 καὶ
845 1868 1101 1943 πολλούς,
1126 1869 1348 1950 ὀνόμασι
1378 1867 1472 1948 μὲν
1505 1894 1704 1951 προσα·

171 1960 516 2042 γορευομένους
559 1962 631 2027 ὡς
675 1957 854 2025 πόλεις
901 1961 1192 2031 οἰκοῦντας,
1250 1956 1346 2030 τὴν
1392 1957 1447 2017 δὲ
1488 1957 1706 2036 δύναμιν

171 2050 366 2132 (Rostag
389 2049 598 2110 ἐλάττω
621 2049 726 2107 τῶν
747 2047 934 2126 δήμων
957 2051 1062 2107 τῶν
1087 2046 1216 2128 παρ’
1235 2051 1384 2123 ἡμῖν·
1409 2048 1523 2126 (rso)
1548 2046 1708 2106 ἃπάν·

167 2161 260 2198 των
281 2140 324 2198 δ’
351 2134 814 2219 ἀποστερήσαντας
849 2133 1034 2203 αὐτοὺς
1055 2127 1132 2195 ὦν
1168 2135 1422 2216 προσήκει
1466 2133 1703 2215 μετέχειν

1793 1611 2075 1662 Graecorum
2098 1612 2324 1674 habeant,
2345 1615 2395 1662 et
2414 1612 2707 1663 multitudini
2728 1618 2914 1664 tantum
2924 1613 3194 1664 deterrimae
3218 1619 3359 1664 terro

1791 1699 2097 1764 impertiisse,
2116 1706 2174 1751 ut
2192 1714 2361 1764 magno
2380 1701 2539 1752 labore
2555 1702 2635 1752 vix
2655 1701 2873 1752 excolere
2890 1703 3104 1766 possint,
3124 1707 3359 1766 quantum

1793 1785 1856 1837 ad
1896 1787 2047 1838 vitam
2085 1788 2447 1838 sustentandam
2487 1788 2552 1839 sit
2584 1790 2907 1840 necessarium
2945 1804 2962 1838 z
3004 1795 3170 1853 postea
3206 1789 3361 1840 divisa

1799 1875 1932 1944 inopi
1954 1875 2261 1927 multitudine
2282 1877 2333 1926 in
2355 1877 2686 1941 paucissimos,
2708 1879 2757 1928 in
2780 1879 2945 1942 parvis
2968 1881 3018 1928 et
3049 1878 3212 1928 multis
3228 1878 3361 1943 oppi⁴

1794 1967 1925 2030 dalis
1946 1968 2232 2032 collocasse,
2255 1971 2339 2033 qui
2360 1983 2511 2032 quum
2536 1969 2596 2020 iis
2612 1971 2888 2022 nominibus
2909 1970 3207 2034 appellentur
3222 1969 3361 2034 quasi

1795 2057 2014 2107 civitates
2032 2057 2255 2120 incolant,
2267 2071 2435 2108 revera
2448 2058 2609 2108 minus
2622 2059 2923 2110 auctoritatis
2934 2063 3143 2122 etopum
3158 2057 3365 2110 habeant

1797 2158 1943 2209 quam
1961 2146 2109 2196 nostri
2128 2146 2251 2210 pagi.
2286 2145 2417 2210 (180)
2436 2149 2601 2205 Quum
2618 2149 2779 2198 autem
2801 2147 2871 2198 eis
2889 2147 3175 2210 eripuissent
3202 2146 3363 2198 omnia

168 2225 274 2296 τοὺς
288 2223 605 2308 ἔλωθίρους,
619 2223 742 2293 τοὺς
759 2223 1030 2291 πλείσταις
1049 2225 1302 2284 ίπιθεῖναι
1326 2227 1432 2282 τῶν
1456 2223 1702 2283 κινδύνων
1732 2242 1769 2285 e
1799 2246 1910 2297 quas
1931 2233 2092 2284 liberis
2110 2233 2385 2285 hominibus
2402 2234 2719 2299 permittenda
2736 2239 2877 2297 sunt,
2902 2236 3161 2286 maximam
3180 2235 3364 2298 pericu·

111 2347 154 2386 20
171 2316 348 2384 αὐτοῖς·
387 2313 440 2376 ἔν
467 2338 528 2374 τε
555 2314 660 2395 γὰρ
693 2317 810 2381 ταῖς
835 2310 1130 2394 στρατείαις
1185 2302 1270 2380 αἶς
1307 2317 1518 2390 ἡγεῖται
1551 2315 1704 2392 βασι-

1794 2319 1954 2371 lorum
1982 2326 2165 2384 partem
2202 2322 2251 2371 in
2272 2335 2356 2372 eos
2395 2321 2665 2374 inclinasse.
2730 2324 2852 2372 Nam
2894 2322 2945 2372 in
2982 2320 3363 2386 expeditionibus

91 2403 302 2484 ρῃλεύς,
348 2403 462 2464 κατ’
495 2403 668 2484 ἄνδρα
715 2399 1250 2484 συμπαρατάττεσθαι
1297 2399 1472 2480 σφίσιν
1499 2401 1705 2478 αὐτοῖς,
1736 2420 1773 2461 a
1801 2427 1911 2479 quae
1935 2413 2083 2464 ductu
2106 2413 2231 2476 regis
2250 2413 2384 2474 fiant,
2393 2413 2573 2463 viritim
2590 2413 2641 2464 in
2661 2412 2762 2466 acie
2780 2413 2923 2475 iuxta
2940 2416 3200 2476 Spartanos
3216 2415 3361 2476 stare,

172 2493 314 2561 ἐνίους
338 2491 394 2552 δὲ
427 2490 522 2552 καὶ
555 2495 649 2564 τῆς
690 2490 906 2572 πρώτης
935 2489 1157 2562 τάττειν,
1181 2487 1272 2548 ἐάν
1297 2486 1356 2546 τε’
1379 2510 1484 2547 που
1515 2488 1708 2559 δεῆσαν

175 2580 340 2650 αὐτοὺς
368 2579 643 2664 ὶκπίμψαι
677 2577 918 2660 βοήθειαν
942 2577 1239 2660 <poenosum
1259 2575 1296 2649 ἢ
1319 2574 1437 2643 τοὺς
1462 2573 1646 2644 πόνους
1672 2574 1708 2648 ἢ

173 2669 274 2739 τοὺς
291 2671 552 2738 κινδύνους
575 2667 610 2741 ἢ
638 2665 699 2727 τὸ
725 2669 920 2740 πλῆθος
943 2673 1034 2725 τοῦ
1067 2664 1254 2748 χρόνου
1273 2710 1290 2740 ,
1330 2663 1540 2732 τούτους
1576 2667 1708 2723 ἀπο-

111 2783 152 2823 2⁵
175 2757 384 2819 στέλλειν
413 2754 942 2840 προκινδυνεύσοντας
966 2757 1072 2814 τῶν
1098 2753 1291 2813 ἄλλων.
1375 2751 1492 2834 (181)
1525 2751 1633 2813 Καὶ
1661 2749 1711 2811 τί

1797 2501 2032 2567 quosdam
2058 2500 2201 2552 etiam
2228 2501 2369 2564 deligi
2384 2535 2400 2562 ,
2424 2501 2509 2564 qui
2546 2501 2594 2552 in
2616 2501 2772 2565 prima
2792 2501 3022 2564 phalange
3053 2501 3359 2563 collocentur,

1797 2591 1939 2653 etsi,
1964 2603 2117 2654 quum
2140 2589 2301 2653 aliquo
2332 2589 2667 2653 supplementa
2692 2589 2925 2639 mittenda
2952 2594 3067 2640 sunt
3082 2625 3098 2650 ,
3122 2589 3200 2640 vel
3226 2588 3361 2639 labo-

1799 2691 1901 2739 res,
1924 2677 2003 2728 vei
2024 2677 2259 2742 pericula,
2292 2677 2372 2728 vel
2412 2691 2571 2728 moras
2606 2677 2720 2728 belii
2760 2679 3007 2738 metuant,
3048 2676 3137 2728 hos
3174 2679 3365 2728 mittere

1797 2765 1947 2814 moris
1968 2778 2075 2816 esse
2089 2801 2105 2827 ,
2136 2771 2189 2816 ut
2212 2779 2299 2816 sua
2319 2764 2474 2828 capita
2496 2778 2585 2829 pro
2607 2765 2811 2816 aliorum
2840 2765 2997 2816 salute
3025 2765 3248 2828 periculis
3269 2764 3361 2816 ob·

174 2848 242 2907 δεῖ
266 2846 608 2932 μακρολογεῖν
642 2843 852 2912 ἁπάσας
875 2841 1124 2912 διεξιόντα
1145 2841 1238 2911 τὰς
1261 2839 1435 2924 aspa<
1470 2840 1566 2908 τὰς
1591 2839 1710 2922 περὶ
1794 2852 1990 2916 iectent.
2058 2854 2188 2917 (181)
2218 2854 2281 2903 Et
2326 2851 2443 2917 quid
2466 2853 2632 2904 multis
2673 2866 2800 2916 opus
2833 2857 2908 2903 est
2930 2865 3097 2903 omnes
3117 2865 3365 2904 recensere

174 2937 226 2996 τὸ
258 2939 444 3010 πλῆθος
468 2931 807 3017 γιγνομένας,
834 2931 972 2992 ἀλλὰ
1013 2929 1089 3012 μὴ
1133 2929 1193 2990 τὸ
1229 2929 1471 3010 μέγιστον
1501 2927 1710 2988 εἰπόντα
1733 2929 1780 2993 b
1799 2943 2023 3008 iniurias,
2041 2944 2219 3007 quibus
2240 2945 2498 2995 multitudo
2519 2944 2784 2995 afficiatur?
2814 2945 2933 3009 quin
2958 2944 3119 3010 potius
3154 2944 3365 2994 maximo

177 3030 268 3086 τῶν
294 3031 466 3088 κακῶν
494 3024 876 3103 ἀπαλλαγῆναι
909 3023 1014 3082 τῶν
1049 3020 1250 3095 ἄλλως
1285 3022 1392 3078 ὧν
1427 3017 1532 3098 γὰρ
1579 3016 1716 3078 οὕτω

180 3113 263 3194 μὲν
284 3115 336 3186 ἐξ
354 3119 522 3197 ἀρχῆς
539 3110 688 3174 δεινὰ
705 3109 1054 3184 πεπονθότων,
1077 3113 1132 3170 ἐν
1155 3107 1211 3167 δὲ
1228 3111 1335 3177 τοῖς
1353 3111 1579 3188 παροῦσι
1597 3127 1715 3166 και-

115 3233 158 3273 20
180 3213 272 3276 ροῖς
289 3206 568 3287 χρησίμων
586 3201 772 3278 ὄντων,
791 3199 958 3270 ἔξεστι
975 3206 1082 3266 τοῖς
1101 3195 1305 3279 ᾶφόροις
1323 3195 1562 3277 ἀκρίτως
1584 3197 1716 3269 Creo-

179 3299 358 3354 κτεῖναι
370 3291 650 3360 τοσούτους
667 3288 886 3358 ὁπόσους
905 3287 970 3348 ἂν
995 3290 1336 3369 βουληθῶσιν·
1359 3285 1396 3344 ἃ
1413 3289 1520 3352 τοῖς
1539 3284 1716 3352 ἄλλοις

175 3383 417 3466 Ἕλλησιν
461 3381 602 3445 οὐδὲ.
623 3378 746 3450 τοὺς
787 3375 1170 3460 πονηροτάτους
1203 3379 1308 3436 τῶν
1333 3377 1548 3436 οἰκετῶν
1573 3371 1714 3434 ὅσιόν

175 3475 274 3534 ἐστι
291 3473 600 3555 μιαιφονεῖν.

242 3584 328 3626 1⁸2.
359 3563 570 3628 Τούτου
599 3561 648 3620 δ’
677 3555 830 3620 ἕνεκα
867 3555 991 3640 περὶ
1025 3559 1118 3630 τῆς
1145 3552 1454 3629 οἰκειότητος
1483 3552 1575 3612 καὶ
1608 3554 1714 3612 τῶν

117 3681 158 3720 ³5
175 3652 538 3735 ἡμαρτημένων
584 3652 658 3717 εἰς
703 3645 888 3716 αὐτοὺς
931 3645 1018 3708 διὰ
1061 3644 1312 3708 πλειόνων
1363 3645 1591 3718 διῆλθον,
1643 3640 1711 3702 ἵν’

177 3741 359 3823 ἔρωμαι
388 3739 508 3810 τοὺς
547 3734 963 3820 ἀποδεχομένους
994 3732 1206 3804 ἁπάσας
1240 3731 1334 3801 τὰς
1361 3733 1714 3813 Σπαρτιατῶν
1737 3753 1776 3798 c

176 3829 394 3910 πράξεις,
423 3832 470 3890 εἰ
507 3827 603 3890 καὶ
637 3825 832 3894 ταύτας
872 3821 1250 3904 ἀποδέχονται,
1289 3818 1380 3879 καὶ
1405 3817 1496 3887 τὰς
1535 3817 1713 3900 μάχας

177 3919 381 3987 εὗσεὸεἶς
421 3909 557 3978 εἶναι
586 3915 851 3994 νομίζουσι
889 3911 980 3972 καί
1010 3909 1175 3979 καλὰς
1216 3907 1309 3978 τὰς
1335 3907 1464 3990 πρὸς
1502 3905 1713 3976 τούτους

177 4005 518 4088 γεγενημένας.
621 4002 736 4086 (183)
771 3998 918 4081 Ἐγὼ
955 3999 1050 4080 μὲν
1079 3999 1183 4082 γὰρ
1217 4003 1446 4079 ἡγοῦμαι
1480 3995 1716 4076 μεγάλας

115 4125 152 4166 4(
179 4097 261 4156 ,ιὲν
289 4095 446 4164 αὐτὰς
478 4093 793 4175 γεγενῆσθαι
825 4089 916 4149 καὶ
957 4087 1124 4157 δεινὰς
1161 4087 1254 4146 καὶ
1293 4087 1506 4146 πολλῶν
1547 4084 1716 4153 αἰτίας

171 4194 262 4254 τοῖς
287 4184 376 4265 μὲν
397 4185 672 4258 ἡττηθεῖσι
693 4183 889 4254 κακῶν,
906 4179 1012 4246 τοῖς
1033 4175 1088 4237 δὲ
1111 4174 1472 4257 κατορθώσασι
1491 4173 1714 4252 λημμά-

175 4297 282 4352 των,
315 4269 492 4356 ὦνπερ
539 4272 694 4332 ἔνεκα
745 4269 1092 4348 πολεμοῦντες
1135 4265 1348 4326 ἅπαντα
1391 4261 1480 4324 τὸν
1527 4262 1716 4344 χρόνον

177 4365 499 4442 διατελῶσιν,
537 4362 599 4422 οὗ
627 4357 733 4438 μὴν
759 4357 904 4425 ὁσίας
928 4356 1046 4417 οὐδὲ
1071 4354 1240 4424 καλὰς
1258 4353 1376 4414 οὐδὲ
1411 4350 1715 4434 πρεπούσας

176 4458 269 4520 τοῖς
301 4454 486 4534 ἀρετῆς
528 4445 996 4524 ἀντιποιουμένοις,
1023 4441 1100 4523 μὴ
1123 4448 1218 4516 τῆς
1258 4440 1348 4502 ἰπὶ
1377 4443 1481 4502 τῶν
1519 4444 1718 4522 τεχνῶν

101 4555 153 4612 ‚⁴⁵
175 4539 538 4620 ὀνομαζομένης
573 4537 668 4598 καὶ
693 4535 901 4596 πολλῶν
939 4533 1137 4611 ἄλλων,
1168 4529 1305 4592 ἀλλὰ
1349 4535 1443 4604 τ’ῆς
1472 4537 1580 4598 τοῖς
1613 4553 1717 4590 κα-

1802 3031 1931 3082 malo
1964 3031 2147 3096 prolato
2179 3036 2335 3084 cetera
2357 3034 2505 3084 missa
2522 3033 2755 3084 facimus?
2778 3035 2900 3083 Nam
2922 3045 3091 3084 eorum
3118 3031 3205 3097 qui
3232 3035 3283 3083 et
3302 3032 3365 3082 ab

1804 3119 1941 3172 initio
1964 3125 2121 3170 tantas
2140 3121 2423 3172 acerbitates
2446 3121 2655 3185 perpessi
2672 3125 2786 3171 sunt
2815 3127 2865 3172 et
2894 3119 2957 3172 ad
2990 3120 3189 3184 quasvis
3228 3133 3363 3172 occa·

1805 3207 1965 3259 siones
1987 3221 2179 3272 operam
2210 3209 2278 3260 ita
2314 3214 2561 3260 strenuam
2584 3213 2792 3272 navant,
2824 3209 3029 3272 Ephoris
3052 3208 3167 3260 licet
3184 3207 3365 3258 indicta

1802 3311 1947 3350 causa
1960 3301 2035 3351 tot
2045 3299 2281 3362 occidere,
2296 3306 2419 3365 quot
2434 3301 2626 3352 libitum
2642 3301 2714 3352 eis
2729 3302 2901 3352 fuerit:
2918 3314 3031 3365 quse
3048 3300 3247 3365 quidem
3258 3311 3365 3354 11111·

1803 3387 2017 3452 guinaria
2046 3388 2303 3439 crudelitas
2334 3390 2461 3453 apud
2488 3393 2675 3440 ceteros
2709 3393 2909 3442 Graecos
2940 3389 3175 3444 netarium
3192 3390 3365 3454 ,8881118

1803 3475 2027 3538 habetur,
2049 3475 2092 3526 si
2112 3477 2189 3528 vel
2208 3478 2258 3527 in
2276 3475 2626 3542 perditissimos
2643 3491 2809 3529 servos
2825 3483 3123 3530 exerceant.

1869 3573 1975 3620 182.
2008 3570 2082 3620 De
2096 3569 2437 3632 Spartanorum
2452 3575 2613 3622 autem
2636 3567 2685 3620 iu
2700 3569 2835 3622 cives
2846 3569 2961 3620 olim
2974 3583 3089 3622 suos
3106 3570 3293 3624 sevitia
3310 3576 3364 3622 et

1801 3683 2013 3747 peccatis
2037 3683 2089 3734 in
2110 3695 2196 3735 eos
2220 3682 2443 3735 admissis
2459 3683 2569 3735 ideo
2590 3684 2813 3749 pluribus
2830 3683 3064 3747 disserui,
3086 3689 3143 3735 ut
3172 3683 3365 3736 interro·

1800 3814 1963 3865 garem
1996 3815 2079 3854 eos
2118 3800 2204 3865 qui
2244 3801 2367 3851 facta
2386 3799 2577 3852 illorum
2610 3799 2769 3852 omnia
2804 3800 3037 3865 probant,
3067 3813 3185 3849 num
3215 3799 3363 3850 etiam

1802 3919 1909 3970 inec
1941 3918 2138 3970 iaudent
2159 3923 2209 3970 et
2232 3918 2399 3982 praeiia
2418 3931 2531 3970 cum
2560 3917 2671 3969 istis
2698 3921 2835 3981 gesta
2862 3921 3028 3968 sancta
3062 3921 3111 3966 et
3134 3917 3367 3980 praelata

1803 4037 1991 4100 putent.
2030 4035 2161 4100 (183)
2198 4039 2301 4098 Ego
2321 4033 2518 4099 quidem
2554 4047 2727 4096 magna
2760 4033 2843 4083 illa
2880 4031 3105 4083 existimo
3139 4031 3289 4083 fuisse
3316 4033 3367 4085 et

1801 4154 2001 4216 acerba,
2025 4165 2165 4218 quae,
2185 4157 2242 4202 ut
2260 4151 2403 4202 victis
2436 4150 2647 4214 ingentia
2681 4149 2833 4214 mala,
2859 4149 2929 4201 sic
2958 4149 3225 4202 victoribus
3242 4164 3367 4204 emo-

1802 4264 2019 4319 lumenta
2041 4262 2249 4332 plurima
2268 4275 2491 4329 peperere
2504 4297 2523 4326 ,
2546 4265 2740 4328 propter
2756 4277 2869 4329 quae
2884 4263 2969 4316 isti
2988 4261 3112 4316 bella
3136 4268 3369 4328 perpetuo

1805 4390 2008 4450 εει-111115
2034 4383 2121 4436 sed
2149 4398 2307 4449 neque
2333 4388 2497 4434 sancta
2525 4396 2679 4447 neque
2708 4381 2912 4434 honesta
2944 4393 3100 4446 neque
3120 4380 3294 4433 decora
3309 4380 3369 4432 iis

1804 4503 1890 4570 qui
1907 4504 2234 4570 praestantiam
2263 4502 2395 4554 illam
2425 4500 2517 4552 sibi
2546 4499 2819 4564 vindicant,
2855 4515 2951 4554 non
2983 4515 3094 4566 quae
3114 4501 3166 4554 in
3187 4500 3369 4553 artibus

177 4629 268 4698 λοῑς
298 4633 544 4712 κάγαθοῖς
581 4629 686 4685 τῶν
723 4625 922 4707 ἀνδρῶν
956 4625 1011 4681 ἄν
1046 4621 1161 4690 ταῖς
1193 4619 1402 4703 ψυχαῖς,
1416 4617 1528 4698 μετ’
1565 4620 1712 4677 εὐσε·
1740 4621 1785 4688 d
1805 4627 1856 4676 et
1873 4624 2043 4676 multis
2056 4623 2167 4676 aliis
2184 4622 2327 4676 rebus
2346 4621 2417 4672 sic
2433 4619 2629 4683 dicitur,
2644 4620 2731 4672 sed
2750 4631 2881 4672 verae
2895 4620 3112 4684 virtutis,
3124 4631 3237 4685 qnae
3250 4620 3369 4672 viris

177 4715 301 4787 ὅείας
338 4718 428 4779 καὶ
465 4711 800 4785 δικαιοσύνης
838 4707 1230 4792 ἐγγιγνομένης,
1264 4707 1386 4788 περὶ
1415 4699 1477 4780 ἧς
1519 4705 1657 4776 ἄπας
1684 4710 1712 4767 ὁ

177 4807 306 4885 λόγος
330 4805 490 4869 ἐστίν.
599 4803 716 4883 (184)
755 4791 858 4870 1Ἧς
895 4795 1260 4880 ὀλιγωροῦντές
1284 4819 1418 4864 τινες
1445 4795 1714 4876 ἐγκωμιά-

177 4897 300 4968 ζουσι
333 4894 452 4964 τοὺς
489 4890 664 4954 πλείω
699 4893 804 4951 τῶν
845 4887 1022 4949 ἄλλων
1063 4884 1461 4969 ἡμαρτηκότας,
1499 4885 1592 4944 καὶ
1621 4886 1716 4945 οὗκ

123 4985 483 5048 ιυιῑσθᾶνονται
529 4983 626 5052 τὰς
667 4979 894 5048 διανοίας
935 4975 1306 5045 ἐπιδεικνύντες
1340 4973 1430 5044 τὰς
1466 4971 1716 5056 σφετέρας

179 5075 348 5152 αὐτῶν,
368 5074 450 5136 ὅτι
477 5070 748 5138 κάκείνους
780 5067 843 5128 ἂν
875 5065 1224 5141 ἐπαινέσειαν,
1265 5063 1382 5131 τοὺς
1417 5060 1582 5123 πλείω
1618 5060 1714 5141 μὲν

179 5163 500 5243 κεκτημένους
523 5164 630 5222 τῶν
667 5160 882 5232 ἱκανῶν,
915 5159 1222 5222 ἀποκτεῖναι
1247 5155 1294 5213 δ’
1323 5151 1387 5212 διν
1415 5149 1718 5229 τολμήσαν·

180 5272 256 5322 22<
277 5251 391 5323 τοὺς
421 5248 678 5332 ἅδελφοὺς
701 5247 822 5316 τοὺς
861 5248 1060 5308 ἑαυτῶν
1093 5244 1184 5306 καὶ
1211 5242 1328 5312 τοὺς
1360 5239 1592 5324 ἑταίρους
1619 5239 1710 5300 καὶ
1734 5262 1770 5304 e

183 5339 279 5411 τοὺς
299 5336 574 5411 κοινωνοὺς
605 5336 743 5401 ὥστε
770 5336 862 5399 καὶ
896 5333 1147 5398 τάκείνων
1173 5333 1379 5394 λαθεῖν·
1409 5329 1565 5410 ὅμοια
1600 5328 1703 5414 γὰρ

1517 5563 1576 5572 ,.-
1627 5567 1670 5580 ‚a

1801 4744 1944 4796 bonis
1960 4747 2010 4796 et
2030 4742 2245 4795 honestis
2266 4757 2379 4794 cum
2410 4743 2586 4806 pietate
2608 4745 2659 4793 et
2685 4741 2871 4805 iustitia
2891 4739 2941 4789 in
2968 4739 3143 4790 animis
3160 4739 3367 4790 innasci-

1809 4865 1890 4912 tur
1904 4899 1921 4926 ,
1939 4861 2000 4913 de
2018 4875 2114 4927 qua
2131 4859 2291 4911 omnis
2308 4858 2461 4911 oratio
2474 4861 2569 4909 est.
2660 4858 2792 4922 (184)
2815 4862 2922 4918 Qua
2939 4855 3135 4923 quidam
3157 4857 3371 4920 neglecta

1802 4989 1888 5030 eos
1903 4975 2099 5028 laudant
2124 4975 2211 5040 qui
2243 4976 2381 5039 plura
2400 4985 2549 5037 quam
2567 4972 2649 5024 alii
2673 4975 2867 5036 peccata
2884 4974 3253 5034 contraxerunt,
3280 4982 3371 5022 neo

1802 5096 2190 5150 animadvertunt
2209 5107 2262 5145 se
2284 5095 2495 5145 mentem
2526 5103 2665 5143 suam
2687 5089 2871 5154 aperire
2892 5087 3107 5152 illudque
3136 5087 3367 5153 prodere,

1805 5211 1937 5279 quod
1956 5224 2039 5264 eos
2064 5208 2207 5262 etlam
2230 5207 2468 5259 laudaturi
2488 5206 2610 5268 sint,
2635 5201 2720 5268 qui
2740 5201 2963 5254 maximis
2984 5199 3180 5264 quidem
3198 5198 3371 5266 opibus

1802 5331 2044 5397 polleant,
2081 5325 2167 5381 sed
2197 5334 2246 5380 et
2266 5327 2445 5390 tratres
2468 5336 2583 5376 suos
2610 5323 2661 5374 et
2680 5317 2861 5372 amicos
2881 5320 2933 5373 et
2954 5319 3113 5372 socios
3146 5315 3369 5372 occidere
3430 5319 3443 5332 ‘
