3825 5842
497 501 570 554 64
1339 575 1353 582 -
1386 487 1824 550 ΑΝΔΟΚΙΔΟΥ
1863 488 1914 549 Ο
1953 486 2139 548 ΠΕΡΙ
2178 489 2340 552 ΤΩΝ
2380 491 2865 556 ΜΥΣΤΗΡΙΩΝ.

3458 497 3682 578 (ιο-ιο)

495 623 639 702 αὐτῷ
655 665 672 695 ,
698 619 786 681 τὸν
816 618 1170 701 βουλεύσαντα
1197 621 1252 680 ἔν
1277 620 1352 697 τῷ
1375 619 1517 701 αὖτῷ
1545 619 1814 699 ἐνέχεσθαι
1835 619 1927 679 καὶ
1952 619 2041 678 τὸν
2132 621 2353 673 teneatur
2372 623 2543 675 iisdem
2563 661 2578 687 ,
2611 624 2787 689 quibus
2816 624 2899 690 qui
2916 623 3072 676 scelus
3086 625 3189 678 suis
3206 627 3428 678 mamm
3448 631 3689 692 perpetra-

492 706 576 792 τῇ’
598 711 734 792 χειρὶ
771 711 1144 792 ἐργασάμενον.
1250 706 1492 780 Μέλητον
1533 707 1702 768 τοίνυν
1739 717 1846 776 τοῖς
1889 708 2045 770 παισὶ

493 803 598 868 τοῖς
615 805 706 859 τοῦ
733 800 954 868 ’Λέοντος
975 801 1066 858 οὐκ
1084 797 1196 858 ἔστι
1219 795 1372 877 φόνου
1391 795 1592 856 διώκειν
1605 843 1622 872 ,
1653 797 1731 857 ὅτι
1747 807 1854 866 τοῖς
1871 797 2046 876 νόμοις

495 887 576 946 δεῖ
595 892 823 968 χρῆσθαι
851 889 944 946 ἀπ’
983 885 1264 948 Εὐκλείδου
1301 885 1581 966 ἄρχοντος,
1611 886 1724 944 ἐπεὶ
1753 884 1823 954 ὥς
1856 909 1914 966 γε
1951 889 2046 945 οὐκ

493 975 786 1056 ἀπήγαγεν,
805 977 914 1036 οὐδ’
933 975 1084 1042 αὐτὸς
1105 973 1376 1052 ἀντιλέγει.
1459 971 1548 1054 (οε)
1574 972 1869 1055 Ἐπιχάρης
1885 976 1931 1033 δ’
1951 965 2042 1032 οὗ·

305 1103 312 1112 ·
412 1084 467 1125 ιο
490 1086 602 1144 τος,
659 1069 687 1123 ὁ
743 1063 952 1124 πάντων
997 1061 1346 1140 πονηρότατος
1399 1065 1487 1121 καὶ
1547 1061 1854 1141 βουλόμενος
1913 1055 2048 1122 εἶναι

491 1158 744 1232 τοιοῦτος,
791 1157 820 1212 ὃ
863 1151 1198 1233 μνησικακῶν
1241 1149 1394 1218 αὐτὸς
1427 1153 1599 1232 αὑτῷ,
1628 1183 1707 1198 -
1755 1143 1904 1218 οἶτος
1943 1150 2047 1232 γὰρ

431 1307 444 1317 .
491 1240 756 1301 ἐδούλευεν
787 1241 872 1301 ἐπὶ
901 1243 1000 1300 τῶν
1024 1239 1319 1321 τριάκοντα·
1347 1243 1374 1298 ὁ
1403 1235 1456 1298 δὲ
1484 1238 1636 1317 νόμος
1661 1239 1712 1299 τί
1737 1237 1969 1315 κελεύει,
1994 1238 2048 1306 ὃς

491 1333 544 1389 ἐν
572 1335 638 1410 τῇ
663 1329 830 1410 στήλῃ
851 1327 1139 1411 ἔμπροσθέν
1163 1329 1275 1388 ἐστι
1293 1332 1380 1387 τοῦ
1401 1327 1792 1408 βουλευτηρίους
1811 1357 1837 1381 ιι
1859 1326 1963 1397 “oc
1981 1327 2045 1388 ἂν

490 1417 619 1500 ἄρξῃ
649 1421 702 1478 ἓν
738 1423 804 1498 τῇ
827 1417 976 1478 πόλει
1003 1421 1097 1492 τῆς
1124 1415 1476 1498 δημοκρατίας
1511 1415 1916 1492 καταλυθείσης,
1954 1440 2048 1491 νη-

490 1510 629 1567 ποινὶ
658 1509 925 1582 τεθνάναι,
953 1506 1046 1566 καὶ
1074 1505 1160 1564 τὸν
1198 1501 1576 1565 ἀποκτείναντα
1600 1502 1739 1565 ὅσιον
1772 1497 1935 1580 εἶναι,
1956 1505 2049 1565 καὶ

489 1593 556 1653 τὰ
579 1594 831 1676 χρήματα
859 1594 998 1675 ἔχειν
1024 1600 1114 1654 τοῦ
1157 1593 1514 1661 ἀποθανόντος.
1534 1621 1560 1646 ι·
1640 1591 1800 1654 Ἀλλο
1832 1617 1885 1653 τι
1925 1585 2014 1653 οὗν
2028 1641 2047 1673 ,

489 1673 535 1746 ὦ
553 1683 840 1766 Ἐπίχαρες
863 1729 881 1760 ,
903 1682 1044 1756 ἢνῧν
1062 1687 1091 1742 ὃ
1112 1682 1418 1751 ἀποκτείνας
1437 1705 1494 1741 σε
1513 1681 1736 1763 καθαρὸς
1752 1681 1844 1750 τὰς
1861 1691 2044 1764 χεῖρας

404 1783 470 1833 13
496 1772 672 1847 ἔσται,
692 1773 827 1833 κατά
850 1796 910 1853 γε
927 1772 1015 1832 τὸν
1042 1771 1278 1840 Σόλωνος
1297 1771 1483 1849 νόμον,
1571 1772 1659 1851 (oo)
1686 1769 1796 1830 Καί
1825 1791 1913 1848 μοι
1932 1770 2051 1830 ἀνά·

490 1866 648 1940 γνωθι
673 1859 760 1921 τὸν
783 1859 940 1938 νόμον
967 1859 1055 1918 τὸν
1077 1863 1134 1920 ἐκ
1159 1863 1252 1932 τῆς
1279 1857 1492 1931 στήλης.
1553 1897 1564 1907 -

585 1991 890 2048 nomos.
940 1969 1132 2057 ἑδοξι
1177 1988 1256 2072 τῇ
1308 1980 1491 2070 βουλῇ
1540 1976 1642 2043 καὶ
1693 1985 1781 2061 τῷ
1843 1970 2044 2069 δήμῳ·

490 2085 731 2165 Αἰαντὶς
785 2086 1164 2180 ἐπρυτάνευε,
1217 2087 1549 2179 Κλεογένης
1600 2083 2013 2179 ἐγραμμάτευε
2030 2135 2048 2169 ,

489 2193 707 2270 Βοηθὸς
731 2192 1071 2260 ἐπεστάτει.
1089 2183 1253 2258 Τάδε
1269 2191 1656 2283 Δημόφαντος
1671 2186 2045 2282 συνέγραψεν.

487 2290 671 2393 Ᾰρχει
713 2299 920 2392 χρόνος
953 2292 1130 2365 τοῦδε
1164 2307 1271 2364 τοῦ
1302 2295 1682 2392 ψηφίσματος
1710 2302 1747 2370 ἡ
1780 2299 1963 2382 βουλὴ
1995 2298 2051 2362 οἱ

489 2405 872 2474 πεντακόσιοι
884 2432 915 2472 ο
925 2405 1338 2500 ἱλαχόντεςτῷ
1349 2401 1582 2496 κυάμῳ,
1596 2406 1696 2470 ὅτε
1712 2405 2049 2496 Κλεογένης

423 2545 450 2585 ε
490 2524 726 2608 πρῶτος
757 2513 1218 2608 ἐγραμμάτευεν.
1245 2505 1368 2578 Eoi-a
1396 2536 1490 2588 τις
1510 2504 1918 2604 δημοκρατίαν
1942 2536 2051 2578 κα·

487 2623 681 2715 ταλύῃ
725 2624 838 2695 τὴν
888 2615 1213 2707 Αθήνησιν,
1243 2615 1282 2692 ἢ
1318 2619 1507 2712 ἀρχήν
1537 2643 1674 2684 τινα
1730 2613 1882 2712 ἄρχῃ
1942 2643 2049 2682 κα-

487 2727 897 2820 ταλελυμένης
941 2737 1052 2804 τῆς
1087 2717 1530 2817 δημοκρατίας,
1564 2724 1854 2816 πολέμιος
1889 2724 2049 2790 ἔστω

491 2829 801 2909 Ᾱθηναίων
829 2832 932 2900 καὶ
954 2830 1189 2907 νηποινὶ
1210 2830 1476 2897 τεθνάτω
1495 2880 1514 2916 ,
1533 2828 1736 2897 καὶτὰ
1758 2835 2049 2923 χρήματα

489 2947 669 3016 αὐτοῦ
697 2934 964 3034 δημόσια
996 2942 1180 3025 ἔστω,
1219 2939 1322 3006 καὶ
1356 2949 1465 3017 τῆς
1495 2938 1624 3006 θεοῦ
1656 2939 1728 3005 τὸ
1759 2930 2041 3006 ἐπιδέκα-

486 3075 613 3117 τον·
709 3045 863 3142 (97)
878 3053 910 3114 ὁ
926 3040 965 3113 δ
971 3049 996 3113 ὲ
1010 3047 1364 3124 ἀποκτείνας
1382 3049 1484 3113 τὸν
1502 3054 1698 3112 ταῦτα
1709 3049 2049 3121 ποιήσαντα

492 3156 596 3223 καὶ
640 3161 672 3222 ὁ
735 3149 1170 3248 συμὸουλεύσας
1219 3156 1376 3231 ὅσιος
1430 3153 1590 3219 ἔστω
1652 3152 1755 3218 καὶ
1808 3156 2044 3247 εὐαγής.

489 3255 729 3354 ὀμόσαι
744 3254 802 3329 δ’
816 3257 1142 3338 Αθηναίους
1154 3260 1427 3337 ἅπαντας
1443 3255 1570 3327 καθ’
1593 3258 1760 3352 ἱερῶν
1778 3259 2047 3346 τελείων,

489 3367 647 3435 κατὰ
683 3365 870 3461 φυλὰς
909 3367 1013 3434 καὶ
1042 3364 1200 3434 κατὰ
1233 3359 1490 3458 δήμους,
1529 3365 1900 3434 ἀποκτείνειν
1942 3368 2051 3434 τὸν

414 3506 464 3547 ιο
491 3486 684 3542 ταῦτα
699 3475 1056 3546 ποιήσαντα.
1129 3467 1182 3539 ὁ
1211 3465 1281 3539 δὲ
1303 3475 1469 3563 ὅρκος
1495 3471 1652 3539 ἔστω
1671 3465 1794 3539 ὅδε·
1819 3500 1851 3534 t<
1877 3473 2047 3540 Κτε-

487 3593 570 3649 νῶ
605 3577 736 3676 [καὶ
761 3579 929 3674 λόγῳ
961 3577 1062 3645 καὶ
1087 3579 1243 3673 ἔργῳ
1268 3577 1372 3645 καὶ
1400 3575 1577 3670 xla-quu
1600 3573 1727 3673 καὶ]
1749 3587 1826 3672 τῇ
1863 3581 2047 3670 ἐμαυ-

488 3698 596 3754 τοῦ
627 3685 810 3780 χειρί,
849 3681 919 3752 ἂν
949 3677 1203 3762 δυνατὸς
1251 3680 1298 3748 ὦ
1322 3735 1341 3772 ,
1371 3681 1434 3762 ’ὃς
1474 3679 1546 3750 ἃν
1577 3686 1890 3778 καταλύσῃ
1936 3690 2047 3762 τὴν

489 3785 900 3888 δημοκρατίαν
925 3795 1037 3868 τὴν
1058 3787 1352 3879 Αθήνησι,
1374 3790 1480 3858 καὶ
1503 3789 1604 3858 ἐάν
1624 3817 1718 3870 τις
1747 3787 1890 3886 ἄρξῃ
1906 3791 2047 3859 τινὰ

489 3901 674 3994 ἀρχὴν
708 3899 1192 3992 καταλελυμένης
1227 3908 1335 3977 τῆς
1367 3890 1784 3992 δημοκρατίας
1812 3898 1885 3964 τὸ
1920 3905 2049 3967 λοι·

470 4007 636 4092 .πόν,
671 4004 772 4074 καὶ
801 4003 900 4072 ἐάν
928 4031 1019 4082 τις
1071 4011 1366 4099 τυραννεῖν
1412 4006 1718 4099 ἐπαναστῇ
1747 4002 1784 4078 ἢ
1816 4005 1920 4071 τὸν
1954 4008 2047 4072 τό·

489 4139 689 4207 ραννον
751 4113 1244 4205 συγκαταστήσῃ.
1365 4109 1492 4178 Καὶ
1555 4110 1658 4178 ἐάν
1712 4136 1807 4187 τις
1860 4107 2047 4189 ἀλλος

487 4219 814 4311 ἀποκτείνῃ
834 4268 852 4301 ,
903 4219 1065 4284 ὅσιον
1112 4213 1515 4309 αὐτὸν“”νομιῶ
1568 4210 1717 4283 εἶναι
1759 4216 1862 4283 καὶ
1901 4217 2045 4312 πρὸς

488 4324 633 4392 θεῶν
664 4322 766 4390 καὶ
799 4317 1104 4414 δαιμόνων
1120 4374 1139 4404 ,
1174 4331 1253 4402 ὡς
1277 4325 1571 4416 πολέμιον
1588 4321 1907 4390 κτείναντα
1925 4333 2046 4391 τῶν

413 4453 462 4493 ιε
489 4423 841 4514 Ᾰθηναίων,
885 4427 989 4494 καὶ
1047 4426 1126 4494 τὰ
1171 4430 1458 4522 κτήματα
1502 4439 1606 4495 τοῦ
1649 4429 2045 4509 ἀποθανόντος

485 4535 691 4602 πάντα
749 4527 1120 4626 ἀποδόμενος
1179 4529 1487 4602 ἀποδώσω
1536 4533 1616 4600 τὰ
1665 4533 1892 4625 ἡμίσεα
1956 4547 2044 4621 τῷ

486 4639 928 4727 ἀποκτείναντι,
955 4640 1058 4708 καὶ
1089 4646 1198 4708 οὐκ
1217 4642 1612 4735 ἀποστερήσω
1638 4631 1831 4706 οὐδέν.
1887 4637 2043 4734 (98)

485 4742 607 4816 Ἐὰν
645 4742 716 4816 δέ
767 4775 857 4827 τις
917 4747 1168 4816 κτείνων
1220 4746 1356 4815 τινὰ
1409 4750 1637 4814 τούτων
1695 4745 1958 4841 ἀποθάνῃ
2004 4745 2040 4822 ἢ

484 4859 798 4949 ἐπιχειρῶν
815 4908 832 4942 ,
867 4853 926 4922 εὖ
951 4860 1194 4930 ποιήσω
1221 4855 1397 4921 αὐτόν
1430 4880 1498 4920 τε
1525 4853 1627 4919 καὶ
1656 4853 1793 4930 τοὺς
1821 4847 2043 4934 παῖδας

480 4962 617 5040 τοὺς
664 4963 886 5030 ἐκείνου
919 4963 1184 5053 καθάπερ
1228 4953 1527 5054 Ᾰρμόδιόν
1559 4987 1628 5027 τε
1661 4959 1762 5026 καὶ
1797 4954 2045 5052 Αριστο-

481 5070 725 5163 γείτονα
751 5069 854 5136 καὶ
887 5071 1024 5149 τοὺς
1039 5068 1370 5163 ἀπογόνους
1389 5072 1606 5138 αὐτῶν.
1711 5061 1946 5136 ὁπόσοι
1975 5062 2042 5135 δὲ

482 5178 642 5264 ὅρκοι
671 5177 1026 5268 ὀμώμονται
1046 5171 1338 5250 Αθήνησιν
1365 5173 1401 5249 ἢ
1442 5178 1502 5244 ἐν
1529 5185 1619 5264 τῷ
1649 5167 2040 5269 στρατοπέδῳ

481 5277 522 5352 ἢ
557 5276 770 5348 ἄλλοθί
805 5307 919 5349 που
957 5282 1213 5350 ἐναντίοι
1242 5293 1330 5382 τῷ
1349 5278 1530 5375 δήμῳ
1557 5292 1680 5349 τῶν
1706 5277 2037 5369 Ᾰθηναίων,
2078 5335 2084 5342 -

2136 699 2215 750 rit.
2230 704 2575 752 Verumtamen
2586 703 2715 767 ideo,
2726 703 2857 767 qued
2868 704 2995 766 teges
3012 703 3148 754 vobis
3170 704 3233 754 ab
3249 706 3482 756 archonte
3499 708 3691 756 Euclide

2136 779 2246 830 inde
2268 781 2442 832 validae
2466 785 2607 846 sunt,
2636 784 2863 834 nonlicet
2888 785 3083 834 Leontis
3097 784 3261 835 liberis
3288 786 3531 836 actionem
3550 787 3693 836 caedis

2136 857 2185 906 in
2220 859 2350 908 huuc
2376 861 2605 910 Meletum
2628 861 2875 912 intendere
2906 874 3053 912 :nam
3075 875 3138 912 ne
3161 863 3261 925 ipse
3278 863 3475 926 quidem
3496 866 3692 914 Meletos

2136 937 2367 988 infitietur
2400 941 2633 990 Leontem
2660 954 2691 990 a
2720 954 2772 991 se
2802 940 2865 991 ad
2894 941 3247 993 undeoimtiroe
3276 942 3549 992 abductum
3576 957 3693 994 esse.

2137 1018 2235 1080 (95)
2260 1015 2517 1080 Epichares
2532 1017 2739 1082 denique
2759 1018 2841 1070 hie
2864 1033 2963 1069 non
2990 1019 3135 1070 modo
3151 1023 3224 1070 est
3236 1057 3251 1083 ,
3270 1020 3355 1070 sed
3382 1021 3551 1072 haberi
3574 1035 3693 1084 quo-

2136 1109 2231 1158 que
2260 1097 2370 1147 vult
2389 1099 2671 1149 mortalium
2699 1100 2917 1149 omnium
2944 1099 3264 1163 nequissimus
3284 1121 3297 1150 :
3318 1114 3430 1152 nam
3460 1103 3695 1152 scelerum

2135 1195 2335 1234 suorum
2356 1198 2523 1248 poenas
2538 1187 2639 1248 ipse
2654 1199 2685 1235 a
2700 1189 2853 1236 semet
2880 1186 3071 1249 repetit.
3134 1186 3235 1238 Sub
3260 1187 3453 1251 triginta
3482 1189 3698 1252 tyrannis

2136 1273 2331 1322 senator
2359 1273 2453 1323 ruit
2480 1293 2493 1324 ε
2518 1273 2792 1335 huiusmodi
2810 1277 2974 1324 autem
3000 1274 3062 1325 de
3082 1275 3366 1326 hominibus
3382 1276 3501 1340 quid
3526 1277 3699 1326 statuit

2138 1359 2218 1410 lex
2240 1361 2352 1425 pilae
2373 1361 2522 1412 incisa
2547 1375 2715 1412 eoram
2733 1363 2869 1414 curia
2885 1363 2997 1413 fixae
3011 1365 3034 1412 ἰ’
3069 1367 3445 1426 Μαῃὲεεναιαηι
3482 1364 3611 1428 (ait)
3644 1369 3701 1416 in

2137 1449 2265 1500 urbe
2280 1452 2375 1514 qut
2390 1453 2605 1514 qesserit
2618 1454 2735 1514 post
2756 1464 2993 1502 eversum
3008 1454 3209 1502 statum
3226 1453 3539 1517 popularem
3556 1489 3575 1515 ‚
3610 1455 3701 1504 im-

2135 1550 2275 1601 pune
2292 1541 2527 1597 memor,
2552 1551 2769 1604 eamque
2788 1542 2881 1604 qui
2893 1539 3156 1604 occiderit,
3174 1543 3221 1590 ts
3236 1553 3409 1604 purus
3425 1553 3463 1592 a
3486 1543 3701 1606 piaculo

2138 1629 2263 1690 esto,
2286 1631 2337 1679 ee
2360 1628 2491 1679 bona
2505 1631 2760 1693 perempti
2780 1628 3058 1694 possideto.
3124 1629 3378 1696 Profecto,
3404 1629 3701 1694 Epichares,

2138 1717 2299 1781 siquis
2318 1719 2369 1768 te
2388 1730 2519 1768 nunc
2539 1716 2796 1780 occiderit,
2823 1731 2961 1782 purae
2986 1718 3032 1768 ei
3052 1730 3223 1768 manus
3249 1719 3408 1770 forent
3430 1719 3703 1770 secundum

2140 1805 2331 1858 Solonis
2350 1806 2549 1869 quidem
2576 1807 2721 1871 leges.
2789 1807 2889 1872 (96)
2922 1806 3088 1860 Recita
3110 1808 3167 1858 tu
3198 1807 3318 1857 mihi
3338 1807 3468 1859 hanc
3492 1809 3657 1873 legem
3678 1823 3705 1858 a

2138 1894 2252 1958 pila.

2220 1985 2373 2046 Lux.
2395 1984 2627 2044 Placuit
2648 1986 2876 2046 senatui
2902 1985 3261 2065 populoque.
3288 1985 3481 2057 Quum
3506 1985 3705 2047 tribus

2140 2079 2361 2140 AEantis
2382 2094 2727 2160 prytaneatu
2756 2081 3113 2158 fungeretur,
3142 2081 3429 2159 Cleogene
3448 2082 3706 2142 scribam

2142 2189 2372 2252 agente,
2398 2177 2617 2236 Boetho
2647 2179 2905 2257 epistatae
2928 2178 3211 2238 honorem
3243 2193 3497 2256 gerente,
3518 2181 3707 2239 sactus

2141 2288 2227 2333 est
2271 2272 2447 2352 hujus
2499 2275 2688 2336 literis
2734 2276 3086 2354 consignatae
3141 2278 3439 2337 sententiae
3496 2291 3707 2337 auctor

2140 2371 2597 2451 Demophantus.
2630 2407 2711 2418 -
2746 2373 2989 2433 Orditur
3024 2374 3137 2432 hoc
3176 2375 3508 2455 psephisma
3542 2397 3707 2434 com·

2142 2468 2560 2527 memoratione
2597 2470 2874 2548 temporis
2909 2489 3028 2548 quo
3065 2469 3244 2530 latum
3290 2471 3431 2547 fuit,
3478 2473 3709 2531 scilicet

2140 2584 2211 2622 eo
2234 2576 2433 2624 senatu
2455 2565 2747 2644 rempubl.
2776 2564 3143 2643 ‘gubernante
3168 2568 3277 2645 qui
3302 2579 3454 2627 sorte
3487 2568 3708 2628 ductus
3814 2631 3816 2662 ÷

2142 2663 2293 2722 sedit
2320 2681 2390 2722 eo
2418 2683 2573 2722 anno
2608 2685 2726 2741 quo
2753 2663 3070 2742 Cleogenes
3092 2666 3441 2745 scripturam
3474 2668 3710 2746 primus

2146 2757 2301 2821 fecit.
2330 2756 2525 2818 Verba
2563 2760 2976 2840 psephismatis
3014 2773 3205 2821 autem
3238 2761 3367 2841 ipsa
3400 2763 3487 2822 sic
3516 2783 3584 2823 se
3608 2765 3707 2823 ha·

2138 2852 2281 2914 bent
2307 2877 2321 2913 ε
2350 2855 2571 2915 Statum
2589 2856 2879 2917 libertatis
2907 2857 3211 2936 popularis
3230 2858 3281 2916 si
3298 2859 3433 2935 quis
3456 2860 3708 2920 Athenis
3816 2916 3818 2946 j

2139 2953 2443 3021 everterit,
2476 2966 2573 3012 aut
2600 2972 2877 3032 oppressa
2902 2971 3028 3032 rep.
3059 2953 3343 3012 honorem
3368 2957 3705 3033 quempiam
3816 3017 3818 3030 ⁴

2140 3053 2407 3126 gesserit,
2451 3050 2503 3110 is
2534 3050 2723 3109 hostis
2755 3049 3197 3111 Atheniensium
3230 3051 3501 3125 habetor,
3528 3067 3709 3132 atque
3816 3048 3818 3116 f

2139 3146 2328 3205 inulto
2356 3147 2636 3219 moritor‚
2662 3158 2721 3204 et
2746 3147 3043 3205 facultates
3062 3145 3194 3224 ejus
3221 3145 3623 3225 publicantor,
3652 3166 3711 3210 et
3816 3171 3818 3206 3

2138 3240 2366 3299 decima
2404 3259 2539 3318 pars
2584 3257 2786 3298 earum
2832 3238 3112 3298 Minervae
3146 3241 3313 3299 sacra
3356 3254 3482 3301 esto
3519 3265 3535 3302 ι
3582 3244 3704 3326 (97)

2139 3353 2300 3392 reum
2326 3346 2517 3397 autern
2544 3333 2648 3411 qui
2669 3346 2769 3391 aut
2786 3351 2961 3392 manu
2974 3352 3080 3392 sua
3099 3335 3454 3412 peremerit,
3474 3351 3577 3396 aut
3602 3341 3707 3417 qui
3816 3357 3818 3416 ;

2138 3423 2495 3501 peremptori
2510 3421 2683 3482 caedis
2708 3433 2909 3480 auctor
2928 3421 3125 3495 fuerit,
3146 3422 3320 3482 ambo
3333 3427 3521 3507 sancti
3540 3440 3603 3486 et
3622 3448 3663 3507 p

2139 3511 2443 3574 habentor.
2472 3511 2546 3570 Et
2570 3511 2953 3570 Athenienses
2982 3530 3185 3572 omnes
3216 3513 3481 3573 tributim
3516 3531 3579 3575 et
3599 3539 3709 3576 cu-
3816 3489 3818 3518 ἓ

2142 3601 2337 3660 riatim
2362 3599 2751 3682 superhostiis
2759 3598 3020 3677 juranto,
3042 3613 3127 3672 ut,
3154 3601 3258 3678 qui
3286 3602 3446 3662 istaec
3464 3603 3704 3678 fecerit,

2136 3710 2269 3749 eum
2280 3689 2544 3750 occidere
2555 3687 2757 3748 velint.
2771 3686 2807 3745 J
2812 3687 2901 3766 usj
2908 3688 3197 3748 urandum
3210 3701 3401 3748 autem
3414 3689 3527 3750 hoc
3538 3705 3671 3751 esto
3685 3713 3704 3751 ε

2136 3783 2342 3856 Populi
2373 3781 2737 3855 *Atheniensis
2775 3779 3177 3854 rempublicam
3210 3786 3264 3836 si
3284 3785 3408 3855 quis
3420 3789 3703 3852 everterit,

2136 3881 2240 3924 aut
2268 3874 2374 3945 qui,
2411 3871 2517 3926 illa
2542 3886 2805 3944 oppressa
2814 3873 3057 3939 jacente,
3090 3867 3350 3924 honorem
3376 3871 3553 3926 alltcm
3575 3890 3705 3947 ges-

2136 3965 2283 4028 serit,
2322 3971 2425 4015 aut
2441 3964 2493 4014 si
2517 3963 2641 4033 quis
2672 3962 2913 4013 exsistat
2936 3961 3035 4031 qui
3060 3958 3411 4027 tyrannidem
3436 3961 3709 4015 moliatur·

2136 4060 2239 4103 aut
2264 4049 2573 4120 adjutorem
2611 4066 2671 4102 se
2692 4057 2922 4120 proestet
2954 4047 3308 4116 tyrannidem
3350 4044 3665 4118 affectanti
3678 4091 3691 4114 ‚

2135 4155 2259 4192 eum
2287 4149 2346 4192 ct
2367 4155 2471 4211 ego
2499 4141 2617 4210 ipse
2642 4135 2908 4204 occidam,
2938 4139 2993 4190 si
3005 4146 3225 4210 potero,
3258 4147 3315 4190 et
3330 4137 3482 4191 alias
3506 4143 3705 4212 siquis

2136 4226 2412 4295 occiderit,
2444 4224 2587 4281 hunc
2596 4213 2755 4299 ‘piam
2774 4241 2913 4297 erga
2930 4225 3061 4280 deos
3079 4237 3138 4279 et
3150 4225 3434 4280 doemones
3450 4225 3689 4299 habebo,

2136 4328 2199 4370 ut
2207 4320 2305 4390 qai
2320 4315 2529 4371 hortem
2541 4313 2964 4370 Atheniensium
2968 4319 3276 4388 peremerit
3286 4353 3305 4382 ,
3329 4311 3702 4392 fortunasque

2130 4410 2408 4480 perempti
2444 4415 2669 4459 cunctas
2692 4401 2796 4458 sub
2836 4402 3003 4458 hasta
3027 4410 3193 4476 quum
3222 4404 3539 4475 vendidero,
3582 4420 3698 4464 tum

2130 4507 2353 4569 partem
2368 4494 2666 4550 dimidiam
2672 4497 2931 4568 pecuniae
2943 4493 3075 4546 inde
3094 4493 3341 4547 redacta·
3346 4505 3701 4570 peremptori

2135 4584 2368 4638 reddam
2384 4584 2473 4638 nil
2494 4579 2843 4652 defraudans
2854 4599 2873 4650 ,·
2906 4579 3012 4635 hoc
3039 4577 3458 4651 itafaciendam
3476 4601 3609 4652 esse,
3642 4599 3699 4642 et

2136 4673 2311 4728 verbis
2320 4669 2611 4745 factisque
2627 4689 2721 4726 ero
2742 4682 2937 4725 auctor
2955 4681 3011 4724 et
3023 4669 3235 4724 tabella
3258 4689 3385 4726 mea
3406 4675 3465 4726 in
3491 4677 3696 4732 cadum

2136 4762 2443 4832 injicienda
2463 4759 2821 4831 confirmabo.
2856 4755 2976 4836 (98)
3000 4757 3105 4813 Sin
3130 4771 3316 4814 autem
3338 4764 3460 4833 quis
3488 4767 3551 4816 in
3571 4769 3699 4838 ipsa

2134 4850 2289 4905 coede
2306 4859 2406 4904 aat
2431 4853 2489 4904 in
2516 4859 2714 4904 conatu
2727 4848 2897 4902 coedis
2908 4846 3230 4917 occubuerit,
3248 4849 3458 4904 ornabo
3482 4854 3696 4924 ipsum-

2131 4958 2237 5013 que
2278 4936 2508 5013 ejusque
2552 4938 2774 5008 liberos,
2833 4923 3071 5012 perinde
3113 4948 3281 5010 atque
3322 4939 3693 4996 Harmodium

2131 5047 2255 5084 cam
2298 5031 2677 5101 Aristogitone
2704 5045 2998 5101 eorumque
3028 5036 3281 5100 pas-tems
3304 5045 3507 5082 oman·
3554 5033 3696 5086 sole-

2132 5137 2269 5173 mus.
2356 5119 2709 5191 Quaecunque
2726 5127 3083 5170 sacramenta
3118 5125 3219 5169 aut
3238 5114 3477 5170 Athenis
3504 5130 3611 5172 aut
3634 5125 3695 5174 in

2130 5212 2323 5265 castris
2345 5219 2444 5262 aut
2470 5211 2683 5282 uspiam
2706 5204 2851 5264 alibi
2869 5205 3105 5259 Iocomm
3127 5208 3186 5257 in
3192 5199 3467 5273 fraudem
3488 5207 3697 5282 populi

2129 5302 2186 5355 A
2189 5297 2339 5354 then.
2366 5297 2519 5352 dicta
2528 5292 2775 5366 fuerim,
2814 5311 2885 5348 ca
2906 5293 3171 5368 ⁸marcindo
3192 5304 3356 5367 atque
3374 5297 3541 5348 irrita
3558 5314 3693 5370 pro·
