3825 5842
530 479 606 531 50

447 630 504 671 30
609 620 680 662 ιι.
709 590 821 661 ’Ἦν
847 598 940 677 μὲν
967 598 1070 681 γὰρ
1093 596 1346 671 ἰκκλησία
1385 598 1490 665 τοῖς
1519 607 1831 681 στρατηγοῖς
1869 607 1975 667 τοῖς
2010 602 2082 667 εἷς

1405 465 1834 527 ΑΝΔΟΚΙΔΟΥ
1865 468 1916 526 O
1963 465 2143 527 ΠΕΡΙ
2186 466 2343 528 ΤΩΝ
2387 466 2873 529 ΜΥΣΤΗΡΙΩΝ.

3552 460 3597 535 (⁶
3614 462 3715 534 -si

2242 614 2317 659 ti.
2352 607 2631 658 nabebatur
2655 606 2854 670 concio,
2891 618 2989 670 qua
3018 605 3244 656 mandata
3274 607 3433 657 essent
3456 606 3619 657 danda
3646 608 3733 657 im-

527 688 800 762 Σικελίαν,
841 686 1002 769 Νικίᾳ
1039 687 1129 747 καὶ
1169 686 1417 767 Λαμάχῳ
1471 685 1562 745 καὶ
1588 685 1909 768 ,Ἀλκιὸιάδῃ
1927 732 1943 759 ,
1987 686 2077 746 καὶ
2178 696 2476 761 potatoribus
2514 696 2677 747 classis
2712 698 2763 747 in
2798 696 3005 747 Siciliam
3048 695 3322 759 mittendae,
3358 696 3509 747 Nicite
3544 702 3661 760 puta
3692 702 3737 747 et

525 776 741 859 τριήρης
766 782 802 849 ἡ
845 776 1124 854 στρατηγὶς
1149 775 1252 849 ἤδη
1278 774 1498 856 ἐξώρμει
1540 778 1575 847 ἠ
1612 775 1874 855 Λαμάχου
1893 798 1906 813 ·
1953 776 2083 835 ἀνα-

523 864 650 933 στὰς
677 866 732 925 δὲ
760 864 1044 933 Πυθόνικος
1067 866 1120 923 ἐν
1142 868 1217 945 τῷ
1253 864 1408 946 δήμῳ
1437 854 1608 923 εἶπεν·
1653 890 1677 919 ιι
1719 853 1764 923 ὦ
1794 864 2083 939 Ἀθηναῖοι,

523 956 672 1032 ὑμεῖς
703 953 798 1032 μὲν
827 952 1076 1036 στρατιὰν
1095 945 1392 1031 ἐκπέμπετε
1411 951 1502 1012 καὶ
1529 951 1867 1034 παρασκευὴν
1895 950 2085 1012 τοσαύ-

521 1065 617 1115 την
663 1041 753 1102 καὶ
792 1041 1022 1101 κίνδυνον
1067 1042 1302 1123 ἀρεῖσθαι
1339 1040 1586 1119 μέλλετε·
1671 1039 2001 1113 Ἀλκιὸιάδην
2032 1038 2085 1099 δὲ

521 1131 610 1190 τὸν
633 1130 922 1212 στρατηγὸν
945 1129 1200 1201 ἀποδείξω
1229 1130 1348 1208 ὑμῖν
1367 1128 1435 1189 τὰ
1457 1130 1720 1213 μυστήρια
1755 1134 2005 1189 ποιοῦντα
2031 1132 2085 1188 ἐν

524 1219 663 1301 οἰκία
692 1220 804 1298 μεθ’
845 1218 1061 1301 ἑτέρων,
1105 1218 1196 1277 καὶ
1227 1216 1317 1277 ἐὰν
1339 1218 1636 1301 ψηφίσησθε
1661 1218 1840 1278 ἄδειαν
1863 1222 1934 1287 ὣς
1983 1217 2085 1297 ἐγὼ

443 1334 496 1375 as
523 1308 747 1383 κελεύω,
775 1307 1014 1389 θεράπων
1049 1310 1170 1385 ὑμῖν
1193 1306 1301 1375 ἑνὸς
1324 1311 1427 1367 τῶν
1471 1307 1648 1367 ἐνθάδε
1678 1307 1878 1387 ἀνδρῶν
1909 1306 2085 1385 ἀμύη-

519 1423 606 1469 τος
632 1398 704 1459 ὢν
742 1399 847 1480 ἐρεῖ
884 1396 952 1457 τὰ
985 1396 1281 1480 μυστήρια,
1310 1400 1354 1455 εἶ
1389 1394 1444 1456 δὲ
1473 1396 1574 1475 μή,
1597 1400 1794 1478 χρῆσθε
1819 1398 1935 1476 ἐμοὶ
1978 1396 2011 1455 ὅ
2034 1420 2085 1456 τι

517 1486 582 1555 ὃν
606 1490 727 1566 ὑμῖν
753 1489 912 1567 δοκῇ,
941 1485 1030 1545 ἐὰν
1075 1485 1152 1565 μὴ
1181 1488 1384 1559 τάληθῆ
1413 1484 1576 1565 λε’γω.
1607 1512 1632 1539 ι»
1725 1486 1816 1564 (ts)
1861 1484 2086 1545 Ἀντιλέ-

513 1599 687 1654 γοντος
715 1576 768 1634 δὲ
811 1573 1138 1635 Ἀλκιὸιάδου
1164 1571 1339 1634 πολλὰ
1375 1572 1467 1633 καὶ
1490 1572 1700 1654 ἐξάρνου
1748 1572 1918 1647 ὄντος,
1945 1572 2083 1643 ἔδοξε

511 1669 616 1733 τοῖς
634 1662 917 1745 πρυτάνεσι
944 1662 1062 1733 τοὺς
1094 1662 1190 1743 μὲν
1213 1662 1480 1741 ἀμυήτους
1502 1661 1968 1741 μεταστήσασθαι,
1995 1666 2083 1721 αὗ-

509 1752 626 1821 τοὺς
650 1754 694 1812 δ’
723 1751 856 1811 ἰέναι
883 1751 971 1811 ἐπὶ
996 1751 1058 1811 τὸ
1093 1752 1363 1835 μειράκιον
1407 1750 1436 1811 ὃ
1464 1755 1493 1811 ὁ
1527 1750 1811 1820 Πυθόνικος
1851 1750 2093 1827 ἐκέλευε..

511 1840 622 1904 Καὶ
649 1840 875 1923 ᾤχοντο,
903 1840 996 1902 καὶ
1018 1840 1215 1922 ἤγαγον
1237 1840 1534 1924 θεράποντα
1558 1840 1912 1923 Πολεμάρχου
1931 1864 1946 1877 ·
1976 1840 2085 1902 Ἀν-

431 1955 483 1995 ιο
508 1929 770 2012 δρόμαχος
798 1932 938 2012 αὐτῷ
964 1929 1130 2010 ὄνομα
1151 1922 1238 2005 ἦν.
1328 1930 1483 1993 Ἐπεὶ
1503 1932 1558 1991 δὲ
1588 1931 1912 2013 ἐψηφίσαντο
1937 1933 2079 2013 αὐτῷ

506 2020 604 2093 τὴν
630 2019 838 2099 ἄδειαν,
857 2016 1030 2097 ἔλεγεν
1059 2016 1138 2078 ὅτι
1160 2022 1213 2079 ἐν
1235 2024 1301 2101 τῇ
1326 2018 1470 2101 οἰκία
1507 2022 1574 2100 τῇ
1604 2019 1971 2087 Πουλυτίωνος
1994 2019 2080 2097 γί-

506 2131 678 2187 γνοιτο
701 2106 994 2189 μυστήρια·
1083 2106 1418 2181 Ἀλκιὸιάδην
1453 2106 1550 2185 μὲν
1576 2096 1664 2166 οὗν
1693 2106 1782 2165 καὶ
1820 2106 2081 2178 Νικιάδην

507 2194 597 2255 καὶ
626 2194 898 2271 Μέλητον,
922 2196 1132 2265 τούτους
1153 2195 1247 2273 μὲν
1275 2195 1460 2265 αὐτοὺς
1479 2186 1612 2257 εἶναι
1632 2194 1748 2263 τοὺς
1767 2202 2077 2276 ποιοῦντας,

507 2286 857 2366 συμπαρεῖναι
885 2285 1052 2345 δὲκαὶ
1073 2288 1198 2367 δρᾶν
1223 2284 1291 2345 τὰ
1311 2283 1592 2365 γιγνόμενα
1613 2283 1703 2343 καὶ
1723 2284 1944 2364 ἄλλους,
1971 2308 2075 2343 πα·

509 2374 670 2451 ρεῗναι
695 2372 749 2432 δὲ
772 2373 862 2433 καὶ
903 2373 1145 2449 δούλους,
1180 2374 1368 2434 ἑαυτόν
1391 2397 1448 2433 τε
1477 2373 1568 2433 καὶ
1595 2372 1681 2433 τὸν
1711 2372 1933 2455 ἀδελφὸν
1982 2372 2073 2434 καὶ

505 2458 722 2521 Ἱκέσιον
757 2461 843 2522 τὸν
873 2461 1107 2537 αὐλητὴν
1141 2462 1233 2522 καὶ
1275 2461 1362 2521 τὸν
1397 2462 1645 2535 Μελήτου
1693 2464 1894 2523 δοῦλον.
1982 2461 2075 2543 (ta)

505 2550 726 2629 Πρῶτος
757 2550 852 2629 μὲν
871 2542 1019 2620 οὗτος
1039 2557 1206 2611 ταῦτα
1235 2551 1462 2630 ἐμήνυσε
1477 2594 1495 2626 ,
1523 2550 1614 2611 καὶ
1653 2550 1929 2632 ἀπέγραψε
1956 2550 2077 2609 τού-

437 2648 468 2699 8
508 2657 642 2704 τους·
699 2629 772 2698 ὧν
797 2638 1168 2722 Πολύστρατος
1189 2640 1286 2719 μὲν
1303 2640 1596 2722 συνελήφθη
1617 2638 1707 2699 καὶ
1732 2638 2005 2714 ἀπέθανεν,
2028 2642 2077 2699 οἱ

507 2726 565 2788 si
596 2713 746 2790 ἄλλοι
773 2731 1049 2814 φεύγοντες
1075 2730 1274 2814 ᾤχοντο
1293 2778 1310 2807 ,
1353 2731 1444 2792 καὶ
1473 2732 1644 2790 αὗτῶν
1675 2736 1820 2809 ὑμεῖς
1853 2729 2076 2792 θάνατον

508 2817 822 2900 κατέγνωτε.
888 2820 1000 2883 Καί
1025 2844 1114 2901 μοι
1134 2821 1264 2881 λαὸὲ
1286 2820 1376 2881 καὶ
1397 2819 1659 2900 ἀνάγνωθι
1683 2821 1852 2881 αὐτῶν
1867 2820 1935 2880 τὰ
1962 2819 2074 2881 ὀνό-

505 2930 672 2987 ματα.

1131 3018 1450 3069 ΟΝΟΜΑΤΑ.

499 3121 680 3173 Τούσδε
697 3121 1016 3187 Ἀνδρόμαχος
1039 3124 1264 3188 ἐμήνυσεν
1279 3136 1291 3151 ·
1315 3123 1630 3188 Ἀλκιὸιάδην,
1653 3124 1900 3187 Νικιάδην,
1922 3126 2072 3184 Μέλη-

622 3211 722 3255 τον,
742 3193 1041 3258 Ἀρχεόιάδην
1058 3231 1073 3256 ,
1108 3194 1391 3259 Ἄρχιππον,
1422 3197 1676 3259 Διογένην,
1719 3196 2071 3259 Πολύστρατον,

625 3264 922 3329 Ἀριστομένη
936 3301 951 3327 ,
971 3264 1158 3316 Ἰωνίαν
1169 3302 1184 3327 ,
1211 3266 1481 3315 Παναίτιον.

435 3396 464 3435 ο
585 3398 652 3437 u.
685 3376 879 3458 Πρώτη
902 3377 1018 3455 μέν,
1041 3366 1087 3438 ὦ
1109 3377 1290 3459 ἄνδρες
1309 3424 1326 3455 ,
1351 3380 1569 3458 μήνυσις
1599 3380 1798 3459 ἐγένετο
1814 3379 1947 3455 αὕτη
1970 3382 2072 3443 ὑπὸ

401 3542 404 3545 γ
503 3465 861 3546 Ἀνδρομάχου
891 3464 1032 3525 κατὰ
1059 3466 1254 3527 τούτων
1276 3470 1380 3528 τῶν
1409 3469 1630 3550 ἀνδρῶν.
1717 3468 1827 3531 Καί
1855 3492 1944 3548 μοι
1970 3470 2067 3529 κά·

499 3548 581 3607 λει
603 3544 909 3624 Διόγνητον.
2101 3575 2107 3583 ·

559 3685 722 3738 'neom
737 3686 934 3749 ζητητής
951 3724 966 3747 ,
991 3688 1031 3739 ὦ
1056 3689 1281 3751 Διόγνητε
1294 3727 1308 3754 ,
1334 3690 1412 3741 ὅτε
1432 3690 1686 3749 Πυθόνικος
1709 3691 1993 3755 εἰσήγγειλεν
2013 3692 2060 3741 ἐν

625 3761 696 3821 τῷ
718 3758 853 3823 δήμῳ
875 3760 979 3824 περὶ
999 3760 1284 3811 Ἀλκιόιάδου
1301 3778 1316 3823 ;
1334 3759 1444 3811 Ἦν.
1517 3762 1670 3812 Οἶσθα
1689 3760 1771 3811 οὖν
1792 3764 2063 3826 μηνύσαντα

627 3830 935 3895 Ἀνδρόμαχον
958 3832 1018 3881 τὰ
1045 3832 1092 3882 ἐν
1109 3837 1168 3895 τῇ
1205 3831 1332 3897 οἰκίᾳ
1369 3838 1428 3896 τῇ
1453 3832 1780 3891 Πουλυτίωνος
1803 3834 2058 3899 γινόμενα;

628 3901 771 3953 Οἶδα.
790 3903 864 3953 Τὰ
882 3902 1093 3967 ὀνόματα
1111 3902 1194 3953 οὗν
1215 3908 1309 3953 τῶν
1329 3903 1504 3969 ἀνδρῶν
1541 3904 1640 3955 ἐστι
1659 3910 1834 3968 ταῦτα,
1863 3906 1969 3955 καθ’
1994 3905 2060 3956 ὧν

623 3973 794 4031 ἐκεῖνος
811 3972 1040 4038 ἐμήνυσεν
1054 3990 1069 4036 ;
1086 3974 1222 4027 Ἔστι
1240 3978 1407 4025 ταῦτα.

415 4138 468 4177 ιο
573 4135 642 4177 1⁵.
671 4114 900 4197 Δευτέρα
941 4115 1112 4176 τοίνυν
1165 4114 1384 4195 μήνυσις
1433 4115 1652 4198 ἐγένετο.
1737 4120 1970 4199 Τεῦκρος
2002 4108 2066 4190 ἦν

494 4204 676 4262 ἐνθάδε
698 4204 964 4280 με’τοικος,
999 4204 1053 4273 ὃς
1072 4204 1243 4287 ᾤχετο
1272 4204 1556 4287 Μέγαράδε
1583 4204 1904 4281 ὑπεξελθών,
1932 4208 2069 4265 ἐκεῖ·

495 4294 578 4349 θεν
603 4289 658 4347 δὲ
687 4291 1066 4369 ἐπαγγέλλεται
1095 4298 1161 4371 τῇ
1191 4296 1391 4373 βουλῇ,
1417 4292 1468 4352 εἴ
1489 4296 1538 4353 οἱ
1563 4294 1742 4353 ἄδειαν
1775 4294 1939 4368 δοῖεν,
1968 4318 2065 4372 μη·

493 4377 664 4436 νύσειν
687 4377 807 4457 περὶ
833 4382 936 4437 τῶν
963 4379 1263 4459 μυστηρίων
1283 4426 1299 4453 ,
1331 4381 1571 4460 συνεργὸς
1591 4381 1664 4439 ὤν
1683 4428 1700 4459 ,
1724 4382 1814 4441 καὶ
1835 4381 1955 4450 τοὺς
1978 4381 2069 4443 ἄλ-

453 4468 465 4479 ’
493 4466 611 4533 λους
639 4464 756 4533 τοὺς
779 4472 1053 4535 ποιοῦντας
1075 4470 1187 4545 μεθ’
1214 4470 1399 4527 ἑαυτοῦ
1415 4512 1430 4542 ,
1455 4469 1546 4527 καὶ
1573 4468 1814 4549 περὶτῶν
1845 4468 2065 4549 Ἑρμῶν

491 4556 585 4624 τῆς
610 4558 897 4634 περικοπῆς
937 4552 972 4612 ἃ
1001 4554 1134 4635 ᾔδει.
1217 4554 1618 4636 Ψηφισαμένης
1647 4552 1703 4615 δὲ
1747 4560 1839 4629 τῆς
1871 4559 2061 4636 βουλῆς

498 4634 588 4723 (ἦν
632 4641 731 4724 γὰρ
767 4642 1139 4725 αὐτοκράτωρ)
1169 4642 1370 4726 ᾤχοντο
1419 4644 1501 4703 ἐπ’
1535 4644 1690 4755 αὖτὸΙν
1735 4642 2061 4754 Μέγαράδεζ

421 4826 472 4866 ιι
492 4755 574 4870 {it
597 4730 873 4874 τόὲεῗωιῗξῗ
887 4732 1905 4895 ’0333ffoessgpffgssvssegjgggfflffg
1946 4739 2063 4874 3530

493 4887 782 4997 φεύγοντες.
867 4890 978 4952 Καί
1003 4916 1090 4971 μοι
1117 4892 1248 4952 λαὸὲ
1293 4893 1384 4952 καὶ
1434 4893 1691 4975 ἀνάγνωθι
1726 4893 1792 4954 τὰ
1826 4838 2059 4973 &oziam

497 4996 687 5031 αυτων.

1117 5080 1436 5129 ΟΝΟΜΑΤᾸ.

494 5168 675 5217 Τούσδε
693 5170 895 5231 Τεῦκρος
919 5132 1121 5231 ἐμήνυσε
1135 5182 1146 5192 ·
1217 5170 1420 5233 Φαῖδρον
1434 5205 1448 5226 ,
1469 5168 1746 5233 Γνιφωνίδην
1761 5205 1776 5229 ,
1798 5168 2058 5231 Ἰσόνομον,

618 5238 1012 5303 Ἡφαιστόδωρον,
1034 5240 1389 5304 Κηφισόδωρον,
1410 5240 1575 5290 ἑαυτόν
1589 5276 1606 5302 ,
1622 5240 1876 5303 Διόγνητον
1888 5279 1902 5303 ,
1921 5242 2058 5302 Σμιν-

623 5307 825 5371 δυρίδην,
841 5310 1153 5374 Φιλοκράτην,
1179 5310 1467 5377 Ἀντιφῶντα,
1488 5312 1744 5377 Τίσαρχον,
1759 5310 2056 5361 Παντακλέα.

2178 786 2417 836 Lamacho
2458 787 2508 835 ct
2544 784 2812 837 Alcibiadi:
2844 784 2946 847 jam
2976 784 3185 835 triremis
3222 785 3305 835 ilia
3336 786 3570 835 [amachi
3602 787 3737 849 impe·

2176 874 2347 925 rator-is
2374 877 2511 925 extra
2542 876 2739 937 portum
2766 873 2925 924 stabat
2942 874 2993 924 in
3008 887 3187 924 ancora
3217 893 3231 926 ε
3256 874 3323 925 ibi
3350 876 3649 939 pythonicus
3672 890 3739 927 as·

2174 976 2371 1027 surgens
2389 976 2551 1013 eoram
2568 964 2749 1027 populo
2764 962 2883 1023 dicit
2901 984 2916 1015 ε
2942 982 2967 1007 «ι
2986 966 3087 1015 Vos
3098 963 3295 1027 quidem
3316 966 3593 1015 exercitum
3614 966 3738 1015 abie-

2174 1054 2293 1115 gatis
2310 1054 2501 1103 tantum
2515 1054 2651 1103 tanto
2669 1066 2783 1103 cum
2796 1041 3027 1117 apparatu
3040 1090 3057 1116 ,
3076 1055 3126 1104 et
3150 1052 3417 1117 periculum
3438 1054 3581 1105 adire
3598 1056 3739 1119 parati

2174 1140 2317 1193 estis:
2338 1156 2425 1206 ego
2440 1156 2557 1193 vero
2574 1143 2775 1207 planum
2789 1142 2928 1193 vobis
2948 1143 3121 1193 faciam
3134 1180 3151 1206 ,
3170 1143 3513 1207 imperatorem
3532 1147 3741 1195 vestrum

2178 1228 2475 1280 Alcibiadem
2492 1242 2628 1280 sacra
2646 1230 2890 1281 Eleusinia
2914 1230 2965 1279 in
2988 1230 3134 1280 domo
3158 1230 3369 1293 quadam
3386 1244 3487 1281 una
3508 1243 3632 1281 cum
3648 1233 3743 1282 aliis

2175 1318 2464 1381 quibusdam
2484 1318 2733 1381 factitare5
2757 1320 2808 1369 et
2832 1319 2901 1382 si,
2922 1332 3001 1369 me
3018 1318 3278 1381 suadente,
3298 1320 3647 1384 impunitatem
3672 1323 3735 1372 in·

2174 1406 2269 1457 dici
2288 1406 2413 1457 detis
2426 1444 2441 1471 ,
2462 1421 2632 1458 servus
2646 1408 2853 1471 alicujus
2876 1408 2971 1458 viri
2992 1408 3107 1458 clari
3122 1445 3137 1471 ,
3158 1422 3321 1459 coram
3346 1409 3635 1473 assidentis,
3654 1426 3741 1460 non

2174 1495 2387 1547 initiatus
2406 1496 2515 1560 ilie,
2542 1498 2771 1561 mysteria
2782 1497 2920 1549 vobis
2940 1498 3199 1548 enarrabit.
3265 1498 3349 1548 Sin
3368 1498 3534 1549 urinus
3550 1536 3567 1563 ,
3594 1514 3743 1564 neque

2174 1598 2289 1637 vera
2304 1584 2511 1636 dixerim
2524 1623 2539 1649 ,
2562 1587 2627 1637 do
2648 1587 2784 1637 vobis
2802 1588 3017 1651 corporis
3043 1587 3139 1637 mei
3156 1588 3464 1651 potestatem.
3489 1608 3513 1632 υ
3536 1590 3580 1652 (t
3596 1592 3643 1651 2)
3664 1590 3743 1639 cui

2174 1688 2328 1739 quum
2350 1676 2507 1725 multa
2532 1675 2788 1727 oblocutus
2812 1677 2938 1727 esset
2967 1675 3266 1739 Alcibiades,
3294 1676 3479 1727 sactum
3509 1677 3740 1739 infitiaris,

2174 1766 2331 1815 visum
2369 1765 2463 1815 t'uit
2496 1764 2781 1828 prytanibus
2818 1763 3085 1815 discessum
3100 1777 3129 1814 e
3154 1763 3385 1815 concione
3412 1778 3513 1815 non
3552 1766 3744 1816 initiatis

2172 1854 2435 1917 imperare;
2460 1853 2548 1917 ipsi
2574 1855 2738 1905 autem
2755 1852 2819 1904 ad
2846 1866 3052 1917 puerum
3070 1854 3231 1917 ibant,
3250 1852 3314 1904 ad
3332 1867 3481 1918 quem
3506 1856 3741 1917 Pythoni-

2174 1951 2261 1993 cus
2279 1954 2363 1993 eos
2393 1941 2661 2006 ablegabat.
2694 1943 2893 1995 Reversi
2922 1956 3089 1995 secum
3108 1941 3411 1994 adducebant
3436 1956 3639 1994 servum
3663 1948 3745 1994 Po-

2173 2031 2403 2081 lemarchi
2432 2049 2445 2081 =
2471 2032 2552 2081 cui
2574 2044 2717 2083 servo
2750 2044 2929 2082 nomen
2962 2033 3067 2082 erat
3097 2031 3454 2082 Andromacho.
3519 2036 3601 2096 is,
3634 2047 3745 2096 pro·

2172 2120 2317 2171 missa
2346 2119 2541 2171 decreto
2570 2120 2857 2185 impunitate
2880 2120 2922 2171 si
2956 2118 3217 2185 indicaret,
3242 2120 3577 2185 confirmavit,
3614 2136 3746 2173 sacra

2172 2208 2413 2261 Eleusinia
2438 2207 2569 2259 domi
2602 2210 2872 2274 Pulytionis
2896 2210 2971 2273 agi
2991 2227 3009 2261 ι
3027 2209 3323 2261 Alcibiadem
3348 2212 3400 2279 ct
3429 2210 3683 2262 Niciadsm
3702 2216 3748 2263 et

2172 2298 2401 2349 Meletum
2436 2310 2577 2362 agere
2616 2299 2779 2363 partes
2808 2298 3115 2350 sacerdotum
3154 2311 3289 2349 sacra
3320 2299 3635 2363 iacientium,
3664 2302 3747 2351 sed

2170 2385 2291 2438 alios
2308 2400 2503 2451 quoque
2530 2386 2695 2439 adesse
2716 2388 3007 2451 spectatores
3033 2400 3205 2439 eorum
3231 2401 3343 2451 quae
3366 2387 3538 2438 fierent
3554 2426 3571 2451 ,
3598 2392 3745 2452 atque

2170 2488 2335 2527 servos
2368 2475 2489 2527 adeo
2518 2474 2772 2539 interesse,
2800 2477 2859 2526 ut
2902 2490 2955 2527 se
2987 2476 3283 2540 fratremque
3322 2478 3375 2527 et
3405 2476 3651 2527 Hicesiam
3690 2478 3745 2526 ti·

2168 2564 2375 2616 bicinam
2418 2566 2470 2615 et
2502 2564 2661 2617 Meleti
2694 2578 2908 2617 servum.
2994 2566 3094 2630 (13)
3121 2566 3213 2616 iiic
3242 2565 3389 2629 igitur
3417 2567 3611 2629 primus
3642 2568 3743 2617 liare
3796 2598 3798 2603 ι

2168 2652 2397 2705 indicavit
2414 2690 2430 2717 ,
2454 2654 2505 2705 et
2521 2654 2697 2704 horum
2725 2653 2877 2705 edidit
2894 2654 3092 2705 nomina
3116 2652 3321 2718 publicis
3342 2654 3394 2705 in
3410 2654 3597 2705 tabuiis
3628 2668 3745 2705 con·

2167 2742 2395 2805 signanda
2413 2761 2425 2794 ε
2444 2755 2655 2807 quorum
2670 2756 2799 2794 unus
2816 2743 3118 2807 Polystratus
3134 2744 3511 2807 comprehensus
3532 2746 3587 2795 et
3603 2746 3744 2795 morti

2168 2830 2311 2883 datus
2336 2832 2453 2895 mit3
2478 2832 2653 2897 reliqui
2684 2833 2812 2885 enim
2834 2834 2946 2898 luga
2964 2833 3247 2885 devitarunt
3262 2833 3557 2897 supplicium
3572 2872 3589 2900 ,
3613 2834 3745 2899 quod

2166 2934 2255 2971 vos
2273 2920 2363 2986 ipsi
2386 2907 2737 2986 irrogaveratis.
2758 2924 2887 2987 Cape
2904 2924 2962 2973 tu
2980 2922 3103 2973 istoc
3125 2924 3175 2974 et
3194 2921 3361 2973 recita.

2813 3032 3075 3082 NOMINA.

2168 3126 2511 3172 andromachus
2534 3125 2673 3173 hosce
2694 3126 2941 3193 indicavit:
2962 3126 3272 3183 Alcibiadu,
3296 3127 3537 3176 Nidadem
3554 3160 3568 3181 .
3596 3131 3739 3175 Hele·

2218 3198 2341 3250 tum,
2363 3195 2720 3251 Archebiadem,
2747 3196 3060 3254 Archippum,
3080 3197 3333 3253 Diogenem
3346 3230 3361 3254 ,
3391 3199 3713 3255 Polystratum
3728 3232 3741 3253 ,

2217 3266 2577 3323 Aristomenem,
2598 3267 2799 3325 ioniam,
2824 3268 3093 3315 Panaetium.

2231 3390 2305 3437 11⁶1.
2340 3390 2502 3438 Prima
2522 3388 2615 3439 fuit
2636 3388 2769 3451 hinc,
2797 3402 2828 3439 ο
2846 3388 2964 3452 viri,
2996 3390 3059 3439 ab
3087 3387 3422 3440 Andromacho
3455 3391 3587 3441 tacta
3620 3392 3722 3441 indi

2163 3502 2289 3553 catio
2307 3504 2476 3554 contra
2504 3505 2620 3569 hos,
2648 3517 2773 3569 quos
2794 3502 2914 3554 dixi.
2982 3506 3044 3555 Et
3070 3504 3127 3555 tu
3158 3506 3255 3556 cita
3280 3504 3397 3556 mihi
3421 3507 3743 3569 Diognetum.

2162 3689 2266 3746 Dic,
2284 3688 2505 3746 Diognete
2518 3721 2532 3745 ,
2552 3688 2757 3736 ruistine·
2776 3688 3045 3745 inquisitor,
3066 3690 3231 3746 'quum-
3248 3690 3539 3745 Pythonicus
3557 3692 3606 3737 in
3627 3704 3737 3738 con·

2212 3786 2345 3832 cione
2365 3782 2523 3843 populi
2545 3785 2827 3831 Alcibiadem
2844 3784 3081 3833 deterret?
3107 3787 3209 3833 Fui.
3266 3784 3399 3833 Nosti
3420 3798 3531 3845 ergo
3552 3789 3743 3836 Andro·

2214 3880 2429 3929 maehum
2449 3880 2679 3928 indicasse
2701 3892 2773 3937 ea,
2800 3892 2905 3939 quoe
2924 3880 3053 3929 domi
3070 3882 3342 3938 Pulytionis
3358 3882 3570 3930 tierent?
3606 3877 3743 3931 Noui.

2222 3980 2421 4025 Nomina
2442 3978 2666 4035 virorum,
2688 3988 2807 4035 quos
2826 3976 2902 4024 iiie
2922 3976 3105 4035 detulit,
3124 3980 3292 4027 suntne
3314 3977 3413 4026 haec
3428 3979 3455 4025 ⁷
3480 3980 3623 4028 sunt.
3698 3953 3703 3962 ¹

2225 4128 2297 4171 15.
2336 4118 2555 4173 Secunda
2574 4119 2872 4172 denuntiatio
2888 4122 2998 4172 haec
3015 4122 3105 4173 est.
3170 4124 3356 4173 Teucer
3368 4122 3435 4172 ibi
3449 4125 3559 4173 erat
3576 4124 3745 4188 inqui-

2158 4190 2285 4243 linus
2303 4194 2386 4256 qui
2404 4192 2673 4257 periculum
2696 4192 2917 4243 devitans
2938 4194 3178 4257 Megaram
3196 4206 3249 4244 se
3264 4192 3527 4243 transtulit.
3602 4196 3747 4247 Unde

2156 4265 2344 4315 senatui
2365 4263 2700 4327 (Atheniensi)
2720 4264 3007 4327 recipiebat,
3026 4265 3069 4315 si
3088 4263 3423 4328 impunitatem
3450 4264 3747 4329 adipiscere·

2156 4336 2256 4399 tur,
2274 4348 2388 4399 quie
2406 4334 2469 4385 de
2496 4336 2646 4385 sacris
2675 4333 2938 4396 profanatis
2961 4336 3150 4398 nosset,
3177 4332 3535 4399 indicaturum',
3562 4337 3749 4401 quippe

2154 4406 2241 4469 qui
2259 4406 2450 4457 sceleris
2466 4418 2663 4455 consors
2691 4404 2859 4456 suisset
2871 4442 2886 4468 ,
2912 4406 2961 4455 et
2978 4406 3190 4469 reliquos
3211 4407 3497 4457 nominatim
3512 4410 3747 4469 proditu-

2157 4490 2265 4527 rum
2284 4478 2369 4540 qui
2399 4485 2565 4527 secum
2599 4476 2757 4526 scelus
2778 4476 3173 4539 participassent,
3204 4489 3295 4527 nec
3330 4490 3428 4527 non
3455 4476 3517 4527 de
3549 4482 3749 4532 Hermis

2157 4548 2394 4598 mutilatis
2426 4560 2538 4612 qum
2574 4548 2739 4598 nosset
2778 4548 2940 4597 omnia
2979 4547 3032 4597 in
3067 4546 3227 4597 lucem
3258 4548 3583 4611 prolaturum.
3638 4556 3745 4605 De·

2156 4619 2289 4668 creto
2312 4619 2505 4669 senatus
2518 4653 2532 4673 ‚
2555 4618 2641 4681 qui
2676 4618 2867 4681 plenam
2890 4618 3177 4680 potestatem
3216 4618 3452 4681 habebat,
3468 4621 3605 4672 missi
3627 4630 3748 4675 sunt

2154 4692 2395 4752 Megaram
2442 4690 2528 4753 qui
2563 4693 2807 4741 Teucrum
2843 4690 3140 4739 arcesserent
3184 4710 3197 4741 ε
3238 4689 3305 4752 is,
3352 4690 3612 4753 impetrata
3650 4696 3747 4745 im-
3793 4684 3799 4695 ’

2154 4762 2397 4824 punitate,
2432 4761 2531 4811 huc
2566 4773 2820 4823 reversus,
2848 4760 3051 4810 nomina
3090 4760 3261 4811 edebat
3298 4774 3468 4811 eorum
3495 4776 3623 4825 quos
3658 4775 3747 4823 sni

2154 4846 2319 4883 secum
2344 4833 2535 4883 sceleris
2552 4832 2713 4883 aiebat
2742 4845 2847 4883 oese
2873 4832 3137 4883 consortes.
3203 4831 3364 4882 Etiam
3393 4832 3443 4882 lii
3466 4836 3747 4888 secundum

2152 4904 2325 4955 Teucri
2348 4904 2583 4953 indicium
2617 4904 2728 4966 suga
2771 4904 2977 4954 salutem
3004 4903 3306 4966 quaerebant.
3372 4906 3506 4967 cape
3526 4906 3586 4956 tu
3620 4908 3747 4959 mihi

2154 4974 2262 5025 hoec
2284 4976 2499 5038 ipsorum
2526 4974 2723 5025 nomina
2745 4975 2894 5037 atque
2915 4975 3083 5025 recita.

2800 5074 3045 5124 NOMINA

2152 5158 2329 5204 Teucer
2356 5158 2441 5206 hos
2458 5158 2704 5207 indicavit=
2738 5159 3013 5214 Pluedrum,
3034 5158 3397 5215 Gnlpbonidem,
3422 5160 3705 5211 [sonantum
3733 5200 3746 5215 .

2205 5212 2617 5279 Bephaestodorum
2691 5212 3081 5279 erhisodorum,
3110 5224 3173 5278 ,⁸⁰
3208 5214 3391 5271 ipsum,
3427 5215 3745 5278 Diognetum.

2207 5266 2577 5367 {gagg-giem,
2630 5246 2970 5321 i’hiiocratem,
3018 5266 3375 5323 Antiphontem,
3426 5268 3746 5324 Tisarchum.
