3825 5842
131 496 376 573 (ιιι-πε)

849 491 1368 554 ANTIPHONTIS
1408 490 1698 554 ORATIO
1739 491 1842 553 DE
1885 491 2111 554 CAEDE
2161 492 2521 558 annonis.
3210 506 3283 557 88

129 628 306 689 πώποτε
324 622 654 706 χαριζόμενος
671 620 831 704 ἑτέρῳ
855 626 1006 683 τοῦτο
1029 622 1340 705 εἶργάσατος
1367 614 1517 702 οἶμαι
1543 621 1638 702 μὲν
1723 631 1899 696 puisse.
1965 632 2114 695 Atqui
2140 632 2249 695 quis
2276 632 2475 683 tandem
2500 632 2595 683 boc
2619 644 2837 696 unquam
2866 644 2926 684 eo
2962 634 3157 697 iecerit,
3192 650 3292 701 quo

127 714 208 797 γὰρ
225 715 390 775 οὐδένα
405 758 421 788 ,
444 710 580 771 ἀλλὰ
603 713 682 771 δεῖ
701 710 939 791 μεγάλην
957 710 1052 783 τὴν
1073 711 1266 792 ἔχθραν
1289 712 1542 793 ὑπάρχειν
1563 716 1640 793 τῷ
1727 721 1865 771 alteri
1886 720 2272 784 gratificaretur?
2294 724 2395 785 Ego
2412 723 2531 785 puto
2552 722 2793 773 neminem
2805 759 2821 785 ,
2845 722 2930 773 sed
2950 736 3142 787 magnas
3166 724 3294 775 inter

126 811 252 862 τοῦτο
275 802 500 879 μέλλοντι
520 799 757 872 ποιήσειν
773 844 789 873 ,
818 799 908 860 καὶ
943 798 1039 872 τὴν
1075 800 1320 880 πρόνοιαν
1345 803 1406 860 ἐκ
1431 802 1639 860 πολλῶν
1736 822 1919 859 cresum
1942 810 1992 859 et
2012 810 2312 860 occidentem
2338 810 2657 860 intercessisse
2691 810 2959 860 simultates
2979 824 3171 862 necesse
3192 814 3293 875 est,

127 882 238 950 εἶναι
255 888 464 973 φανερὰν
481 887 966 966 ἐπιδουλευομένην.
1050 887 1213 965 Ἐμοὶ
1235 887 1290 948 δὲ
1307 889 1532 972 κάκείνῳ
1548 892 1643 949 οὔκ

63 1003 104 1041 ιο
124 970 178 1050 ’ἧν
202 978 342 1058 ἔχθρα
369 975 602 1055 οὐδεμία.
686 976 778 1054 (ss)
809 975 966 1036 Ἀλλὰ
999 974 1254 1057 χρήματα
1285 976 1504 1053 ἔμελλον
1541 976 1641 1049 λή-

127 1068 286 1145 ψισθαι
317 1064 613 1131 ἀποκτείνας
640 1062 834 1142 αὖτόν;
861 1064 980 1121 ἀλλ’
1007 1065 1106 1122 οὐκ
1139 1054 1204 1136 ἦν
1234 1064 1397 1144 αὐτῷ.
1483 1054 1604 1124 Εἶεν
1619 1108 1638 1142 ,

129 1152 240 1211 ἀλλὰ
257 1152 413 1219 δείσας
438 1151 558 1231 περὶ
581 1153 808 1229 ἐμαυτοῦ
840 1148 913 1227 μὴ
941 1151 1096 1219 αὐτὸς
1122 1153 1248 1232 παρ’
1275 1150 1472 1211 ἐκείνου
1493 1156 1646 1211 τοῦτο

127 1240 343 1317 πάθοιμι;
370 1239 454 1299 καὶ
485 1240 589 1319 γὰρ
623 1237 690 1298 ἂν
727 1241 831 1297 τῶν
855 1237 1098 1298 τοιούτων
1127 1238 1282 1297 ἕνεκά
1310 1262 1386 1307 τις
1413 1242 1644 1319 ἀναγκα·

127 1326 250 1398 σθείη
278 1332 418 1387 τοῦτο
463 1326 804 1409 ἐργάσασθαι.
908 1326 1047 1387 Ἀλλ’
1091 1325 1236 1386 οὐδέν
1279 1351 1368 1405 μοι
1415 1333 1645 1388 τοιοῦτον

128 1420 328 1497 ὑπῆρκτο
351 1418 420 1483 εἷς
461 1414 638 1475 αὐτόν.
725 1414 817 1491 (aa)
848 1411 1008 1473 Ἀλλὰ
1044 1413 1126 1472 σοὶ
1167 1416 1369 1491 μᾶλλον
1413 1414 1516 1494 ἐγὼ
1546 1414 1643 1487 τὴν

126 1502 350 1584 πρόφασιν
381 1501 573 1575 ταύτην
601 1501 777 1581 ἔχοιμ’
806 1500 870 1560 ἂν
893 1499 1104 1569 εἰκότως
1131 1500 1266 1578 μετὰ
1292 1506 1385 1575 τῆς
1407 1502 1650 1575 ἀληθείας

63 1603 106 1641 1⁵
126 1592 380 1665 ἀναθεῖναι,
395 1588 474 1649 ὅτι
497 1588 794 1671 χρημάτων
821 1586 974 1647 ἕνεκα
998 1592 1164 1677 ζητεῖς
1191 1588 1283 1667 ἐμὲ
1313 1592 1644 1664 ἀποκτεῖναι,

127 1676 356 1750 μᾶλλονῆ
399 1676 462 1737 σὺ
492 1677 632 1756 ξὲμοὶ
671 1678 884 1737 ἐκεῖνον·
923 1676 1014 1735 καὶ
1055 1676 1188 1736 πολὺ
1230 1674 1293 1735 ἂν
1334 1677 1650 1759 δικαιότερον

126 1766 278 1837 ἇλοίης
295 1772 380 1826 τοῦ
405 1766 560 1847 φόνου
589 1764 686 1844 ἐμὲ
715 1763 1018 1833 ἀποκτείνας
1052 1764 1150 1825 ὑπὸ
1176 1768 1280 1824 τῶν
1304 1766 1422 1843 ἐμοὶ
1449 1788 1648 1847 προση-

125 1853 316 1928 κόντων,
345 1854 380 1927 ἣ
416 1853 520 1935 ἐγὼ
559 1852 666 1913 ὑπὸ
694 1858 787 1913 σοῦ
827 1852 918 1912 καὶ
951 1856 1058 1912 τῶν
1099 1851 1296 1912 ἐκείνου
1331 1853 1649 1931 ἀναγκαίων.

127 1940 252 2019 Ἐγὼ
277 1939 362 2018 μὲν
388 1941 486 2022 γάρ
510 1964 598 2001 σοι
639 1938 866 2023 φανερὰν
899 1939 995 2013 τὴν
1027 1938 1269 2019 πρόνοιαν
1294 1942 1364 2008 εἷς
1387 1939 1482 2019 ἐμὲ
1510 1943 1646 2001 ἀπο-

129 2028 358 2105 δείκνυμι,
385 2028 446 2088 σὺ
470 2028 526 2088 δέ
555 2053 628 2107 με
653 2032 707 2089 ἐν
730 2030 916 2111 ἀφανεῖ
935 2028 1077 2110 λόγῳ
1093 2032 1270 2101 ιζητεῖς
1299 2029 1572 2089 ἀπολέσαι.

191 2137 256 2176 so.
284 2119 456 2177 Ταῦτα
493 2116 599 2195 μὲν
641 2118 764 2195 ὑμῖν
790 2115 959 2196 λέγω,
997 2120 1068 2183 ὥς
1096 2118 1238 2198 αὐτῷ
1279 2140 1369 2194 μοι
1395 2116 1655 2200 πρόφασιν

128 2203 342 2281 οὗδεμίαν
389 2204 496 2286 ἔχει
523 2208 834 2266 ἀποκτεῖναι
874 2204 964 2265 τὸν
1002 2204 1185 2285 ἄνδρα·
1230 2206 1310 2263 δεῖ
1355 2203 1413 2263 δέ
1457 2228 1524 2283 με
1564 2203 1656 2262 καὶ

62 2307 107 2349 20
131 2290 242 2373 ὑπὲρ
257 2293 466 2353 Λυκίνου
489 2293 927 2373 ἀπολογήσασθαι
940 2338 956 2367 ,
975 2296 1044 2362 ὣς
1059 2292 1250 2367 ἔοικεν,
1270 2292 1387 2353 ἀλλ’
1408 2295 1506 2374 οὐχ
1527 2292 1656 2374 ὑπὲρ

131 2381 264 2438 αὑτοῦ
290 2380 460 2457 μόνον,
477 2386 548 2450 ὣς
577 2384 690 2441 οὐδ’
715 2384 906 2441 ἐκεῖνον
925 2380 1134 2450 εἰκότως
1156 2383 1442 2443 αἰτιῶνται.
1501 2380 1657 2460 Λέγω

127 2466 272 2529 τοίνυν
295 2473 410 2549 ὑμῖν
440 2469 520 2531 ὅτι
544 2470 720 2529 ταύτὰ
749 2474 889 2550 iau-39
915 2493 980 2551 ἐν
1011 2472 1155 2552 αὗτῷ
1196 2472 1270 2538 εἰς
1298 2472 1491 2529 ἐκεῖνον
1519 2468 1657 2549 ἅπερ

129 2556 242 2630 ἐμοί·
312 2557 422 2617 οὔτε
459 2558 560 2641 γὰρ
575 2558 849 2641 ,χρήματα
926 2582 951 2617 ν
989 2559 1132 2638 αὐτῷ
1161 2557 1344 2619 ὁπόθεν
1379 2556 1442 2617 ἂν
1471 2555 1657 2617 ἔλαὸεν

130 2644 400 2714 ἀποκτείνας
415 2649 614 2707 ἐκεῖνον
631 2692 647 2720 ,
675 2645 794 2706 οὔτε
821 2645 1048 2714 κίνδυνος
1072 2649 1214 2728 αὐτῷ
1229 2649 1462 2727 ὑπῆρχεν
1493 2646 1656 2714 οὐδεὶς

130 2728 276 2791 ὅντινα
301 2732 556 2817 διέφευγεν
588 2734 934 2803 ἀποθανόντος
960 2734 1172 2795 ἐκείνου.
1266 2734 1332 2813 (s)
1359 2736 1410 2794 Τ
1411 2732 1658 2816 εκμήριον

132 2816 177 2877 δὲ
201 2820 420 2901 μέγιστον
451 2826 521 2889 ὣς
543 2825 645 2883 οὔκ
667 2822 910 2883 ἐδούλετο
927 2822 1082 2882 αὐτὸν
1114 2820 1387 2882 ἀπολέσαι·
1419 2822 1526 2891 ἐξὸν
1556 2822 1658 2903 γὰρ

69 2925 112 2965 ts
133 2908 250 2989 αὐτῷ
267 2912 315 2968 ἐν
337 2915 493 2991 ἀγῶνι
512 2911 610 2972 καὶ
631 2909 854 2993 κινδύνῳ
875 2910 1090 2991 μεγάλῳ
1113 2908 1502 2981 καταστήσαντι
1523 2910 1658 2988 μετὰ

132 2997 220 3054 τῶν
236 2996 390 3075 νόμων
405 3004 508 3059 τῶν
527 2999 798 3081 ὑμετέροιν
819 2998 1073 3059 ἀπολέσαι
1085 3000 1297 3073 ἐκεῖνον,
1322 2997 1467 3079 εἴπερ
1491 3020 1660 3077 προω-

133 3084 308 3162 φείλετο
332 3089 466 3167 αὐτῷ
493 3086 692 3161 κακόν,
719 3085 812 3147 καὶ
838 3085 900 3145 τό
918 3108 976 3144 τε
996 3085 1126 3145 ἴδιον
1161 3086 1222 3144 τὸ
1251 3088 1410 3145 αὑτοῦ
1436 3084 1660 3165 διαπρᾶι-

135 3168 292 3238 ξασθαι
316 3176 402 3233 καὶ
425 3180 492 3256 τῇ
522 3174 683 3233 πόλει
705 3178 773 3253 τῇ
801 3173 1025 3254 ὑμετέρᾳ
1053 3172 1209 3254 χάριν
1237 3170 1587 3250 καταθέσθαι,
1618 3173 1663 3230 εἰ

135 3260 354 3331 ἐπέδειξεν
394 3265 680 3324 ἀδικοῦντα
717 3262 908 3322 ἐκεῖνον
921 3306 938 3337 ,
974 3263 1068 3321 οὐκ
1112 3260 1323 3333 ἠξίωσεν
1341 3306 1358 3336 ,
1397 3260 1514 3320 ἀλλ’
1552 3261 1658 3319 οὐδ’

134 3338 264 3419 ἦλθεν
299 3350 379 3410 ἐπὶ
411 3356 584 3411 τοῦτο.
675 3347 866 3410 Καίτοι
902 3348 1135 3409 καλλίων
1160 3370 1220 3429 γε
1261 3340 1326 3422 ἦν
1369 3352 1398 3407 ὁ
1435 3346 1668 3415 κίνδυνος

134 3458 269 3518 αυτῳ.

713 3576 1057 3626 namen.

201 3748 263 3791 σι.
294 3729 448 3795 Ἀλλὰ
480 3730 587 3812 γὰρ
614 3730 836 3791 ἐνταῦθα
882 3726 976 3808 μὶν
1004 3730 1203 3809 ἀφῆκεν
1239 3724 1412 3785 αὐτόν·
1467 3725 1523 3783 οὖ
1567 3721 1668 3805 γὰρ

73 3832 116 3871 aa
135 3816 222 3875 ἔδει
241 3819 536 3879 κινδυνεύειν
563 3818 724 3878 αὖτὸν
749 3818 871 3899 περί
891 3840 949 3877 τε
976 3818 1135 3876 αὑτοῦ
1161 3813 1252 3873 καὶ
1277 3814 1422 3892 ἐμοῦ·
1445 3812 1668 3872 ἐνταῦθα

139 3902 174 3961 δ’
194 3905 528 3982 ἐπεὸούλευεν,
553 3910 614 3967 ἐν
637 3898 682 3988 ᾧ
703 3906 946 3985 γνωσθεὶς
965 3903 1027 3963 ἂν
1053 3900 1327 3982 ἀπεστέρει
1347 3900 1442 3978 μὲν
1461 3900 1556 3979 ἐμὲ
1578 3904 1671 3972 τῆς

138 3994 382 4075 πατρίδος,
406 3996 686 4077 ἀπεστέρει
713 3994 770 4054 δὲ
801 3992 954 4053 αὖτὸν
981 3994 1132 4073 ἱερῶν
1161 3989 1250 4049 καὶ
1272 3987 1426 4049 ὁσίων
1453 3988 1670 4047 καὶτῶν

141 4078 287 4139 ἄλλων
315 4082 445 4163 ἅπερ
475 4084 706 4161 μέγιστα
732 4081 824 4141 καὶ
858 4081 979 4161 περὶ
1001 4077 1246 4138 πλείστου
1283 4076 1421 4136 ἐστὶν
1467 4074 1669 4155 ἀνθρώ-

141 4188 250 4235 ποῐς.
325 4166 553 4233 Ἔπειτα
581 4172 628 4231 δ’
650 4172 695 4230 εἰ
720 4169 812 4230 καὶ
839 4172 909 4237 ὣς
933 4167 1162 4247 μάλιστα
1187 4164 1428 4225 ἐ6ούλετο
1460 4164 1614 4223 αὐτὸν
1644 4166 1672 4221 ὃ

142 4259 330 4326 Λυκῖνος
349 4259 592 4320 τεθνάναι
617 4250 765 4338 (εἶμι
785 4256 887 4338 γὰρ
909 4257 999 4317 καὶ
1028 4256 1114 4315 ἐπὶ
1135 4254 1224 4313 τὸν
1244 4256 1348 4313 τῶν
1368 4252 1672 4333 κατηγόρων

142 4341 330 4424 λόγον),
350 4340 408 4406 οὗ
430 4346 590 4415 αὐτὸς
619 4350 714 4407 οὐκ
728 4344 874 4419 ἠξίου
901 4346 1143 4425 αὐτόχειρ
1157 4341 1419 4419 γενέσθαι,
1438 4344 1590 4400 τοῦτο
1615 4339 1674 4398 τὸ

143 4428 267 4508 ἔργον
293 4435 391 4514 ἐγώ
417 4439 538 4495 ποτ’
571 4434 637 4493 ὃν
663 4434 908 4505 ἐπείσθην
932 4432 1040 4491 ἀντ’
1065 4430 1258 4490 ἐκείνου
1285 4434 1528 4507 ποιῆσαι,
1579 4428 1672 4507 (ss)

78 4526 120 4567 ³⁵
143 4518 328 4601 Πότερα
349 4525 418 4591 ὥς
437 4522 546 4603 ἐγὼ
569 4520 665 4600 μὲν
689 4514 751 4596 ἦν
774 4524 848 4602 τῷ
874 4519 1080 4599 σώματι
1105 4518 1393 4591 ἐπιτήδειος
1415 4517 1672 4576 διακινδυ-

141 4605 307 4685 νεύειν,
343 4614 538 4679 ἑκεῖνος
571 4610 626 4669 δὲ
650 4608 893 4690 χρήμασι
920 4606 1007 4667 τὸν
1035 4606 1160 4685 ἐμὸν
1187 4605 1417 4666 κίνδυνον
1459 4604 1674 4684 ἔκπρία-

145 4699 270 4771 σθαι;
309 4702 365 4759 οὗ
395 4702 550 4775 δῆτα·
581 4703 656 4781 τῷ
681 4697 778 4777 μὲν
804 4695 907 4779 γὰρ
943 4698 1037 4757 οὐκ
1057 4686 1124 4770 ἦν
1165 4694 1448 4778 χρήματα,
1477 4693 1594 4771 ἐμοὶ
1623 4692 1678 4752 δὲ

145 4773 213 4853 ἦν·
243 4788 351 4846 ἀλλ’
382 4788 512 4847 αὐτὸ
538 4788 602 4847 τὸ
639 4785 864 4847 ἐναντίον
903 4786 1090 4853 ἐκεῖνος
1115 4789 1264 4843 τοῦτο
1286 4789 1476 4843 θᾶσσον
1501 4779 1564 4840 ἂν
1589 4784 1676 4839 ὑπ’

146 4872 256 4946 ἐμοῦ
279 4872 488 4947 ἐπείσθη
515 4874 657 4935 κατά
684 4897 746 4954 γε
769 4872 832 4932 τὸ
852 4872 985 4940 εἰκὸς
1009 4870 1046 4944 ἢ
1073 4869 1178 4950 ἐγὼ
1203 4869 1304 4930 ὑπὸ
1324 4870 1534 4943 τούτου,
1565 4868 1679 4928 ἐπεὶ

139 4958 305 5029 ἐκεῖνός
319 4964 367 5039 γ’
393 4962 582 5023 ἑαυτὸν
608 4962 716 5023 οὐδ’
736 4960 1062 5040 ὑπερήμερον
1086 4959 1358 5039 γενόμενον
1379 4955 1512 5018 ἔπτὰ
1536 4960 1678 5036 μνῶν

149 5046 334 5117 δυνατὸς
350 5044 413 5123 ἧν
431 5050 712 5125 λύσασθαι,
735 5052 854 5110 ἀλλ’
879 5052 927 5109 οῖ
948 5048 1084 5132 φίλοι
1103 5047 1255 5108 αὐτὸν
1277 5046 1546 5107 ἐλύσαντο.
1571 5045 1680 5107 Καὶ

88 5154 132 5191 ⁴⁰
149 5134 228 5209 μὲν
251 5138 310 5209 δὴ
333 5138 422 5197 καὶ
448 5144 544 5212 τ’ἥς
569 5140 752 5221 χρείας
777 5142 869 5211 τῆς
898 5139 1026 5215 ἐμῆς
1051 5136 1141 5196 καὶ
1165 5139 1256 5208 τῆς
1285 5134 1509 5197 Λυκίνου
1531 5138 1681 5193 τοῦτο

149 5224 254 5297 ὖμῖν
277 5224 516 5306 μέγιστον
545 5226 826 5310 τεκμήριόν
848 5226 1008 5299 ἐστιν,
1032 5222 1111 5283 ὅτι
1128 5224 1186 5283 οὗ
1208 5222 1410 5304 σφόδρα
1434 5219 1679 5302 ἐχρώμην

155 5308 240 5397 ἐγὼ
267 5314 471 5397 Λυκίνῳ
506 5314 674 5397 φίλῳ,
705 5318 778 5384 ὣς
819 5312 995 5374 πάντα
1040 5315 1261 5385 ποιῆσαι
1299 5308 1362 5368 ἂν
1395 5309 1464 5368 τὰ
1500 5306 1679 5390 ἐκείνῳ

343 5428 608 5471 mman-

1731 898 1782 947 et
1811 909 1840 946 e
1859 895 2027 947 multis
2046 898 2311 948 constitisse
2332 896 2520 947 indiciis
2545 897 2683 947 alteri
2696 898 2758 948 ab
2779 898 2931 949 altero
2948 899 3142 951 insidias
3156 912 3295 951 com-

1731 982 1904 1049 parari.
1970 984 2088 1035 Mihi
2114 998 2233 1035 vero
2254 997 2367 1035 cum
2386 984 2575 1035 Herode
2591 984 2772 1036 dissidii
2797 985 2917 1037 nihil
2934 1000 3153 1051 unquam
3184 989 3295 1041 suit.

1734 1072 1834 1137 (58)
1868 1074 1933 1123 At
1951 1072 2135 1137 argenti
2156 1072 2419 1137 cupiditate
2442 1072 2630 1123 illectus
2666 1086 2777 1125 eum
2810 1076 3021 1139 peremi?
3048 1076 3143 1129 sed
3164 1090 3297 1129 care-

1735 1165 1819 1216 bat
1835 1178 1909 1216 eo.
1972 1167 2088 1217 Esto
2112 1182 2123 1215 ε
2148 1166 2200 1216 at
2226 1168 2361 1217 metu
2383 1166 2548 1217 tamen
2564 1203 2581 1230 ,
2612 1180 2700 1231 ne,
2720 1168 2811 1219 nisi
2840 1181 2929 1232 ego
2954 1169 3267 1233 praevenirem
3280 1204 3297 1231 ,

1735 1252 1817 1303 ille
1850 1266 1931 1303 me
1966 1256 2161 1317 repente
2196 1255 2516 1318 opprimeret?
2550 1268 2663 1305 nam
2696 1256 2842 1307 etiam
2873 1256 3108 1318 ejusmodi
3140 1258 3299 1307 metus

1737 1342 2016 1405 quempiam
2034 1341 2097 1391 ad
2116 1342 2301 1393 lacinus
2325 1342 2552 1406 impellat.
2618 1346 2680 1394 At
2701 1343 2821 1394 nihil
2848 1344 2947 1395 tale
2969 1344 3091 1393 mibi
3109 1356 3223 1393 cum
3242 1356 3299 1394 eo

1737 1431 1856 1479 erat.
1911 1428 2009 1493 (⁵9)
2029 1429 2184 1480 Multo
2200 1430 2443 1480 enimvero
2473 1429 2645 1492 majori
2661 1432 2877 1482 veritatis
2898 1434 3055 1495 specie
3076 1444 3165 1495 ego
3182 1444 3299 1481 con·

1737 1517 1934 1568 tendere
1950 1517 2128 1581 possim
2151 1519 2200 1568 te
2220 1518 2315 1569 boc
2336 1530 2502 1582 agere,
2522 1520 2578 1570 ut
2594 1533 2623 1570 e
2641 1533 2758 1571 nece
2779 1533 2887 1571 mea
2904 1520 3133 1584 ditescas,
3152 1533 3302 1584 quam

1739 1607 1794 1655 tu
1817 1619 1898 1656 me
1920 1605 2187 1657 criminaris
2216 1620 2245 1657 e
2264 1620 2383 1658 nece
2412 1608 2613 1658 Herodis
2638 1609 2872 1660 ditescere
2896 1609 3102 1659 voluisse
3133 1623 3147 1653 ι
3178 1612 3234 1660 tu
3258 1610 3299 1659 si

1739 1707 1820 1745 me
1835 1708 1922 1759 per
1937 1695 2033 1745 boc
2048 1694 2287 1758 iudicium
2305 1696 2448 1747 tollas
2459 1732 2476 1759 ,
2494 1696 2652 1747 multo
2670 1697 2843 1759 potiori
2856 1697 2967 1760 iure
2984 1710 3013 1747 a
3030 1696 3305 1747 necessariis

1739 1784 1861 1834 meis
1887 1783 2134 1833 homicidii
2158 1796 2269 1833 reus
2285 1784 2550 1847 peragatis,
2568 1796 2717 1849 quam
2734 1798 2821 1848 ego
2846 1794 2937 1835 ans
2960 1786 3011 1835 te
3028 1787 3080 1836 et
3108 1784 3305 1847 reliquis

1743 1870 1944 1921 Herodis
1978 1872 2255 1923 necessariis
2284 1872 2430 1923 caedis
2462 1884 2573 1923 reus
2588 1884 2719 1936 agor.
2774 1877 2871 1936 Ego
2902 1873 3031 1923 enim
3056 1871 3305 1937 perspicue

1743 1957 1792 2006 te
1825 1957 1945 2006 mibi
1970 1956 2165 2009 insidias
2197 1970 2476 2022 comparare
2517 1960 2748 2023 ostend03
2785 1962 2839 2012 tu
2870 1972 2987 2013 vero
3028 1960 3305 2013 causatione

1743 2044 1947 2095 obscura
1978 2058 2057 2096 me
2075 2046 2239 2097 studes
2260 2047 2474 2109 perdere.

1808 2139 1887 2183 60.
1926 2136 2044 2185 iloec
2066 2134 2130 2184 ad
2146 2148 2233 2185 vos
2250 2134 2517 2201 disputavi,
2536 2150 2636 2200 quo
2659 2139 2909 2201 appareret
2940 2136 3159 2187 mihimet
3186 2137 3304 2187 nibil

1745 2234 1903 2273 causoe
1923 2222 2065 2274 misse
2079 2236 2167 2273 cur
2188 2222 2427 2275 Herodem
2442 2226 2711 2276 occiderem
2734 2245 2746 2276 ι
2767 2226 2848 2277 sed
2876 2240 2973 2276 non
2988 2239 3075 2289 ego
3093 2228 3304 2288 tantum,

1747 2322 1916 2360 verum
1948 2311 2095 2361 etiam
2126 2312 2331 2375 Lycinus
2350 2312 2469 2363 rm’hi
2498 2312 2825 2365 defendendus
2856 2326 2959 2364 esse
2982 2313 3190 2377 videtur,
3213 2313 3305 2364 do·

1746 2398 2076 2462 cendumque,
2111 2413 2173 2450 ne
2204 2400 2342 2450 illum
2362 2400 2559 2465 quidem
2590 2401 2825 2465 probabili
2856 2400 3041 2451 ratione
3072 2401 3307 2451 accusari.

1748 2487 1929 2549 Lycino
1954 2488 2101 2550 igitur
2136 2489 2213 2539 aio
2247 2489 2416 2539 eadem
2436 2490 2585 2554 atque
2620 2490 2739 2540 mibi
2760 2502 2875 2541 cum
2902 2488 3092 2541 Herode
3121 2489 3265 2539 fuisse
3290 2502 3304 2537 :

1748 2588 1862 2625 nam
1878 2589 2039 2639 neque
2062 2589 2179 2639 opes
2194 2577 2371 2627 Herodi
2389 2580 2557 2641 erant,
2581 2578 2761 2642 quibus
2776 2578 2923 2641 potiri
2945 2576 3153 2641 Lycinus
3164 2576 3313 2626 inter-

1748 2664 1876 2714 fecto
1912 2664 1997 2714 illo
2022 2664 2283 2729 potuisset,
2324 2680 2483 2731 neque
2512 2666 2769 2717 discrimen
2806 2667 2963 2717 ullum
2994 2668 3099 2717 erat
3116 2702 3131 2727 ,
3176 2664 3310 2729 quod

1751 2753 1961 2815 Lycinus
1980 2766 2066 2816 per
2090 2766 2259 2804 necem
2284 2754 2489 2805 Herodis
2524 2755 2771 2818 effugeret.
2839 2754 2939 2819 (61)
2970 2756 3211 2806 Praeterea
3249 2764 3315 2802 ne

1751 2840 1908 2891 voluit
1938 2840 2134 2903 quidem
2169 2843 2379 2904 Lycinus
2404 2856 2517 2894 eum
2546 2842 2745 2907 perdere
2776 2862 2788 2893 ι
2824 2856 2938 2893 nam
2972 2842 3011 2893 si
3045 2841 3277 2892 voluisset
3290 2878 3307 2903 ,

1750 2930 1941 2991 poterat
1957 2929 2135 2979 eumin
2158 2933 2399 2982 certamen
2419 2933 2605 2982 forense
2621 2932 2874 2993 conjicere,
2894 2931 3033 2994 cujus
3049 2931 3129 2980 bic
3148 2930 3313 2979 fuisset

1751 3016 1939 3080 esitus,
1964 3020 2021 3067 ut
2052 3018 2265 3069 Herodes
2290 3033 2351 3069 ex
2369 3019 2557 3083 legibus
2592 3021 2764 3071 vestris
2794 3022 2953 3071 morte
2977 3020 3311 3070 mulctaretur.

1753 3105 1807 3155 Si
1838 3104 2105 3156 debebatur
2128 3107 2307 3157 Herodi
2330 3120 2359 3156 a
2378 3108 2559 3170 Lycino
2591 3108 2775 3157 malum
2788 3144 2804 3171 ,
2832 3108 3021 3170 poterat
3052 3107 3147 3157 hoc
3167 3106 3313 3156 modo

1753 3192 1961 3256 Lycinus
1982 3193 2192 3256 privatas
2208 3206 2321 3245 suas
2345 3196 2545 3257 injurias
2578 3195 2769 3258 ulcisci,
2790 3206 2981 3257 unaque
3005 3208 3095 3245 vos
3120 3206 3313 3257 prome-

1754 3284 1874 3348 reri,
1893 3284 2137 3349 docendo,
2152 3286 2499 3349 rempublicam
2519 3286 2581 3336 ab
2595 3298 2653 3337 eo
2670 3286 2836 3356 laesam
2858 3298 2959 3336 esse
2983 3306 2995 3335 ι
3017 3297 3315 3350 quamquam

1756 3375 1849 3425 boc
1871 3377 1914 3427 ei
1936 3376 2099 3429 luisset
2122 3378 2367 3429 honestius
2397 3379 2669 3441 certamen,
2695 3378 2852 3428 noluit
2878 3380 3041 3427 tamen
3068 3375 3129 3426 ad
3153 3374 3201 3425 id
3227 3374 3315 3425 de-

1755 3465 2001 3517 scendet-e.

2412 3582 2659 3632 TESTE-S.

1820 3735 1898 3781 62.
1927 3731 2065 3781 Tunc
2084 3729 2225 3793 igitur
2243 3728 2422 3780 dimisit
2438 3728 2687 3780 inimicum
2700 3765 2716 3791 ,
2731 3741 2886 3792 quum
2905 3726 3071 3777 ulcisci
3088 3726 3319 3790 potuisset

1758 3820 1860 3871 sine
1880 3834 2065 3884 suoque
2096 3834 2305 3885 meoque
2334 3821 2547 3885 periculo
2559 3837 2575 3884 ;
2600 3834 2732 3871 nunc
2749 3834 2865 3871 vero
2882 3818 3063 3869 struxit
3092 3818 3285 3868 insidias
3300 3856 3317 3881 ,

1757 3912 1840 3962 ubi
1865 3912 2190 3976 deprehensus
2206 3927 2286 3964 me
2308 3913 2539 3977 privasset
2561 3914 2742 3977 patria,
2762 3914 2914 3962 semet
2926 3912 3159 3974 privasset
3174 3909 3323 3960 sacris

1758 4004 2050 4069 reliquisque
2066 4005 2291 4057 omnibus
2311 4043 2327 4069 ,
2352 4018 2463 4067 quae
2490 4004 2691 4054 maximi
2710 4002 3003 4067 plurimique
3023 4002 3207 4051 faciunt
3230 4001 3319 4050 bo-

1759 4102 1927 4153 mines.
1958 4104 2142 4152 Verum
2158 4138 2173 4163 ,
2210 4104 2267 4151 ut
2302 4101 2625 4151 concedamus
2668 4100 2901 4161 tantisper
2937 4096 3319 4147 adversariorum

1759 4192 2064 4255 praeteutioni
2077 4229 2092 4255 ,
2116 4195 2219 4243 esto
2246 4192 2323 4242 vel
2340 4192 2551 4241 maxime
2574 4190 2805 4253 Lycinum
2823 4188 3061 4239 Herodem
3078 4186 3320 4237 sublatum

1761 4283 1969 4334 voluisse
2002 4303 2015 4335 ι
2048 4283 2219 4334 ideone
2240 4297 2327 4347 ego
2354 4284 2471 4334 mibi
2489 4282 2763 4347 persuaderi
2784 4294 2954 4346 passus
2970 4294 3081 4332 sum
3097 4317 3113 4343 ,
3132 4292 3219 4343 pro
3235 4278 3321 4329 illo

1761 4378 1947 4431 facinus
1965 4380 2121 4431 facere
2138 4418 2153 4443 ,
2172 4380 2304 4444 quod
2323 4380 2403 4430 ille
2422 4380 2525 4443 ipse
2542 4380 2642 4431 suis
2658 4378 2881 4429 manibus
2896 4378 3087 4441 patrare
3108 4387 3207 4424 non
3230 4387 3321 4423 au-

1761 4476 1929 4525 deret?
1990 4474 2087 4538 (63)
2115 4476 2269 4537 Num,
2298 4476 2354 4525 ut
2370 4487 2457 4537 ego
2479 4486 2678 4537 corpore
2698 4470 2920 4521 valebam
2952 4467 3017 4518 ad
3052 4467 3325 4533 periculum

1763 4572 2037 4623 adeundum
2054 4608 2069 4635 ,
2093 4573 2159 4623 ita
2177 4572 2279 4635 ipse
2299 4572 2496 4637 opibus,
2514 4572 2693 4635 quibus
2712 4581 2873 4621 meam
2898 4578 3096 4631 operam
3116 4564 3325 4616 redime-

1764 4665 1874 4714 ret?
1905 4667 2013 4715 Non
2036 4664 2204 4727 utique
2226 4683 2239 4713 ι
2266 4663 2415 4714 ἰιιιιιιο
2432 4663 2647 4725 locuples
2658 4675 2748 4726 ego
2761 4697 2777 4724 ,
2796 4660 2878 4711 illc
2892 4670 3078 4722 pauper
3094 4672 3109 4718 3
3128 4656 3249 4707 adeo
3268 4658 3327 4707 ut

1764 4755 1921 4805 multo
1946 4754 2087 4805 citius
2103 4769 2193 4819 ego
2223 4756 2385 4819 potius
2410 4754 2646 4817 Lycinum
2668 4752 2732 4803 ad
2752 4752 2847 4802 boc
2868 4749 3161 4815 permovisse
3176 4745 3329 4797 videri

1766 4850 1965 4915 possim,
1996 4864 2147 4916 quam
2178 4850 2261 4901 ille
2298 4863 2377 4900 me
2391 4886 2407 4912 ,
2427 4846 2821 4912 quandoquidem
2856 4848 3041 4909 septem
3064 4843 3221 4893 minas
3250 4838 3327 4889 dic

1765 4944 1961 4995 evoluta
1994 4944 2263 5009 persolvere
2294 4955 2392 4992 non
2434 4942 2623 5005 potuit3
2651 4954 2800 5005 quare
2822 4939 2967 4989 amici
3001 4950 3115 4988 eum
3148 4934 3325 4986 libera·

1769 5037 1902 5086 runt.
1934 5040 2043 5088 Jam
2074 5036 2208 5100 quod
2232 5035 2609 5085 familiaritatem
2632 5032 2833 5094 attinet,
2866 5043 2981 5093 quae
3000 5040 3112 5077 cum
3146 5024 3325 5087 Lycino

1769 5129 1890 5179 mihi
1920 5128 2265 5190 intercesserit,
2292 5140 2355 5177 ex
2375 5124 2757 5178 luculentissimo
2772 5125 2865 5175 hoc
2886 5119 3167 5183 argumento
3182 5112 3327 5163 intel-

1768 5221 1911 5285 ligitis
1926 5256 1943 5283 ,
1966 5234 2073 5271 eam
2110 5234 2207 5271 non
2237 5222 2424 5273 tantam
2461 5221 2632 5281 luisse,
2682 5220 2739 5267 ut
2771 5223 3077 5280 quaecuuque
3113 5208 3183 5259 illi
3204 5206 3328 5271 'pla-

1769 5314 1981 5367 cuissent
2016 5328 2103 5377 ego
2140 5312 2363 5364 facerem.
2398 5316 2517 5364 Nam
2551 5310 2782 5376 quoniam
2816 5320 2879 5357 ne
2914 5305 3095 5368 septem
3131 5298 3330 5365 quidem
