3825 5842
947 539 1119 601 ISAEI
1160 540 1282 601 ΟΒ.
1337 540 1438 601 DE
1480 538 1858 601 MENECLIS
1901 542 2407 605 HEREDITATE.

126 674 404 753 νομοθέτης,
429 663 476 734 ῶ
503 674 696 756 ἄνδρες,
715 671 798 731 διὰ
817 678 966 734 τοῦτο
985 673 1070 732 τὸν
1095 672 1249 752 νόμον
1270 672 1448 747 ἔθηκεν
1474 674 1653 746 οὕτως,

125 769 240 845 ὁρῶν
255 764 418 841 μόνην
445 762 644 835 ταύτην
671 760 973 843 καταφυγὴν
1007 753 1164 821 οὖσαν
1192 766 1284 833 τῆς
1321 761 1540 843 ἐρημίας
1566 760 1656 822 καὶ

125 852 424 934 παραψυχὴν
465 854 556 909 τοῦ
607 849 720 929 βίου
766 858 869 917 τοῖς
895 850 1080 909 ἄπαισι
1120 854 1221 909 τῶν
1261 850 1569 932 ἀνθρώπων,
1598 848 1659 908 τὸ

125 938 290 1007 ἐξεῖναι
313 937 634 1009 ποιήσασθαι
660 935 832 995 ὅντινα
861 935 925 995 ἂν
964 935 1271 1016 βούλωνται.
1357 936 1444 1019 (1⁴)
1479 936 1658 999 Διδόν-

64 1043 86 1079 s
123 1050 214 1083 των
237 1017 320 1085 οὖν
335 1028 441 1083 τῶν
457 1023 634 1101 νόμων
660 1026 802 1105 αὐτῷ
817 1025 1075 1083 ποιεῖσθαι
1099 1024 1185 1084 διὰ
1204 1024 1264 1083 τὸ
1289 1016 1420 1085 εἶναι
1437 1025 1657 1098 ἄπαιδα,

127 1113 208 1191 ἐμὲ
229 1117 484 1190 ποιεῖται,
525 1116 621 1173 οὐκ
657 1115 712 1171 ἐν
760 1112 1062 1188 διαθήκαις,
1107 1104 1152 1172 ‹T›
1189 1114 1394 1194 ἄνδρες,
1427 1114 1658 1195 γράψας,

129 1202 308 1277 μέλλων
325 1199 694 1272 ἀποθνήσκειν,
713 1200 889 1280 ὥσπερ
909 1199 1060 1258 ἄλλοι
1076 1200 1208 1267 τινὲς
1227 1204 1328 1258 τῶν
1353 1198 1656 1281 ἀνθρώπων,

126 1288 217 1347 οὐδ’
237 1292 458 1347 ἀσθενῶν
475 1306 490 1321 ·
513 1289 629 1346 ἀλλ’
651 1288 912 1363 ὑγιαίνων,
931 1278 991 1346 εὗ
1017 1290 1235 1368 φρονῶν,
1261 1280 1316 1346 εὖ
1339 1290 1493 1365 νοῶν,
1513 1310 1660 1361 ποιη-

127 1376 320 1451 σάμενος
345 1374 550 1452 εἰσάγει
591 1398 656 1451 με
685 1378 756 1441 εἷς
797 1372 916 1441 τοὺς
941 1374 1200 1455 φράτορας
1226 1374 1498 1455 παρόντων
1533 1374 1657 1435 τοῦ-

65 1484 106 1523 ιο
127 1486 232 1535 τιον,
259 1462 346 1521 καὶ
363 1466 438 1530 εἷς
459 1460 582 1530 τοὺς
608 1461 842 1539 δημότας
869 1486 936 1539 με
959 1463 1206 1543 ἐγγράφει
1229 1462 1320 1521 καὶ
1339 1464 1410 1530 εἰς
1429 1462 1548 1530 τοὺς
1568 1465 1658 1539 ὀρ-

125 1555 311 1625 γεῶνας.
395 1550 486 1629 (ιο)
519 1549 628 1611 Καὶ
649 1549 766 1609 τότε
803 1548 897 1626 μὲν
921 1550 1065 1611 οὖδὲν
1091 1550 1362 1628 ἀντέλεγον
1400 1552 1542 1631 αὐτῷ
1570 1542 1656 1611 οἶ·

125 1660 192 1695 τοι
215 1642 281 1705 ὡς
308 1640 402 1697 οὐκ
429 1628 492 1697 εὗ
511 1636 800 1719 φρονοῦντι·
821 1636 990 1696 καίτοι
1008 1634 1141 1696 πολὺ
1169 1637 1382 1697 κάλλιον
1406 1628 1468 1711 ἦν
1489 1641 1657 1707 ζῶντα

121 1728 294 1785 πείθειν
315 1727 538 1802 ἐκεῖνον,
563 1724 614 1785 εἴ
626 1749 678 1784 τι
697 1724 978 1805 βούλοιντο,
995 1727 1196 1803 μᾶλλον
1219 1725 1254 1798 ἦ
1273 1725 1660 1801 τελευτήσαντα

121 1812 323 1891 ὑὸρίζειν
369 1813 464 1872 καὶ
516 1810 796 1895 ἐξερημοῦν
841 1814 998 1872 αὐτοῦ
1041 1811 1128 1871 τὸν
1164 1802 1323 1875 οἶκον.
1421 1812 1656 1875 Ἐπεὸίω

59 1926 98 1965 ιο
119 1898 208 1979 γὰρ
233 1905 419 1967 ἐκεῖνος
439 1900 579 1978 μετὰ
605 1900 700 1972 τὴν
730 1898 940 1971 ποίησιν
967 1902 1062 1960 οὐκ
1091 1900 1322 1960 ἐνιαυτὸν
1355 1900 1446 1961 ἕνα
1473 1900 1507 1972 ἢ
1533 1900 1655 1977 δύο,

123 1988 242 2045 ἀλλὰ
267 1988 382 2067 τρία
423 1987 524 2047 καὶ
551 1986 743 2047 εἴκοσιν
767 1986 888 2060 ἐτη·
916 1987 1010 2047 καὶ
1038 1990 1089 2047 ἐν
1128 1986 1298 2069 τούτῳ
1339 1992 1415 2069 τῷ
1449 1987 1653 2069 χρόνῳ,

121 2073 328 2157 τοσούτῳ
352 2076 466 2135 ὄντι
481 2121 500 2147 ,
527 2073 672 2135 οὐδὲν
721 2077 910 2143 ἐκεῖνος
937 2075 1171 2155 μετέγνω
1207 2080 1312 2135 τῶν
1347 2074 1657 2157 πεπραγμέ-

121 2184 210 2219 νων
239 2166 405 2245 ἑαυτῷ
417 2208 438 2236 ,
463 2162 555 2222 διὰ
594 2162 655 2222 τὸ
681 2164 828 2243 παρὰ
850 2162 1063 2222 πάντων
1093 2166 1454 2243 ὁμολογεῖσθαι
1479 2162 1560 2221 ὅτι
1591 2154 1655 2234 ἦν

121 2251 260 2326 ὀρθῶς
287 2248 718 2329 βεόουλευμένος.
806 2252 894 2327 (ιο)
923 2249 1032 2311 Καὶ
1055 2254 1124 2319 ὡς
1140 2253 1307 2324 ἀληθῆ
1323 2250 1459 2329 λε’γω
1473 2256 1657 2324 ταῦτα,

54 2354 98 2394 m
119 2340 198 2407 τῆς
222 2336 312 2413 μὲν
335 2337 604 2409 ποιήσεως
623 2339 746 2414 ὑμῖν
768 2335 883 2403 τοὺς
905 2337 1165 2420 φράτορας
1199 2339 1290 2397 καὶ
1318 2338 1437 2405 τοὺς
1461 2340 1655 2417 ὀργεῶ-

121 2446 200 2489 νας
215 2424 302 2483 καὶ
323 2424 440 2491 τοὺς
461 2422 696 2501 δημότας
709 2423 1003 2504 παρέξομαι
1032 2425 1330 2505 μάρτυρας,
1361 2429 1430 2493 ὣς
1461 2426 1506 2483 δ’
1538 2424 1656 2496 ἐξῆν

120 2510 448 2591 ποιήσασθαι,
481 2510 573 2570 τὸν
599 2512 756 2589 νόμον
787 2510 943 2571 αὑτὸν
987 2514 1108 2590 ὑμῖν
1135 2512 1487 2590 ἀναγνώσεται
1503 2558 1518 2585 ,
1543 2512 1658 2571 καθ’

120 2596 446 2673 ὃνῆποίησις
477 2598 702 2678 ἐγένετο.
790 2599 899 2661 Καί
944 2622 1035 2677 μοι
1068 2598 1162 2667 τὰς
1198 2600 1484 2682 μαρτυρίας
1527 2602 1656 2658 ἀνά-

119 2690 258 2761 γνωθι
283 2686 480 2754 ταύτας
506 2685 702 2747 καὶτὸν
731 2685 906 2764 νόμον.

54 2840 98 2879 25
582 2830 924 2877 ΜΑΡἸὟΡῙΔῙ
934 2865 947 2878 .
991 2832 1232 2878 ΝΟΜΟΣ.

187 2972 248 3015 1⁷.
290 2952 388 3022 Ὦς
427 2952 532 3031 μὲν
573 2952 740 3013 τοίνυν
768 2952 886 3027 ἐξῆν
913 2957 992 3034 τῷ
1036 2956 1296 3014 Μενεκλεῖ
1341 2953 1659 3027 ποιήσασθαι

117 3040 210 3097 υἱὸν
242 3044 384 3123 αὕτῷ
409 3040 594 3101 ὅντινα
636 3040 914 3118 ἐὸοΰλετο,
958 3045 987 3099 6
1015 3040 1168 3119 νόμος
1201 3043 1352 3108 αὐτὸς
1381 3043 1554 3114 δηλοῖ·
1588 3046 1660 3110 ὣς

119 3128 164 3185 δὲ
195 3128 475 3201 ἐποιήσατο
495 3174 516 3207 ,
550 3128 605 3189 οἵ
642 3152 698 3188 τε
727 3128 974 3212 φράτορες
1003 3129 1093 3189 καὶ
1125 3132 1172 3189 οἱ
1209 3128 1434 3208 δημόται
1475 3130 1567 3189 καὶ
1611 3133 1660 3191 οἱ

118 3214 341 3293 ὄργιὶὗνες
365 3218 498 3295 ὑμῖν
527 3217 996 3300 μεμαρτυρήκασιν
1012 3241 1026 3256 ·
1051 3215 1188 3277 ὥστε
1214 3222 1509 3299 περιφανῶς
1528 3220 1660 3277 ἀπο-

54 3320 99 3361 οο
121 3302 352 3363 δέδεικται
379 3308 538 3382 ἡμῖν,
572 3296 618 3363 ῶ
640 3305 846 3385 ἄνδρες,
865 3310 893 3365 6
912 3304 1110 3386 μάρτυς
1137 3306 1338 3377 τάληθῆ
1361 3306 1660 3387 διαμεμαρ-

121 3390 362 3469 τυρηκώς,
391 3392 489 3451 καὶ
515 3384 656 3450 οὗτοι
695 3392 822 3473 πρός
843 3416 904 3472 γε
931 3392 1026 3465 τὴν
1064 3391 1274 3465 ποίησιν
1319 3390 1478 3464 αὐτὴν
1512 3386 1661 3471 λόγον

117 3480 208 3536 οὐδ’
230 3484 458 3540 ὁντινοῦν
479 3477 706 3539 δύναιντ’
730 3478 792 3539 ἂν
817 3482 1095 3541 ἀντειπεῖν.
1179 3481 1269 3560 (18)
1313 3478 1663 3563 Πραχθέντων

123 3564 168 3623 δὲ
191 3566 378 3626 τούτων
408 3567 632 3628 ἐσκόπει
671 3572 699 3627 6
737 3571 1008 3641 Μενεκλῆς
1031 3567 1253 3647 γυναῖκά
1281 3589 1370 3645 μοι
1385 3614 1404 3646 ,
1431 3566 1521 3628 καὶ
1563 3566 1661 3648 ἔφη

121 3660 380 3735 μιχρῆναι
405 3660 614 3732 γῆμαι·
653 3656 744 3715 καὶ
767 3656 872 3734 ἐγὼ
892 3656 1148 3734 λαμὸάνω
1175 3654 1270 3729 τὴν
1305 3661 1398 3716 τοῦ
1427 3655 1664 3716 Φιλωνί-

57 3756 98 3797 ³5
121 3740 192 3798 ὅου
210 3742 492 3824 θυγατέρα.
581 3741 837 3811 Κᾶκεῖνός
859 3768 914 3802 τε
935 3745 1030 3815 τὴν
1049 3742 1290 3823 πρόνοιαν
1318 3734 1455 3823 εἶχεν
1484 3740 1661 3822 ὥσπερ

119 3829 234 3896 εἰκός
255 3832 366 3890 ἐστι
405 3828 623 3911 πατέρα
655 3830 774 3912 περὶ
801 3829 934 3899 υἱέος
960 3830 1117 3912 ἔχειν,
1143 3830 1234 3890 καὶ
1260 3830 1364 3908 ἐγὼ
1390 3830 1480 3889 τὸν
1509 3832 1662 3889 αὐτὸν

117 3914 284 3990 τρόπον
309 3914 502 3995 ὥσπερ
529 3915 666 3997 γόνῳ
702 3916 827 3977 ὄντα
853 3919 1058 3998 πατέρα
1086 3920 1312 3995 ἐμαυτοῦ
1355 3914 1663 3997 ἐθεράπευόν

117 4022 162 4057 τε
187 4002 272 4061 καὶ
303 4002 644 4083 ᾐσχυνόμην,
685 4004 778 4063 καὶ
817 4004 922 4085 ἐγὼ
949 4006 1040 4065 καὶ
1071 4010 1106 4077 ἡ
1132 4004 1260 4083 γυνὴ
1287 4011 1322 4077 ἡ
1365 4006 1502 4083 ἐμή,
1528 4002 1663 4063 ὥστε

117 4091 290 4149 ἐκεῖνον
306 4092 440 4173 πρὸς
463 4090 586 4159 τοὺς
605 4090 836 4169 δημότας
863 4095 1092 4153 ἐπαινεῖν
1121 4091 1375 4159 ἅπαντας.

52 4188 93 4229 ⁴⁰
185 4196 250 4237 1⁹.
291 4176 428 4240 Ὅτι
469 4176 528 4237 δὲ
565 4179 624 4235 οὗ
663 4182 939 4261 παρανοῶν
981 4179 1098 4238 οὐδὲ
1131 4178 1338 4256 γυναικὶ
1365 4178 1665 4257 πειθόμενος

115 4266 140 4319 ὁ
163 4266 430 4336 Μενεκλῆς
454 4264 770 4340 ἐποιήσατο,
795 4268 914 4325 ἀλλ’
944 4258 1002 4325 εὖ
1029 4270 1252 4349 φρονῶν,
1291 4264 1489 4325 ἐνθένδε
1526 4267 1665 4326 ἐστὶν

117 4350 222 4425 ὑμῖν
257 4351 440 4433 ῥᾴδιον
470 4355 773 4429 ἐπιγνῶναι.
860 4354 1084 4434 Πρῶτον
1112 4350 1208 4429 μὲν
1253 4350 1356 4432 γὰρ
1378 4357 1412 4424 ἡ
1438 4351 1665 4434 ἀδελφή,

49 4473 52 4482 ·
117 4439 222 4515 περὶ
263 4432 326 4511 ἧς
365 4432 519 4505 οὗτος
541 4438 630 4498 τὸν
652 4445 894 4498 πλεῖστον
930 4443 1022 4497 τοῦ
1067 4438 1222 4516 λόγου
1266 4439 1577 4512 πεποίηται,
1597 4442 1668 4507 ὥς

119 4522 266 4605 ἐκείνῃ
292 4528 529 4595 πεισθεὶς
553 4526 644 4604 ἐμὲ
669 4526 952 4600 ἐποιήσατο
968 4572 984 4599 ,
1003 4528 1184 4608 πολλῷ
1213 4526 1460 4609 πρότερον
1487 4518 1553 4599 ἦν
1579 4530 1667 4587 ἐκ·

61 4624 100 4663 ⁴5
123 4612 354 4689 δεδομένη
381 4615 420 4687 ἢ
471 4614 568 4686 τὴν
612 4614 821 4687 ποίησιν
849 4614 1122 4693 γενέσθαι,
1166 4612 1294 4673 ὥστ’
1321 4614 1368 4673 εἷ
1412 4616 1462 4693 γ’
1494 4614 1665 4697 ἐκείνῃ

123 4700 325 4768 πεισθεὶς
359 4701 454 4761 τὸν
497 4704 607 4761 υἱὸν
636 4704 860 4761 ἐποιεῖτο
877 4747 896 4779 ,
944 4706 1050 4762 τῶν
1095 4700 1293 4773 ἐκείνης
1338 4701 1540 4761 παίδων
1580 4702 1668 4762 τὸν

129 4784 277 4865 ἕτερον
301 4789 582 4861 ἐποιήσατ’
608 4790 698 4848 ἄν’
724 4790 812 4849 δύο
838 4790 939 4873 γάρ
977 4794 1107 4850 εἰσιν
1153 4791 1306 4870 αὐτῇ.
1394 4792 1484 4869 (ao)
1508 4789 1668 4866 Ἀλλ’,

131 4860 168 4929 ὖ
183 4875 376 4955 ἄνδρες,
397 4878 508 4957 οὐχ
523 4880 628 4935 ὑπ’·
641 4876 837 4946 ἐκείνης
867 4876 1092 4945 πεισθεὶς
1114 4876 1207 4954 ἐμὲ
1235 4876 1518 4950 ἐποιήσατο
1531 4878 1664 4956 υἱόν,

139 4958 250 5017 ἄλλᾶ
277 4962 516 5039 μάλιστα
539 4962 636 5040 μὲν
658 4963 872 5037 ὑπὸτῆς
903 4964 1124 5045 ἐρημίας
1164 4963 1410 5040 ἐπείσθη,
1433 4962 1667 5045 δεύτερον

78 5064 122 5103 ιο
139 5044 184 5102 δὲ
205 5048 286 5129 δια
295 5050 388 5118 τὰς
415 5050 804 5131 προειρημένας
825 5052 994 5120 αἰτίας
1020 5054 1110 5112 καὶ
1125 5052 1212 5111 διὰ
1231 5052 1328 5125 τὴν
1355 5052 1554 5111 εὔνοιαν
1572 5052 1668 5126 τὴν

140 5134 463 5217 ὖπᾷρχουσαν,
486 5138 618 5220 πρὸς
641 5140 728 5199 τὸν
755 5140 961 5221 πατέρα
988 5140 1077 5201 τὸν
1103 5139 1253 5219 ἐμόν,
1285 5139 1456 5220 τρίτον
1491 5138 1546 5199 δὲ
1582 5139 1667 5201 διὰ

143 5218 194 5277 τὸ
216 5224 283 5299 μὴ
315 5217 452 5285 εἶναι
499 5232 722 5306 συγγενῆ
766 5229 945 5307 μηδέν’
968 5228 1132 5308 ἄλλον
1157 5232 1330 5307 αὐτῷ,
1381 5228 1566 5289 ὁπόθεν
1605 5228 1667 5289 ἂν

147 5308 400 5384 ἐποιήσατο
436 5314 572 5378 υἱόν.
650 5317 834 5377 Ταῦτα
860 5318 1148 5390 τηνικαῦτα
1177 5318 1354 5395 ἐνῆγεν
1388 5314 1482 5395 ἐμὲ
1512 5315 1666 5389 ποιή-

1745 685 1937 736 Etenim
1964 685 2226 749 legislator,
2244 686 2363 750 viri,
2386 687 2455 737 sic
2472 687 2575 751 lege
2590 687 2779 749 sanxit,
2798 690 2976 753 quippe
2990 688 3073 755 qui
3086 702 3298 752 comper·

1747 774 1854 822 tum
1888 773 2117 837 baberet,
2154 774 2285 824 hunc
2320 774 2477 825 solum
2500 788 2603 825 esse
2624 774 2842 826 orbitatis
2868 779 3145 839 receptum,
3174 777 3303 827 hanc

1747 862 1916 900 eornm
1948 852 2031 915 qui
2054 852 2219 903 liberis
2234 856 2454 904 carerent
2484 852 2598 903 vitae
2619 854 2994 905 consolationem
3007 892 3022 917 ,
3043 854 3185 905 licere
3204 856 3297 906 sci·

1749 938 1865 989 licet
1890 954 2013 1003 quos
2043 942 2226 991 vellent
2246 942 2491 1005 adoptare.
2561 942 2661 1005 (¹4)
2694 941 2907 1003 idcirco,
2927 956 3081 1005 quum
3113 944 3157 993 ei
3178 944 3304 994 orbi·

1745 1028 1844 1077 tate
1869 1027 2110 1079 laboranti
2150 1030 2429 1079 facultatem
2450 1028 2603 1080 tilium
2635 1030 2901 1081 asciscendi
2920 1032 3049 1093 leges
3072 1032 3304 1095 impertis·

1745 1118 1879 1179 sent,
1909 1130 1989 1167 me
2005 1117 2281 1181 adoptavit,
2308 1130 2405 1167 non
2432 1119 2483 1167 in
2502 1120 2817 1181 testamento,
2843 1118 2960 1181 viri,
2986 1121 3146 1181 legans
3162 1157 3177 1183 ,
3196 1134 3303 1171 mo-

1747 1209 2009 1272 ribundus,
2046 1211 2171 1263 sicut
2193 1212 2353 1261 nascio
2389 1212 2475 1276 qui
2495 1212 2703 1274 civium,
2737 1225 2897 1275 neque
2933 1214 3197 1275 iegrotans,
3218 1213 3301 1263 sed

1745 1318 1945 1369 corpore
1982 1320 2127 1369 sano,
2153 1320 2271 1357 sana
2314 1308 2503 1367 mente,
2540 1311 2703 1357 animo
2731 1319 2876 1368 sano,
2904 1319 2988 1356 me
3021 1319 3109 1357 ceu
3148 1306 3302 1357 fllium

1745 1400 2031 1463 adoptatum
2063 1400 2195 1451 bisce
2231 1402 2547 1465 praesentibus
2560 1398 2701 1464 'apud
2723 1400 2975 1463 phratores
3006 1400 3302 1464 introduxit,

1744 1508 1921 1559 meque
1943 1496 1993 1545 in
2018 1496 2183 1546 album
2200 1495 2602 1559 demotarumque
2614 1496 2665 1547 et
2682 1508 2942 1557 orgeonum
2957 1494 3149 1545 inscribi
3168 1507 3301 1543 cura·

1743 1588 1832 1641 vit.
1901 1590 2004 1651 (15)
2040 1591 2199 1653 Atque
2230 1590 2281 1639 hi
2306 1589 2504 1654 quidem
2535 1592 2655 1640 tune
2678 1588 2907 1652 temporis
2926 1589 2970 1638 ei
2996 1590 3137 1651 quasi
3154 1587 3303 1639 deliro

1743 1681 1865 1731 nihil
1897 1682 2114 1733 oblocuti
2146 1684 2261 1733 sunt
2290 1702 2303 1733 ε
2338 1695 2617 1746 quanquam
2652 1682 2807 1733 multo
2850 1682 3018 1733 fuisset
3056 1682 3304 1735 honestius

1748 1774 1860 1823 eum
1877 1772 2047 1823 vivum
2070 1773 2290 1836 precibus
2306 1776 2622 1839 permovisse,
2640 1774 2683 1825 si
2702 1773 2818 1837 quid
2844 1773 3131 1834 voluisseut,
3154 1786 3303 1837 quam

1749 1861 2007 1915 mortuum'
2038 1865 2353 1917 debonestare
2389 1867 2589 1929 eiusque
2635 1866 2865 1917 familiam
2907 1856 3177 1919 demlatum
3214 1866 3300 1919 ire.
3364 1902 3369 1907 -

1745 1958 2024 2023 Supervixit
2054 1958 2182 2009 enim
2207 1972 2303 2009 non
2328 1972 2481 2009 unum
2511 1958 2806 2021 alterumve,
2834 1958 2919 2009 sed
2948 1961 3047 2009 tres
3069 1961 3120 2008 et
3136 1954 3305 2021 vianti

1744 2060 1920 2109 annos;
1944 2060 2125 2110 perque
2156 2048 2346 2110 tempus
2370 2050 2473 2097 tam
2488 2046 2781 2110 productum
2802 2046 2917 2097 iacti
2939 2060 3053 2097 eum
3076 2058 3175 2096 non
3204 2056 3307 2109 pm-

1743 2141 1914 2205 nituit,
1940 2144 2195 2204 propterea
2227 2141 2361 2205 quod
2379 2156 2455 2192 res
2494 2142 2721 2192 omnibus
2755 2142 2805 2192 in
2836 2142 3106 2191 confessum
3138 2140 3303 2203 venit,

1743 2246 1856 2283 eum
1883 2244 2057 2295 nempe
2092 2232 2277 2281 rectum
2310 2228 2565 2280 consilium
2602 2230 2777 2279 iniisse.
2846 2212 2953 2293 (lo)
2977 2232 3104 2280 Vera
3139 2229 3303 2279 autem

1745 2328 1884 2378 vobis
1901 2328 1958 2377 ut
1990 2328 2175 2375 constet
2200 2325 2307 2375 hoec
2329 2320 2447 2375 esse'
2468 2337 2580 2387 quaa
2598 2323 2733 2388 dico,
2752 2325 2899 2375 testes
2919 2325 3085 2375 sistam
3105 2325 3301 2388 pbrato·

1744 2432 1820 2469 res
1841 2420 1891 2468 et
1907 2418 2124 2467 demotas
2140 2419 2191 2466 et
2207 2428 2435 2479 orgeones
2446 2449 2462 2476 ,
2490 2414 2574 2478 qui
2596 2413 2891 2477 adoptationi
2905 2412 3194 2477 intererant3
3220 2417 3302 2469 ut-

1744 2526 1840 2577 que
1861 2510 2015 2560 tilium
2045 2509 2275 2559 asciscere
2295 2508 2522 2571 appareat
2554 2506 2771 2569 licuisse,
2799 2507 2955 2557 scriba
2980 2507 3121 2557 vobis
3151 2508 3304 2571 ipsam

1747 2602 1965 2654 recitabit
1976 2603 2149 2665 legem,
2163 2598 2429 2651 secundum
2441 2612 2589 2665 quam
2600 2598 2843 2662 adoptatio
2854 2601 2980 2651 facta
2992 2602 3081 2651 est.
3102 2600 3305 2653 Proinde

1699 2760 1706 2769 ,
1745 2700 1864 2752 mihi
1881 2700 2053 2751 recites
2072 2697 2350 2749 testimonia
2367 2696 2529 2747 hoeoee
2549 2698 2599 2747 et
2616 2696 2786 2760 legem.

2238 2798 2637 2876 Tasrfflonm.
2672 2826 2808 2875 Lex.

1813 2964 1888 3011 17.
1924 2961 2132 3022 ipsamet
2158 2958 2237 3008 lex
2254 2928 2374 3007 adeo
2391 2956 2635 3018 declarat,
2652 2956 2813 3020 quod,
2837 2970 2983 3020 quem
3007 2956 3180 3020 vellet,
3201 2960 3307 3007 Me-

1745 3060 1873 3112 necli
1898 3060 2073 3111 licebat
2094 3061 2349 3123 adoptare,
2368 3059 2597 3123 quodque
2633 3059 2788 3110 tilium
2818 3060 3017 3123 ascivit,
3045 3048 3309 3123 phratores·

1745 3177 1842 3229 que
1863 3163 2169 3226 demota-que
2200 3163 2251 3213 et
2276 3174 2507 3226 orgeones
2530 3160 2777 3212 testificati
2815 3163 2931 3213 sunt
2973 3175 2987 3211 ε
3018 3163 3307 3225 quapropter

1745 3275 1921 3325 testem
1950 3285 2067 3323 vera
2101 3272 2331 3321 testatum
2362 3282 2491 3331 esse,
2540 3270 2829 3333 luculenter,
2872 3282 2905 3319 o
2952 3268 3068 3332 viri,
3108 3281 3139 3319 a
3168 3268 3309 3319 nobis

1747 3376 2131 3427 demonstratum
2153 3374 2254 3435 est,
2274 3372 2422 3437 hique
2445 3385 2509 3423 ne
2539 3372 2745 3423 verbum
2763 3371 2960 3436 quidem
2982 3371 3163 3423 liabent
3176 3372 3308 3438 quod

1747 3476 2042 3541 adoptationi
2065 3476 2405 3540 obloquantur.
2473 3475 2573 3540 (18)
2602 3478 2713 3533 Quo
2745 3474 2876 3527 facto
2908 3474 3160 3539 conjugem
3190 3476 3307 3528 mibi

1749 3578 2064 3645 prospiciebat
2085 3578 2349 3641 Menecles,
2382 3589 2559 3642 meque
2582 3578 2825 3629 connubio
2838 3578 2975 3641 iungi
2996 3578 3308 3643 hortabatur-3

1749 3663 1896 3743 a'tque
1921 3692 2009 3743 ego
2036 3678 2187 3731 fluam
2213 3679 2479 3729 Philonide
2494 3690 2696 3743 uxum
2718 3678 2854 3729 duxi.
2918 3682 2964 3728 ιι
2992 3679 3221 3729 nimirum
3248 3678 3310 3729 de

1749 3796 1830 3833 me
1845 3795 1955 3833 eam
1977 3781 2149 3831 habuit
2174 3793 2341 3830 curam
2356 3816 2373 3842 ,
2392 3792 2541 3843 quam
2559 3780 2746 3841 patrem
2763 3777 2901 3828 decet
2918 3776 2979 3827 de
3004 3777 3104 3827 fllio
3116 3814 3131 3840 ,
3156 3779 3205 3827 et
3221 3790 3306 3839 ego

1750 3888 1852 3952 pari
1871 3888 2057 3938 ratione
2078 3900 2170 3937 ceu
2196 3888 2368 3936 natura
2399 3885 2571 3935 datum
2599 3884 2715 3933 milii
2742 3886 2929 3947 patrem
2948 3896 3061 3935 eum
3093 3884 3159 3934 ita
3183 3882 3309 3934 colui

1749 3996 1796 4043 et
1817 3994 2071 4043 veneratus
2087 4005 2196 4041 sum
2208 4028 2224 4053 ,
2244 4003 2425 4052 egoque
2448 3990 2499 4039 et
2522 4002 2649 4039 uxor
2662 4000 2770 4037 mea
2784 4024 2800 4049 ,
2820 3988 2876 4036 ut
2893 3985 2973 4036 ilie
2990 3986 3120 4050 apud
3142 3996 3311 4037 omna

1750 4090 1949 4140 tribules
1964 4102 2054 4139 nos
2076 4087 2385 4139 collaudaret.

1821 4190 1894 4235 19.
1932 4188 2081 4233 Porro
2113 4183 2246 4246 quod
2280 4193 2440 4245 neque
2470 4179 2679 4229 delirans
2714 4191 2872 4241 neque
2910 4176 3099 4227 mulieri
3123 4189 3309 4229 morem

1751 4290 1921 4341 gerens
1951 4276 2105 4326 tilium
2144 4274 2382 4325 Menecles
2414 4272 2610 4334 ascivit,
2651 4270 2735 4321 sed
2775 4270 2897 4321 bene
2926 4283 3097 4331 sanus,
3134 4269 3311 4321 exinde

1753 4376 1893 4427 vobis
1924 4374 2064 4425 facile
2097 4374 2171 4424 est
2196 4370 2458 4441 intellectu.
2488 4368 2701 4420 Primum
2718 4367 2847 4417 enim
2872 4379 3027 4429 soror,
3048 4377 3198 4429 quam
3220 4365 3312 4415 iste

1754 4465 2125 4537 [adversarius]
2155 4465 2206 4514 in
2240 4463 2459 4514 oratione
2497 4472 2585 4510 sua
2629 4457 2973 4523 perplurimum
3022 4459 3307 4523 exagitavit,

1753 4564 1890 4629 quasi
1925 4563 1967 4613 si
1999 4562 2069 4611 ilii
2104 4572 2291 4610 morem
2326 4568 2495 4622 gerens
2518 4570 2599 4607 me
2618 4555 2920 4619 adoptasset,
2953 4555 3094 4619 longe
3114 4558 3227 4607 ante
3260 4557 3311 4607 in

1753 4656 2115 4709 matrimonium
2146 4653 2379 4705 collocata
2409 4652 2509 4714 est,
2538 4662 2685 4714 quam
2714 4649 2833 4699 inita
2862 4648 3132 4712 adoptatio,
3158 4662 3311 4713 quare

1753 4756 1925 4805 saltem
1963 4752 2003 4803 si
2036 4750 2105 4801 illi
2148 4763 2320 4814 parens
2358 4747 2513 4799 tilium
2565 4746 2837 4809 ascivisset,
2878 4757 3035 4795 unum
3074 4757 3137 4794 ex
3182 4744 3312 4796 illius

1754 4848 1915 4899 liberis
1932 4840 2239 4906 adoptasset:
2266 4842 2389 4891 duos
2421 4840 2549 4890 enim
2580 4838 2802 4888 habebat.
2869 4838 2967 4900 (20)
2990 4838 3160 4900 Atqui,
3190 4838 3308 4904 viri,

1753 4952 2059 5006 nequaquam
2085 4937 2155 4988 illi
2190 4949 2373 4986 morem
2413 4947 2582 4997 gerens
2616 4944 2697 4983 me
2726 4930 3003 4995 adoptavit,
3044 4944 3157 4980 eum
3193 4942 3309 4979 vero

1753 5034 1997 5099 proecipue
2032 5031 2291 5081 liberorum
2320 5028 2504 5079 orbitas
2532 5025 2790 5091 persuasit,
2812 5023 2984 5074 deinde
3017 5034 3136 5085 quas
3164 5034 3309 5083 supra

1753 5128 1854 5179 dixi
1885 5138 2051 5176 causas
2075 5134 2285 5185 veraque
2319 5134 2429 5184 erga
2450 5121 2635 5183 patrem
2662 5129 2825 5167 meum
2852 5116 3041 5166 affectio
3058 5150 3073 5175 ,
3102 5113 3309 5175 denique

1753 5223 1886 5290 quod
1915 5222 2103 5275 nullum
2138 5220 2287 5271 alium
2310 5220 2568 5287 cognatum
2594 5214 2830 5275 habebat,
2850 5212 2980 5263 unde
3014 5211 3167 5263 tilium
3191 5214 3307 5260 asci-

1754 5322 1923 5373 sceret.
1990 5320 2107 5371 Haec
2127 5318 2323 5369 deinum
2345 5328 2425 5369 me
2441 5312 2667 5377 adoptare
2682 5322 2795 5360 eum
2813 5305 3105 5358 induxerunt
3125 5324 3138 5355 z
3159 5316 3307 5367 quare
