3825 5842
1139 431 1360 496 isoes
1368 397 1540 496 Ans
1578 426 2234 494 PANA'rustcus.

3230 441 3327 495 171

143 547 228 635 τως
249 543 625 644 δεδηλώκαμεν·
665 560 847 624 λοιπὸν
881 563 926 622 δ’
967 561 1098 640 ἡμῖν
1123 559 1216 629 τὰς
1241 559 1451 644 πράξεις
1484 558 1580 628 τὰς
1606 561 1667 619 ἐκ
1757 575 1885 615 mus.
1971 566 2139 615 Restat
2168 563 2317 627 igitur
2338 567 2395 615 nt
2416 575 2526 627 quae
2546 564 2759 616 actiones
2786 563 2969 616 bonum
2991 563 3202 617 civitatis
3232 571 3331 618 sta-

141 661 218 716 τοῦ
236 655 398 723 καλῶς
413 653 774 714 πολιτεύεσθαι
796 649 1144 734 γεγενημένας
1166 650 1404 710 διελθεῖν.
1431 649 1534 710 Ἐκ
1551 646 1672 710 τού-

141 768 229 804 των
251 743 345 824 γὰρ
371 741 446 802 ἔτι
469 745 670 821 μᾶλλον
700 741 848 801 ἔσται
879 744 1201 817 καταμαθεῖν
1229 736 1310 798 ὅτι
1336 737 1428 798 καὶ
1455 737 1553 810 τὴν
1575 759 1674 797 πο-

141 830 316 892 λιτείαν
334 855 359 890 ε
379 853 472 911 χον
497 833 651 910 ἡμῶν
677 831 726 889 οῖ
752 827 998 911 πρόγονοι
1028 825 1218 907 βελτίω
1243 830 1346 886 τῶν
1377 825 1551 885 ἄλλων
1579 848 1648 885 κα

1762 683 1868 729 tum
1887 682 2064 729 secutae
2081 677 2209 740 sint,
2225 677 2534 744 explicemus.
2559 683 2632 730 Ex
2650 679 2728 729 his
2755 679 2883 730 enim
2901 681 3080 731 rectius
3102 681 3333 745 intellige·

1651 823 1672 884 γ
1763 795 1848 845 tur
1869 794 2061 845 nostros
2086 793 2293 857 maiores
2322 793 2667 858 rempublicam
2690 795 2936 846 meliorem
2968 795 3197 846 habuisse
3232 797 3337 848 tum

91 937 112 976 ⁵
141 918 558 1002 σωφρονεστέραν,
573 915 998 998 καὶπροστοίταις
1010 915 1103 977 καὶ
1117 914 1433 994 ουμὸούλοις
1445 917 1678 996 ἐχρῶντο
1696 912 1741 977 d
1776 922 1923 975 quam
1940 910 2093 973 alios,
2126 909 2401 973 rectiusque
2430 911 2575 962 etiam
2610 912 2948 975 temperatam,
2971 911 3121 975 atque
3152 911 3213 962 iis
3230 925 3341 963 con·

141 1007 364 1076 τοιούτοις
381 1005 506 1073 οἵοις
539 1007 647 1088 χρὴ
673 1005 791 1074 τοὺς
811 997 870 1066 εὖ
891 1009 1220 1089 φρονοῦντας.
1303 1005 1425 1084 (152)
1466 1007 1548 1064 Οὔ
1573 1002 1678 1082 μὴν

143 1095 246 1157 οὐδὲ
268 1094 427 1156 ταῦτά
445 1118 536 1174 μοι
563 1095 811 1176 πρότερον
849 1092 1058 1154 λεκτέον
1087 1092 1232 1170 ἐστί,
1262 1092 1383 1174 πρὶν
1423 1091 1488 1152 ἂν
1516 1090 1681 1174 μικρὰ

143 1183 354 1266 προείπω
373 1183 492 1264 περὶ
519 1186 712 1247 αὐτῶν.
766 1183 878 1246 Ἢν
906 1181 1008 1266 γὰρ
1037 1181 1297 1264 ὑπεριδὼν
1317 1181 1410 1249 τὰς
1434 1180 1682 1259 ἐπιτιμή-

145 1296 236 1342 σεις
251 1273 338 1343 τὰς
355 1275 458 1332 τῶν
480 1270 627 1334 οῦδὲν
651 1272 784 1332 ἄλλο
805 1281 971 1334 ποιεῖν
998 1270 1034 1344 ἢ
1056 1276 1208 1332 τοῦτο
1232 1269 1531 1348 δυναμένων
1561 1273 1681 1351 ἔφε-

83 1383 122 1424 ιο
143 1361 219 1432 Fri<
243 1362 495 1440 διηγῶμαι
513 1359 634 1442 περί
655 1385 714 1420 τε
733 1365 837 1420 τῶν
860 1360 1034 1420 ἄλλων
1056 1364 1160 1420 τῶν
1189 1356 1570 1441 πεπραγμένων
1589 1355 1679 1418 καὶ

142 1453 228 1509 τῶν
255 1449 673 1528 ἐπιτηδευμάτων
700 1452 804 1508 τῶν
829 1449 952 1529 περὶ
976 1447 1066 1508 τὸν
1091 1445 1342 1525 πόλεμον,
1366 1439 1440 1513 οἶς
1465 1448 1514 1506 οἳ
1540 1445 1677 1528 πρό-

142 1560 266 1615 γονοι
304 1536 566 1620 χρώμενοι
604 1541 708 1596 τῶν
749 1561 809 1597 τε
855 1536 1138 1618 βαρὸοίρων
1185 1535 1543 1616 περιεγένοντο
1591 1533 1683 1594 καὶ

142 1623 270 1706 παρὰ
290 1630 393 1694 τοῖς
421 1625 682 1698 Ἓλλησιν
712 1623 1086 1703 εὐδοκίμησαν,
1132 1627 1224 1683 οὐκ
1257 1622 1397 1682 ἔστιν
1445 1620 1587 1690 ὅπως
1625 1623 1684 1680 οὔ
1707 1640 1744 1682 e

143 1712 342 1794 φήσουσί
372 1713 507 1782 τινές
549 1737 615 1792 με
644 1711 882 1782 διεξιέναι
905 1711 1028 1780 τοὺς
1057 1709 1244 1790 νόμους
1270 1709 1358 1778 οὓς
1385 1713 1687 1791 Λυκοῦργος

89 1817 127 1857 1⁵
145 1799 224 1879 μὲν
247 1800 422 1876 ἔθηκε,
451 1804 790 1883 Σπαρτιᾶται
827 1803 875 1860 δ’
905 1805 1078 1869 αὖτοῖς
1103 1800 1368 1882 χρώμενοι
1393 1799 1684 1880 τυγχάνου-

147 1911 234 1950 σιν.
309 1893 420 1968 (ιω)
453 1888 602 1969 Ἐγὼ
629 1889 686 1949 δὲ
713 1891 956 1968 ὁμολογῶ
979 1887 1076 1967 μὲν
1093 1892 1228 1969 ἐρεῖν
1257 1885 1430 1948 πολλὰ
1447 1892 1552 1946 τῶν
1575 1887 1688 1946 ἐκεῖ

144 1977 477 2058 καθεστώτων,
512 1981 617 2059 οὔχ
641 1982 711 2046 ὥς
739 1977 1044 2060 Λυκούργου
1081 2001 1134 2037 τι
1157 1974 1354 2036 τούτων
1384 1975 1620 2056 εὑρόντος
1645 1974 1682 2048 ἢ

1780 1024 1969 1076 siliarils
1988 1037 2093 1075 esse
2112 1038 2255 1088 usos,
2274 1038 2481 1089 quorum
2496 1025 2767 1077 auctoritati
2784 1039 2950 1090 parere
2968 1025 3235 1090 prudentia>
3248 1029 3338 1076 est.

1771 1140 1908 1205 (152)
1948 1139 2043 1192 Sed
2078 1154 2141 1192 ne
2159 1141 2267 1191 baec
2285 1140 2481 1206 quidem
2508 1141 2641 1206 prius
2662 1141 2866 1194 dicenda
2888 1141 3009 1192 mihi
3030 1145 3175 1206 suut,
3194 1154 3339 1207 quam

1769 1269 1925 1320 pauca
1936 1255 1997 1306 de
2012 1255 2073 1306 iis
2084 1256 2311 1320 praefatus
2325 1270 2423 1307 ero.
2440 1257 2635 1308 sienim
2656 1256 2884 1320 neglectis
2898 1270 3065 1309 eorum
3080 1261 3337 1322 reprehen-

1769 1370 1989 1422 sionibus
2004 1407 2020 1434 ,
2034 1370 2120 1434 qui
2140 1370 2234 1421 hoc
2252 1383 2402 1421 unum
2420 1371 2716 1432 didicerunt,
2729 1373 2807 1423 vel
2826 1371 2887 1422 de
2904 1371 3008 1423 aliis
3025 1372 3172 1423 rebus
3190 1374 3338 1438 gestis

1771 1485 1848 1535 vel
1876 1485 1937 1536 de
1969 1485 2165 1536 militari
2188 1485 2467 1550 disciplina,
2502 1486 2680 1550 quibus
2708 1486 2785 1538 usi
2811 1487 3017 1550 majores
3045 1489 3095 1538 et
3115 1487 3344 1539 barbaros

1772 1603 2060 1665 superarunt
2077 1603 2127 1650 et
2146 1613 2177 1650 a
2202 1600 2385 1651 Groecis
2416 1600 2538 1652 bene
2554 1600 3025 1665 audierunt,.ordine
3048 1616 3305 1654 narravero
3326 1622 3339 1655 ι

1773 1714 1874 1765 fleri
1895 1728 1993 1765 non
2014 1713 2191 1778 poterit
2224 1713 2345 1778 quin
2377 1715 2523 1779 aliqui
2543 1729 2623 1766 me
2640 1715 2803 1768 dicant
2824 1717 2955 1780 leges
2972 1717 3172 1768 recitare
3184 1755 3200 1780 ,
3218 1729 3343 1782 quas

1776 1832 1826 1882 et
1840 1834 2085 1895 Lycurgus
2098 1828 2263 1880 tulerit
2278 1833 2328 1881 et
2342 1829 2557 1894 Spartani
2574 1831 2849 1882 observent.
2876 1832 3005 1896 (153)
3022 1835 3121 1896 Ego
3137 1845 3251 1884 vero
3265 1847 3345 1886 me

1777 1948 2019 2000 dicturum
2038 1961 2142 2000 esse
2158 1949 2313 2000 multa
2329 1948 2500 2012 fateor,
2514 1963 2626 2014 quo
2648 1950 2745 2002 illic
2762 1951 2951 2015 recepta
2972 1957 3114 2013 sunt,
3134 1965 3231 2004 non
3246 1967 3345 2018 quo

65 2066 502 2146 2658ιανοηθέντος,
536 2069 658 2126 ἀλλ’
701 2071 772 2134 ὡς
807 2063 1179 2146 μιμησαμένου
1205 2064 1301 2136 τὴν
1333 2065 1585 2140 διοίκησιν
1621 2068 1692 2134 ὡς
1719 2089 1754 2129 a
1775 2067 2028 2128 Lycurgus
2038 2063 2119 2114 illa
2128 2063 2204 2113 vel
2220 2063 2453 2114 invenerit
2462 2064 2539 2114 vel
2550 2061 2854 2126 excogitaritg
2869 2063 3093 2128 sedquod
3108 2063 3345 2127 majorum

147 2153 336 2214 δυνατὸν
364 2153 690 2236 ἄρισταπὴν
716 2158 822 2214 τῶν
857 2149 1124 2236 προγόνων
1146 2157 1252 2214 τῶν
1281 2151 1569 2234 ἡμετέρων,
1597 2153 1689 2213 καὶ

86 2241 227 2314 ωτήν
254 2267 308 2302 τε
337 2241 697 2326 δημοκρατίαν
740 2243 1168 2316 καταστήσαντος
1208 2244 1334 2322 παρ’
1379 2243 1552 2310 αὐτοῖς
1590 2239 1687 2314 τὴν

146 2330 491 2414 ἀριστοκρατίᾳ
520 2329 868 2412 μεμιγμένην,
896 2330 1032 2412 ἥπερ
1055 2325 1119 2404 ἧν
1141 2330 1267 2411 παρ’
1293 2334 1444 2409 ἡμῖν,
1477 2329 1569 2389 καὶ
1594 2328 1688 2397 τὰς

146 2417 292 2498 ἀρχὰς
328 2421 384 2478 οὗ
425 2417 704 2500 κληρωτὰς
732 2419 848 2478 ἀλλ’
884 2417 1094 2499 αἱρετὰς
1131 2416 1476 2491 ποιήσαντος,
1561 2413 1684 2496 (154)

148 2507 225 2564 καὶ
243 2505 330 2579 τὴν
345 2509 448 2567 τῶν
461 2506 722 2588 γερόντων
742 2505 940 2588 αἵρεσιν
958 2511 1060 2566 τῶν
1082 2505 1495 2566 ἐπιστατούντων
1517 2503 1686 2563 ἅπασι

147 2601 236 2662 τοῖς
258 2595 529 2676 πράγμασι
560 2594 697 2673 μετὰ
713 2593 974 2667 τοσαύτης
992 2597 1222 2666 σπουδῆς
1245 2596 1503 2654 ποιεῖσθαι
1530 2615 1686 2671 νομο·

89 2682 456 2758 ὅθετήσαντος,
490 2683 610 2762 μεθ’
653 2680 777 2756 ὅσης
818 2681 918 2765 πέρ
966 2706 1094 2764 φασι
1130 2684 1221 2743 καὶ
1260 2681 1380 2751 τοὺς
1406 2682 1692 2764 ἡμετέρους

147 2770 252 2850 περὶ
271 2774 369 2830 τῶν
387 2774 459 2840 εἷς
479 2768 686 2852 Ἄρειον
708 2770 877 2850 ποίγον
898 2770 1255 2843 ἀναδήσεσθαι
1275 2771 1591 2849 μελλόντων,
1615 2769 1691 2829 ἔτι
1709 2768 1756 2833 b

151 2857 298 2920 δὲκαὶ
316 2860 410 2933 τὴν
430 2859 654 2939 δύναμιν
681 2861 854 2929 αὐτοῖς
876 2859 1169 2942 περιθέντος
1191 2859 1286 2933 τὴν
1315 2859 1504 2938 αὐτήν,
1526 2860 1691 2941 ἥνπερ

150 2945 246 3024 ᾔδει
267 2948 352 3007 καὶ
376 2947 471 3020 τὴν
503 2947 702 3028 βουλὴν
728 2947 952 3028 ἔχουσαν
981 2948 1076 3020 τὴν
1104 2951 1242 3030 παρ’
1263 2953 1412 3027 ἡμῖν.

218 3054 304 3096 1ο5.
340 3033 472 3097 Ὀτι
485 3034 586 3114 μὲν
599 3027 689 3096 οὖν
706 3036 794 3095 τὸν
815 3036 970 3096 αὐτὸν
987 3037 1180 3118 τρόπον
1199 3037 1353 3095 τάκεῖ
1370 3034 1693 3108 καθέστηκεν

90 3135 132 3178 ω
152 3118 306 3204 ὥσπερ
330 3115 441 3204 εἶχε
467 3125 532 3184 τὸ
558 3124 787 3184 παλαιὸν
815 3125 908 3184 καὶ
934 3122 1004 3184 τὰ
1031 3125 1158 3204 παρ’
1188 3128 1338 3202 ἡμῖν,
1367 3122 1514 3205 παρὰ
1553 3125 1692 3184 πολ-

150 3211 240 3268 λῶν
265 3210 404 3271 ἔσται
429 3211 689 3272 πυθέσθαι
709 3220 817 3281 τοῖς
843 3211 1034 3272 εἰδέναι
1061 3211 1408 3292 βουλομένοις·
1433 3215 1503 3280 ὣς
1526 3209 1693 3270 δὲκαὶ

151 3295 232 3369 τὴν
252 3299 522 3381 ἐμπειρίαν
545 3297 646 3371 τὴν
669 3299 790 3382 περὶ
812 3299 900 3358 τὸν
920 3299 1151 3376 πόλεμον
1170 3305 1229 3359 οὗ
1252 3299 1502 3382 πρότερον
1519 3299 1689 3372 ἤσκη-

153 3408 234 3443 σαν
253 3391 348 3446 οὐδ’
369 3388 584 3466 ἄμεινον
603 3387 896 3468 ἐχρήσαντο
921 3390 1256 3469 Σπαρτιᾶται
1276 3392 1378 3448 τῶν
1401 3387 1689 3468 ἡμετέρων,

1775 2183 2051 2230 nostrorum
2078 2177 2467 2242 gubernationem
2488 2192 2631 2242 quam
2656 2179 2837 2244 optime
2861 2178 3078 2230 imitatus
3107 2179 3238 2230 domi
3260 2180 3347 2231 de·

1777 2286 2055 2338 mocratiam
2078 2285 2287 2336 instituit
2317 2286 2613 2337 aristocratia
2646 2289 2985 2350 temperatam,
3021 2288 3179 2352 qualis
3216 2287 3347 2353 apud

1776 2413 1866 2450 nos
1887 2399 2006 2462 suit,
2018 2405 2071 2450 et
2089 2399 2398 2464 magistratus
2417 2413 2513 2450 non
2538 2399 2727 2462 sortito,
2742 2399 2827 2451 sed
2846 2415 2935 2465 per
2952 2401 3177 2464 sutfragia
3194 2403 3345 2454 creari

1773 2515 1955 2578 voluit,
1982 2515 2113 2579 (154)
2126 2515 2377 2578 legemque
2394 2515 2520 2576 tulit,
2538 2521 2595 2564 ut
2608 2514 2839 2576 seniores,
2856 2515 2939 2579 qui
2952 2513 3097 2566 rebus
3115 2515 3341 2568 omnibus

1775 2626 2069 2689 praeessent,
2096 2623 2233 2674 tanto
2259 2623 2423 2674 studio
2456 2623 2507 2674 et
2528 2637 2644 2674 cura
2666 2624 2952 2688 legerentur,
2976 2630 3153 2689 quanta
3186 2625 3346 2678 serunt

1778 2744 1808 2782 a
1827 2731 2089 2795 majoribus
2105 2731 2285 2781 nostris
2303 2733 2609 2796 Areopagitas
2631 2745 2739 2782 esse
2761 2731 2937 2795 lectos,
2958 2737 3009 2784 et
3028 2732 3230 2786 eandem
3252 2733 3351 2789 iliis

1779 2835 2112 2892 auctoritatem
2146 2837 2341 2900 tribuit,
2374 2850 2523 2902 quam
2555 2838 2701 2889 sciret
2720 2840 2939 2890 senatum
2978 2839 3109 2904 apud
3142 2853 3230 2891 nos
3261 2841 3349 2891 ha·

1779 2943 1965 2994 buisse.

1847 3053 1955 3098 155.
1999 3048 2473 3102 Lacedaemoniorum
2508 3049 2653 3112 igitur
2681 3061 2789 3102 eam
2824 3061 2930 3100 esse
2975 3050 3348 3128 rempublicam,

1786 3165 1899 3216 quae
1924 3153 2053 3218 apud
2078 3165 2168 3204 nos
2184 3153 2301 3204 olim
2323 3167 2515 3218 quoque
2534 3154 2696 3218 suerit,
2712 3165 2742 3206 e
2768 3155 2934 3206 multis
2960 3155 3124 3206 audire
3154 3155 3290 3219 licet,
3309 3156 3349 3208 ai

1785 3257 1868 3321 qui
1899 3258 2021 3310 scire
2040 3258 2095 3308 id
2114 3258 2332 3322 cupiunt.
2354 3262 2464 3310 Jam
2485 3258 2554 3310 rei
2584 3258 2805 3310 militaris
2825 3259 3051 3323 peritiam
3084 3273 3185 3310 non
3218 3260 3355 3324 prius

1777 3363 2049 3416 excoluisse
2070 3376 2228 3428 neque
2244 3363 2418 3414 melius
2434 3367 2665 3415 tractasse
2684 3365 2947 3428 Spartanos
2972 3377 3120 3429 quam
3137 3366 3349 3428 nostros,

155 3475 204 3531 ἐκ
225 3480 318 3534 τῶν
344 3476 558 3557 ἀγώνων
588 3476 687 3554 χοι),ι
708 3479 811 3536 τῶν
840 3475 1089 3555 πολέμων
1114 3479 1219 3535 τῶν
1260 3476 1688 3556 ὁμολογουμένων
1717 3500 1754 3542 0
1775 3469 2113 3522 certaminibus
2124 3475 2174 3522 et
2192 3471 2331 3520 bellis
2352 3484 2465 3533 quae
2488 3471 2614 3521 sacta
2631 3469 2847 3521 esseillis
2864 3470 3167 3535 temporibus
3180 3483 3352 3522 omnes

91 3579 131 3618 ³5
152 3563 364 3638 γενέσθαι
403 3569 522 3625 κατ’
553 3566 752 3625 ἐκεῖνον
786 3564 876 3624 τὸν
903 3565 1088 3644 χρόνον
1128 3565 1290 3633 οὕτως
1323 3556 1472 3641 οἶμαι
1511 3569 1692 3644 σαφῶς

1774 3575 2081 3636 confitentur,
2102 3587 2181 3625 me
2208 3574 2277 3625 ita
2308 3574 2559 3639 perspicue
2594 3579 2901 3626 ostensurum
2930 3573 3157 3638 arbitror,
3184 3581 3237 3626 ui
3262 3589 3351 3627 nec

152 3651 580 3726 ἷπῑδῑῖξῑῑνέὥθτῑ
609 3652 744 3729 μήτε
777 3653 896 3721 τοὺς
923 3653 1156 3724 ἀνοήτως
1190 3653 1566 3723 λακωνίζοντας
1593 3657 1690 3711 ⁰²³⁹·
1777 3679 2021 3728 Laconum
2044 3678 2203 3742 inepte
2232 3677 2433 3728 studiosi
2456 3677 2668 3728 habituri
2704 3677 2871 3728 sintin
2902 3689 3000 3742 quo
3027 3677 3149 3729 meis
3186 3678 3353 3730 serbis

153 3744 322 3801 “²¹²5st
350 3742 668 3813 δυνήσωθαῑ
683 3748 790 3808 τοῖς
811 3745 1039 3822 ῥηθεῖσι,
1066 3741 1200 3812 μήτε
1224 3740 1434 3824 τοὺς[τὰ
1454 3741 1716 3843 ἡμεὶῗῑρα]
1781 3771 2137 3834 contradicant,
2178 3785 2267 3822 nec
2300 3772 2369 3823 iili
2406 3773 2576 3834 etiam,
2604 3772 2687 3836 qui
2720 3775 2887 3823 nostra
2917 3772 3062 3822 simul
3096 3773 3147 3822 et
3182 3774 3353 3825 miran-

155 3823 250 3901 ἅμα
273 3850 328 3888 τε
353 3830 720 3906 θαυμάζοντας
746 3829 840 3888 καὶ
867 3827 1249 3906 βασκαίνοντας
1288 3830 1379 3887 καὶ
1423 3832 1695 3904 *atil-“⁶0⁰“
1785 3869 1863 3916 tur
1896 3872 1946 3916 et
1972 3866 2190 3918 invident
2224 3872 2275 3917 et
2310 3866 2489 3916 imitari
2532 3868 2751 3930 cupiunt.
2818 3868 2949 3932 (156)
2990 3869 3066 3919 Ab
3099 3882 3159 3919 eo
3190 3871 3355 3920 autem

153 3914 480 3994 γλιχομένους.
571 3917 691 3995 (156)
735 3915 1040 3992 Ποιήσομαι
1071 3916 1124 3975 δὲ
1147 3915 1243 3986 τὴν
1271 3912 1436 3998 ἀρχὴν
1480 3918 1582 3973 τῶν
1612 3916 1697 3973 λε-

93 4015 134 4055 to
153 4001 462 4080 χθησομένων
493 4005 720 4062 ἀκοῦσαι
755 3999 850 4080 μὲν
872 4001 998 4070 ἴσως
1022 4003 1157 4062 τισὶν
1198 4005 1368 4082 ἀηδῆ,
1403 4005 1619 4084 ῥηθῆναι
1650 4004 1679 4059 δ

154 4089 234 4146 οὐκ
257 4090 573 4173 ἀσύμφορον.
597 4093 666 4152 Ei
690 4091 793 4170 γάρ
819 4115 896 4158 τις
919 4090 1048 4172 φαίη
1076 4090 1152 4149 τὼ
1181 4091 1340 4149 πόλεε
1357 4089 1526 4148 τούτω
1549 4088 1700 4147 πλεί·
1720 4082 1762 4146 d
1785 4061 1868 4112 κά

157 4198 273 4235 στων
298 4182 505 4258 ἀγαθῶν
535 4178 709 4246 αῖτίας
733 4183 1042 4258 γεγενῆσθαι
1068 4182 1173 4246 τοῖς
1203 4178 1436 4251 υΕλλησι
1475 4175 1566 4237 καὶ
1597 4200 1692 4255 με·

157 4265 320 4341 γίστων
353 4272 531 4326 κακῶν
571 4265 709 4344 μετὰ
737 4267 834 4339 τὴν
872 4265 1072 4347 Ξέρξου
1099 4268 1393 4346 στρατείαν,
1421 4267 1516 4324 οὔκ
1555 4263 1694 4324 ἔστιν

157 4351 275 4420 ὅπως
289 4357 576 4428 οὖκ.ἁληθῆ
598 4354 784 4424 δόξειεν
809 4353 872 4414 ἂν
889 4351 1060 4433 λέγειν
1083 4363 1192 4422 τοῖς
1205 4356 1366 4413 εἰδόσι
1378 4377 1430 4412 τι
1454 4353 1698 4434 περὶτῶν

100 4451 136 4491 ⁸⁵
158 4439 256 4499 τότε
274 4444 646 4521 γεγενημένων.
679 4447 800 4522 (157)
821 4442 1179 4522 Ἥγωνίσαντό
1199 4465 1257 4501 τε
1272 4441 1374 4522 γὰρ
1392 4447 1461 4510 ὡς
1483 4441 1698 4502 δυνατὸν

159 4527 321 4606 ἄριστα
353 4531 482 4612 πρὸς
508 4530 607 4604 τὴν
637 4530 832 4590 ἐκείνου
863 4529 1098 4608 δύναμιν,
1128 4530 1297 4590 ταῦτά
1324 4553 1380 4588 τε
1403 4528 1699 4610 πράξασαι,

157 4622 390 4695 προσῆκον
420 4619 605 4684 αὐταῖς
632 4618 722 4677 καὶ
749 4617 873 4699 περὶ
895 4623 998 4677 τῶν
1028 4618 1294 4699 ἐχομένων
1321 4617 1700 4698 βουλεύσασθαι

1680 4001 1694 4022 ,
1783 3963 2019 4024 exordiar,
2061 3963 2190 4028 quod
2220 3963 2389 4013 auditu
2424 3963 2625 4014 sortasse
2660 3977 2755 4013 non
2792 3963 3019 4014 omnibus
3052 3963 3353 4026 jucundum,

1901 4061 2036 4111 dictu
2066 4066 2229 4112 tamen
2270 4074 2365 4111 non
2393 4061 2483 4112 erit
2526 4060 2714 4112 inutile.
2794 4061 2869 4112 Si·
2890 4060 2999 4122 quis
3046 4060 3175 4110 enim
3224 4059 3353 4112 dicat

1781 4157 1902 4207 duas
1939 4156 2027 4206 has
2050 4155 2197 4205 urbes
2222 4155 2428 4219 piurima
2456 4154 2686 4205 beneficia
2728 4153 2783 4203 in
2827 4155 3065 4205 Groeciam
3096 4155 3357 4205 contulisse

1781 4257 1928 4316 atque
1967 4252 2191 4302 maximis
2231 4251 2373 4301 malis
2409 4251 2612 4301 eandem
2645 4254 2756 4313 post
2790 4250 2967 4300 xerxis
2998 4251 3355 4314 expeditionem

1783 4349 2027 4409 affecisse,
2079 4362 2177 4399 non
2224 4349 2401 4414 poterit
2447 4361 2545 4399 non
2596 4347 2776 4399 dixisse
2823 4361 2995 4418 verum
3044 4349 3106 4398 iis
3169 4347 3355 4410 videri,

1785 4449 1868 4513 qui
1903 4463 1983 4501 res
2012 4454 2171 4512 gestas
2192 4449 2387 4500 illorum
2424 4452 2694 4513 temporum
2732 4448 2948 4512 cognitas
2982 4448 3183 4500 habent.
3223 4447 3352 4510 (157)

1784 4549 1906 4597 Nam
1924 4550 1992 4620 „et
2026 4559 2171 4609 quam
2210 4546 2469 4597 fortissime
2496 4545 2599 4596 fieri
2640 4547 2801 4607 potest
2840 4550 3010 4595 contra
3044 4544 3150 4606 ejus
3186 4547 3355 4608 poten-

1785 4641 1903 4691 tiam
1922 4640 2236 4704 dimicarunt,
2259 4646 2310 4694 et
2329 4657 2386 4694 eo
2410 4644 2561 4704 facto,
2582 4656 2732 4707 quum
2756 4643 2999 4694 decuisset
3014 4643 3161 4693 etiam
3189 4641 3249 4692 de
3268 4643 3353 4706 iis,

158 4705 335 4779 καλῶς’
362 4708 434 4775 εἷς
455 4709 600 4766 τοῦτ’
621 4697 778 4778 ἦλθον
803 4709 896 4765 Οὐκ
923 4706 1118 4779 ἀνοίας,
1146 4705 1285 4766 ἀλλὰ
1313 4705 1529 4784 μανίας»
1567 4703 1704 4764 ὥστε
1725 4724 1762 4765 θ
1786 4751 1898 4800 quae
1914 4739 2188 4802 restabant,
2207 4740 2388 4804 optime
2408 4740 2706 4802 consultare,
2731 4740 2780 4789 in
2807 4753 2913 4790 eam
2950 4751 3045 4790 non
3077 4737 3353 4798 amentiam,

159 4789 268 4868 πρὸς
293 4791 384 4869 μὲν
407 4793 498 4852 τὸν
528 4794 1012 4874 ἐπιστρατεύσαντα
1039 4794 1131 4854 καὶ
1163 4793 1478 4874 βουληθέντα
1499 4790 1576 4850 τὼ
1605 4792 1698 4865 μὲν

106 4889 142 4927 ⁵⁰
162 4877 297 4939 πόλεε
327 4881 496 4941 τούτω
523 4881 864 4941 παντάπασιν
892 4884 1112 4955 ἀνελεῖν,
1136 4882 1253 4948 τοὺς
1278 4883 1324 4940 δ’
1355 4880 1540 4946 ἄλλους
1561 4878 1700 4940 εἘλ-

161 4963 297 5036 ληνας
312 4967 846 5044 καταδουλώσασθαι,
927 4970 1042 5050 (158)
1069 4968 1196 5050 πρὸς
1215 4967 1310 5046 μὲν
1339 4967 1428 5027 τὸν
1455 4973 1702 5040 τοιοῦτον,

165 5055 468 5132 κρατήσασαι
498 5056 692 5138 ῥᾳδίως
731 5057 794 5116 ἂν
837 5059 994 5117 αὐτοῦ
1038 5058 1128 5116 καὶ
1160 5055 1300 5117 κατὰ
1320 5060 1417 5134 γῆν
1447 5055 1539 5114 καὶ
1567 5055 1704 5114 κατὰ

167 5140 419 5219 θάλατταν,
445 5146 658 5228 εἰρήνην
685 5147 759 5212 εἰς
792 5143 1002 5204 ἅπαντα
1031 5145 1423 5226 συνεγράψαντο
1448 5143 1538 5202 τὸν
1577 5141 1704 5223 χρό-

168 5245 238 5287 νον
261 5229 430 5313 ὥσπερ
456 5233 590 5314 πρὸς
611 5231 886 5314 εὐεργέτην
906 5231 1267 5312 γεγενημένον,
1296 5231 1620 5312 φθονήσασαι
1649 5229 1705 5288 δὲ

1789 4840 1872 4889 sed
1891 4838 2129 4889 insaniam
2151 4840 2265 4888 sunt
2282 4838 2530 4903 impulsae,
2550 4843 2605 4888 ut
2623 4845 2735 4888 cum
2760 4849 2844 4899 eo,
2861 4835 2946 4900 qui
2967 4836 3097 4898 ipsas
3114 4846 3354 4896 oppugna·

1790 4939 1864 4988 rat
1875 4973 1892 5000 ,
1909 4937 1995 5001 qui
2013 4940 2269 5000 utramque
2286 4937 2456 4986 urbem
2485 4935 2645 4987 delere
2663 4935 2879 4986 funditus
2890 4970 2905 4996 ,
2924 4933 3007 4997 qui
3025 4934 3211 4982 ceteros
3228 4933 3354 4980 Grae·

1791 5049 1876 5086 cos
1897 5035 2130 5086 servitute
2152 5034 2422 5099 opprimere
2443 5033 2733 5095 destinarat,
2798 5033 2929 5095 (158)
2952 5029 3039 5080 tali
3058 5028 3323 5094 prasertim
3336 5064 3355 5092 ,

1791 5147 1936 5197 quem
1956 5133 2093 5182 facile
2104 5135 2233 5182 terra
2251 5131 2465 5196 marique
2482 5129 2806 5193 superassent,
2826 5138 2991 5190 pacem
3010 5125 3061 5174 in
3074 5136 3217 5174 omne
3234 5125 3354 5174 tem-

1795 5251 1884 5302 pus
1906 5241 2135 5302 tanquam
2167 5249 2281 5286 cum
2306 5235 2429 5286 bene
2451 5234 2621 5285 merito
2656 5231 2865 5292 feceriut,
2900 5233 2951 5281 et
2980 5230 3128 5281 altera
3160 5228 3353 5279 alterius
