3825 5842
108 518 342 601 (fib-⁶⁰⁹)

107 651 413 730 γενέσθαιτῶν
436 652 509 717 εἷς
535 656 676 728 ἡμᾶς
696 647 1093 732 ἡμαρτηκότων.
1142 653 1230 730 (n)
1258 648 1424 712 Ὅθεν
1455 654 1607 713 Παυ·

102 738 242 806 σανίας
261 738 446 820 ἤρξατο
476 736 647 805 εὔνους
665 729 794 796 εἶναι
819 742 896 817 τῷ
925 736 1108 820 δήμῳ,
1135 739 1472 820 παράδειγμα
1491 764 1612 800 ποι-

101 830 274 903 ούμενος
292 826 414 907 πρὸς
433 826 554 895 τοὺς
578 826 765 894 ἄλλους
781 826 1222 905 Λακεδαιμονίους
1243 827 1337 897 τὰς
1355 829 1612 911 ἡμετέρας

102 915 324 997 συμφορὰς
341 920 433 988 τ’ἤς
451 918 557 975 τῶν
574 914 852 996 τριάκοντα
871 915 1135 997 πονηρίας·
1157 918 1310 989 δῆλον
1323 918 1426 999 γὰρ
1446 916 1612 979 ἅπασι

101 1006 180 1069 τοῖς
214 1007 404 1063 ἐλθοῦσι
448 1002 888 1075 Πελοποννησίων
933 1002 1235 1084 ἐγεγένητο,
1283 1002 1363 1065 ὅτι
1407 1007 1466 1065 οὗ
1496 1005 1613 1074 τοὺς

103 1092 433 1171 πονηροτάτους
457 1095 564 1151 τῶν
590 1094 816 1152 πολιτῶν
845 1089 1166 1167 ἀπέκτεινον,
1203 1095 1319 1152 ἀλλ’
1350 1084 1422 1161 οἷς
1450 1094 1612 1172 μάλι-

52 1196 87 1237 tt
105 1202 180 1237 στα
200 1183 446 1259 προσῆκον
463 1179 560 1239 καὶ
579 1178 664 1238 διὰ
680 1178 823 1258 γένος
845 1180 937 1239 καὶ
955 1180 1041 1239 διὰ
1063 1182 1286 1241 πλοῦτον
1306 1182 1397 1241 καὶ
1415 1183 1500 1241 διὰ
1519 1181 1613 1255 τὴν

106 1266 234 1339 ἄλλην
257 1267 438 1345 ἀρετὴν
468 1272 738 1345 τιμᾶσθαι.
821 1266 910 1347 (1²)
948 1268 1106 1329 Οὕτω
1135 1269 1180 1327 δ’
1204 1268 1498 1349 ἠλεούμεθα
1524 1269 1614 1330 καὶ

103 1364 206 1413 πᾶσι
229 1355 356 1414 δεινὰ
387 1357 669 1434 ἐδοκοῦμεν
694 1356 1036 1436 πεπονθέναι,
1059 1356 1196 1417 ὥστε
1216 1359 1523 1428 Παυσανίας
1548 1358 1614 1419 τὰ

105 1441 176 1515 μὲν
193 1441 320 1522 παρὰ
343 1444 446 1500 τῶν
471 1442 752 1525 τριάκοντα
782 1441 921 1511 ξένια
952 1446 1047 1503 οὔκ
1072 1444 1294 1518 ἠθέλησε
1325 1444 1525 1520 λαθεῖν,
1547 1446 1615 1505 τὰ

104 1528 144 1587 δὲ
171 1532 280 1610 παρ’
310 1532 460 1607 ἡμῶν
492 1530 723 1600 ἐδέξατο.
758 1531 946 1591 Καίτοι
975 1531 1160 1610 δεινόν,
1180 1522 1225 1591 ὦ
1259 1532 1436 1615 ἄνδρες
1463 1534 1612 1593 δικα-

105 1617 198 1675 σταί
210 1662 226 1694 ,
245 1618 338 1677 ὑπὸ
362 1617 456 1697 μὲν
477 1622 592 1678 τῶν
616 1618 878 1697 πολεμίων
903 1621 1096 1687 παῖδας
1117 1620 1268 1689 ὄντας
1287 1626 1430 1697 ἡμᾶς
1453 1623 1611 1682 ἐλεεῖ-

104 1710 224 1782 σθαι,
240 1704 285 1765 οἳ
303 1710 364 1787 τῇ
381 1706 664 1791 ὀλιγαρχίᾳ
689 1706 1034 1787 βοηθήσοντες
1049 1698 1230 1787 ἦλθον,
1251 1708 1353 1769 ὑπὸ
1374 1706 1430 1768 δὲ
1450 1713 1614 1787 ὑμῶν,

104 1782 138 1849 ἶ)
161 1794 314 1873 ἄνδρες
344 1796 619 1872 δικασταί,
651 1794 908 1864 τοιούτους
932 1795 1303 1876 γεγενημένους
1329 1800 1433 1857 τῶν
1457 1797 1616 1857 ὄντων

52 1892 85 1933 ¹⁵
105 1880 478 1960 ἀποστερεῖσθαι,
511 1874 590 1947 ὃν
631 1885 678 1941 οἱ
722 1881 944 1964 πατέρες
984 1882 1114 1966 ὑπὲρ
1144 1888 1238 1957 τ’ἧς
1264 1884 1618 1969 δημοκρατίας

107 1967 336 2029 ἀπέθανον.

167 2076 222 2116 11.
257 2043 330 2120 1⁴23
352 2060 398 2119 δ’
426 2050 546 2134 οἵδ’,
565 2048 614 2120 ἶ)
639 2058 819 2143 ἄνδρες
839 2060 1110 2135 δικασταί,
1129 2060 1208 2121 ὅτι
1234 2061 1354 2145 περὶ
1371 2064 1617 2125 πλείστου

105 2143 154 2201 ἂν
173 2145 420 2217 ποιήσαιτο
447 2147 716 2229 Πολίοχος
741 2154 922 2209 τοῦτον
945 2148 1034 2209 τὸν
1063 2153 1239 2227 ἀγῶνα
1266 2155 1618 2232 κατορθῶσαι,

105 2232 340 2311 ἡγούμενος
365 2238 508 2319 αὑτῷ
545 2234 718 2307 καλὴν
759 2226 893 2295 εἶναι
930 2236 1024 2309 τὴν
1067 2236 1328 2307 ἀπόδειξιν
1360 2239 1451 2298 καὶ
1492 2239 1620 2321 πρὸς

103 2320 194 2389 τοὺς
207 2323 402 2391 πολίτας
421 2323 654 2392 καὶτοὺς
681 2322 875 2400 ξένους,
896 2323 976 2384 ὅτι
1000 2324 1244 2400 Ἀθήνησι
1270 2332 1510 2387 τοσοῦτον
1529 2326 1618 2387 δύ-

103 2430 224 2467 ναται
247 2410 359 2470 ὥσθ’
379 2416 516 2491 ὑμᾶς
541 2411 666 2481 τοὺς
693 2412 911 2491 αὐτούς,
937 2413 1060 2495 περὶ
1079 2406 1152 2475 ὧν
1191 2414 1370 2496 ὅρκους
1397 2416 1618 2495 ὀμωμό-

103 2518 220 2571 κατε,
242 2502 352 2577 ὑμῖν
367 2502 546 2569 αὐτοῖς
561 2500 816 2561 τάναντία
829 2502 994 2561 ποιεῖν
1012 2502 1344 2584 ψηφίζεσθαι.
1367 2504 1457 2585 (ιι)
1481 2504 1620 2566 Πάν-

52 2600 89 2641 Ιο
107 2607 172 2651 τες
193 2585 279 2667 γὰρ
306 2587 529 2649 εἴσονται
573 2586 658 2649 ὅτι
695 2589 816 2650 τότε
861 2590 956 2669 μὲν
984 2591 1177 2671 χιλίαις
1203 2593 1465 2673 δραχμαῖς
1491 2595 1616 2667 ἐζη-

105 2672 236 2748 μίωσε
269 2676 350 2736 τὸν
393 2677 716 2757 βουλόμενον
759 2677 856 2750 τὴν
906 2680 1164 2762 ἡμετέραν
1208 2685 1306 2760 γῆν
1362 2682 1616 2759 δημοσίαν

105 2764 306 2837 ποιῆσαι,
329 2763 440 2823 νυνὶ
468 2764 524 2824 δὲ
550 2766 782 2825 κελεύων
812 2767 1068 2844 δημεῦσαι
1092 2767 1354 2842 νενίκηκε,
1383 2770 1474 2829 καὶ
1496 2769 1618 2852 περὶ

103 2847 259 2909 τούτων
278 2850 336 2925 δὴ
360 2852 676 2937 ἀμφοτέρων
702 2854 986 2930 Ἀθηναῖοι,
1013 2856 1332 2938 παρανόμων
1350 2856 1620 2939 φεύγοντος

105 2942 174 2994 τοῦ
199 2941 336 2999 αὗτοῧ
363 2942 572 3023 ἀνδρός,
601 2942 852 3002 τάναντία
877 2943 1049 3025 σφίσιν
1079 2946 1252 3013 αὖτοῖς
1279 2946 1616 3028 ἐψηφίσαντο.

109 3020 174 3103 (1⁵)
192 3027 290 3087 Οὔκ
309 3018 392 3089 οὖν
407 3028 653 3111 αἰσχρόν,
669 3032 716 3089 εἷ
737 3030 772 3089 ἃ
789 3030 885 3108 μὲν
904 3032 1332 3111 Λακεδαιμονίοις
1351 3033 1618 3095 συνέθεσθε

109 3112 404 3194 βιθαιῶσετε,
434 3116 470 3176 ἃ
498 3119 558 3177 δὲ
587 3120 761 3185 αὑτοῖς
781 3118 1102 3201 ἐψηφίσασθε
1130 3118 1264 3181 οὕτω
1294 3122 1478 3205 ῥᾳδίως
1506 3124 1618 3183 δια-

52 3208 85 3249 !
105 3200 272 3263 λύσετε·
310 3204 398 3265 καὶ
440 3204 537 3274 τὰς
564 3206 664 3283 μὲν
707 3205 837 3287 πρὸς
882 3207 1103 3277 ἐκείνους
1142 3210 1398 3281 συνθήκας
1439 3212 1619 3293 κυρίας

105 3291 336 3367 ποιήσετε,
370 3292 464 3362 τὰς
493 3294 550 3353 δὲ
593 3292 722 3375 πρὸς
763 3292 944 3363 αὑτοὺς
975 3294 1195 3378 ἀκύρους
1211 3321 1226 3335 ·
1254 3297 1346 3358 καὶ
1373 3307 1478 3367 τοῖς
1525 3298 1618 3377 μὲν

106 3377 509 3455 ἅλλοιςἜλλησιν
531 3379 842 3463 ὀργίζοισθε,
863 3382 1000 3451 εἴτις
1022 3385 1461 3465 Λακεδαιμονίους
1474 3390 1618 3466 ὑμῶν

106 3466 198 3542 περὶ
216 3469 434 3537 πλείονος
466 3471 734 3547 ποιεῖται,
774 3474 920 3549 ὑμεῖς
951 3472 998 3530 δ’
1032 3472 1177 3533 αὐτοὶ
1204 3473 1497 3555 φανήσεσθε
1525 3498 1617 3535 πι-

105 3552 300 3635 στότερον
317 3556 442 3638 πρὸς
460 3557 692 3625 ἐκείνους
713 3556 750 3630 ἢ
769 3558 898 3641 πρὸς
915 3562 1050 3636 ὑμᾶς
1074 3559 1258 3629 αὖτοὺς
1279 3562 1619 3641 διακείμενοι;

105 3641 172 3721 (ιο)
187 3643 336 3713 Ἄξιον
351 3644 404 3705 δὲ
429 3646 672 3726 μάλιστα
687 3650 940 3727 φθονῆσαι
957 3646 1038 3707 ὅτι
1064 3647 1224 3717 οὕτως
1244 3650 1347 3723 ἤδη
1371 3652 1418 3710 οἱ
1439 3651 1506 3711 τὰ
1529 3655 1621 3725 τῆς

103 3729 268 3798 πόλεικ
303 3734 622 3813 πρέποντες
665 3733 977 3810 διάκεινται,
1023 3734 1151 3795 ὥστ’
1191 3738 1290 3817 οὐχ
1328 3735 1361 3795 δ’
1385 3761 1436 3797 τι
1463 3736 1528 3797 ἂν
1553 3744 1620 3819 τῇ

103 3817 220 3877 πόλει
243 3819 501 3899 βέλτιστον
529 3814 602 3904 ᾗ,
623 3826 776 3881 τοῦτο
798 3825 846 3882 ot
870 3822 1080 3905 ῥήτορες
1105 3824 1365 3905 λέγουσιν,
1395 3828 1510 3885 ἀλλ’
1532 3828 1619 3908 ἀφ’

54 3912 91 3953 ¹0
109 3892 162 3961 ὗν
185 3904 240 3963 ἂν
266 3908 405 3969 αὐτοὶ
425 3908 719 3989 κερδαίνειν
749 3908 1008 3989 μέλλωσι,
1035 3914 1201 3969 ταῦτα
1229 3914 1376 3989 ὑμεῖς
1398 3913 1624 3995 ψηφίζε-

105 3994 189 4053 σθε.
229 3994 310 4075 (17)
337 3996 448 4057 Καὶ
479 4000 528 4056 εἰ
559 3995 655 4075 μὲν
675 4001 752 4078 τῷ
775 3994 1010 4080 ὑμετέρῳ
1032 3998 1219 4072 πλήθει
1245 3997 1488 4083 συνέφερε
1507 4001 1624 4070 τοὺς

105 4078 178 4153 μὲν
216 4081 342 4163 ἔχειν
377 4084 446 4144 τὰ
477 4088 678 4159 αὑτῶν,
717 4088 823 4145 τῶν
853 4085 909 4145 δὲ
948 4086 1137 4155 ἀδίκως
1173 4088 1488 4165 δημεύεσθαι
1527 4090 1623 4163 τὴν

105 4166 264 4245 ὠσίαν,
293 4171 501 4241 εἰκότως
548 4172 616 4232 ἂν
663 4174 907 4251 ἠμελεῖτε
950 4176 1053 4233 τῶν
1099 4174 1186 4256 ὑφ’
1226 4178 1375 4252 ἡμῶν
1403 4179 1622 4257 λεγομέ·

109 4278 204 4312 νων·
236 4260 338 4318 νυνὶ
378 4259 434 4320 δὲ
457 4260 652 4328 πάντες
683 4260 747 4320 ἂν
789 4260 1168 4342 ὁμολογήσαιτε
1203 4260 1447 4341 ὁμόνοιαν
1477 4264 1625 4349 μέγι-

109 4364 198 4402 στον
236 4347 421 4429 ἀγαθὸν
459 4338 596 4407 εἶναι
641 4347 821 4423 πόλει,
871 4348 1053 4409 στάσιν
1095 4348 1150 4409 δὲ
1189 4349 1402 4411 πάντων
1447 4354 1624 4410 κακῶν

111 4432 262 4509 αἰτίαν,
287 4435 624 4519 διαφέρεσθαι
647 4436 701 4495 δὲ
728 4436 856 4517 πρὸς
887 4438 1145 4512 ἀλλήλους
1170 4440 1230 4499 ἐκ
1252 4442 1354 4499 τῶν
1381 4438 1624 4499 τοιούτων

112 4518 302 4598 {assis-1³,
324 4523 386 4583 διν
404 4527 453 4585 οῖ
483 4524 586 4603 μὲν
610 4528 714 4585 τῶν
743 4526 1025 4608 ἀλλοτρίων
1054 4528 1392 4606 ἐπιθυμῶσιν,
1419 4529 1467 4587 οἱ
1497 4528 1543 4587 δ’
1567 4530 1626 4587 ἐκ

54 4604 188 4665 Ιίιτῶν
217 4610 362 4672 ὄντων
390 4612 712 4673 ἐκπίπτωσι.
801 4614 890 4693 (18)
928 4614 1036 4675 Καὶ
1076 4614 1222 4675 ταῦθ’
1257 4618 1402 4694 ὑμεῖς
1437 4615 1627 4695 ἔγνωτε

115 4698 258 4757 νεωστὶ
279 4700 643 4780 κατελθόντες,
665 4702 826 4782 ὀρθῶς
853 4702 1235 4783 βουλευόμενοι·
1259 4702 1336 4763 ἔτι
1366 4700 1468 4785 γὰρ
1503 4703 1625 4782 ἐμέ-

121 4791 272 4857 μνησθε
302 4792 400 4847 τῶν
427 4787 792 4870 γεγενημένων
826 4793 1122 4873 συμφορῶν,
1147 4790 1240 4850 καὶ
1266 4799 1372 4859 τοῖς
1399 4796 1530 4859 θεοῖς
1557 4794 1629 4861 εἰς

123 4869 312 4944 δμόνοιαν
338 4876 552 4958 εὔχεσθε
583 4881 907 4951 καταστῆναι
932 4876 1026 4951 τὴν
1053 4878 1203 4938 πόλιν
1233 4881 1456 4958 μᾶλλον,
1484 4875 1520 4950 ἢ
1543 4878 1629 4938 ἐπὶ

121 4962 325 5041 τιμωρίαν
340 4970 444 5025 τῶν
465 4967 905 5047 παρεληλυθότων
926 4966 1245 5049 τραπόμενοι
1260 5012 1278 5044 ,
1299 4966 1396 5041 τὴν
1418 4966 1510 5045 μὲν
1532 4967 1627 5027 πό·

124 5040 186 5099 λεν
203 5051 480 5129 στασιάσαι,
497 5053 622 5121 τοὺς
641 5052 698 5113 δὲ
715 5054 958 5133 λέγοντας
972 5053 1177 5135 ταχέως
1194 5058 1510 5128 πλουτῆσαι.
1535 5054 1625 5135 (19)

78 5135 98 5172 ⁶
130 5130 276 5195 Καίτοι
297 5140 480 5201 πλείων
505 5140 792 5223 συγγνώμη
829 5146 1170 5221 μνησικακεῖν
1198 5142 1382 5204 νεωστὶ
1404 5144 1630 5217 κατελη-

129 5218 310 5303 λυθόσιν,
345 5228 420 5289 ἔτι
445 5234 542 5303 τῆς
580 5233 736 5312 ὀργῆς
764 5230 919 5305 οὔσης
958 5235 1290 5316 προσφάτου,
1320 5232 1355 5305 ἢ
1401 5230 1630 5316 τοσούτῳ

128 5307 264 5393 χρὼς)
285 5312 484 5399 ὕστερον
512 5318 604 5379 ἐπὶ
627 5318 881 5401 τιμωρίαν
908 5324 1014 5381 τῶν
1037 5321 1474 5394 παρεληλυθότων
1495 5343 1627 5403 τρα-

306 5430 556 5473 curenn-

544 516 788 581 LYSIAE
829 514 948 579 ΟΒ.
992 518 1091 578 DE
1116 520 1699 582 PUBLICATIONE
1741 522 2121 587 BONOBUM
2160 524 2489 586 FRATRIS
2530 525 2789 587 NICIAE.

3146 545 3163 593 1
3186 548 3201 593 2
3222 548 3248 595 ‘1

1701 660 1750 710 in
1767 675 1854 712 nos
1867 655 2121 714 commissa
2138 664 2311 715 essent.
2333 663 2372 727 (t
2388 663 2430 727 1)
2450 663 2587 715 Unde
2600 666 2855 717 Pausanias
2873 672 3048 732 populo
3068 672 3260 723 studere

1701 759 1846 823 coepit
1856 796 1872 822 ,
1891 759 1954 809 ad
1975 762 2159 811 ceteros
2182 759 2567 811 Lacedaemonios
2584 763 2761 813 nostris
2782 765 3131 819 calamitatibus
3148 784 3262 821 usus

1703 864 1922 926 exemplo
1946 863 2358 927 trigintaviromm
2390 863 2726 928 improbitatis.
2790 868 3097 921 Manifestum
3133 872 3261 923 enim

1702 968 1805 1017 erat
1828 962 2015 1019 cunctis
2044 968 2395 1033 Peloponnesiis
2427 970 2513 1033 qui
2548 968 2748 1021 aderant
2759 1008 2775 1034 ,
2810 970 2927 1023 istos
2952 987 3047 1024 non
3083 977 3262 1027 civium

1704 1067 2079 1132 improbissimos
2096 1071 2313 1123 occidere
2325 1108 2341 1135 ,
2362 1072 2447 1123 sed
2464 1087 2587 1137 quos
2616 1075 2830 1125 maxime
2850 1076 3049 1128 decebat
3071 1080 3265 1144 propter

1702 1186 1854 1235 genus
1863 1172 1914 1225 et
1926 1173 2116 1226 divitias
2132 1178 2386 1241 ceteraque
2398 1177 2569 1229 merita
2583 1177 2826 1230 honorari.
2852 1180 2951 1245 (12)
2970 1185 3088 1233 Eam
3102 1184 3265 1235 autem

1703 1271 2081 1331 uiisericordiam
2102 1282 2347 1333 consecuti
2364 1295 2560 1347 sumus,
2584 1285 2635 1335 et
2650 1284 2719 1335 ita
2739 1284 2932 1349 indigna
2948 1288 3174 1339 omnibus
3188 1289 3266 1339 vi—

1703 1372 1939 1425 debamur
1957 1376 2227 1441 pertulisse,
2246 1378 2305 1427 ut
2322 1380 2577 1429 Pausanias
2588 1378 2799 1429 noluerit
2816 1392 2845 1429 a
2857 1380 3167 1445 trigintaviris
3183 1384 3267 1437 ho-

1704 1472 1892 1536 spitalia
1905 1486 2107 1527 munera
2118 1477 2335 1541 accipere
2346 1492 2459 1542 quae
2472 1492 2501 1529 a
2514 1479 2653 1531 nohis
2664 1482 2867 1545 accepit.
2889 1483 3052 1547 Atqui,
3061 1484 3266 1550 judices,

1704 1574 1884 1626 durum
1903 1587 2021 1627 sane
2041 1577 2166 1629 soret
2186 1592 2275 1630 nos
2288 1617 2304 1643 ,
2322 1593 2477 1645 quum
2494 1581 2689 1645 pueruli
2710 1582 2869 1634 adhuc
2888 1586 3265 1639 misericordiam

1706 1677 1951 1727 consecuti
1983 1676 2216 1729 fuerimus
2248 1679 2311 1730 ab
2350 1680 2570 1733 hostibus
2613 1681 2697 1747 qui
2744 1683 2944 1735 aderant
2996 1686 3267 1751 oligarchioe

1705 1777 1988 1829 subventuri
1998 1815 2017 1843 ,
2038 1793 2069 1830 a
2083 1780 2223 1831 vobis
2238 1816 2255 1843 ,
2272 1781 2491 1845 judices,
2516 1782 2693 1835 nostris
2711 1784 3025 1839 facultatibus
3040 1790 3236 1853 spoliari
3250 1829 3266 1855 ,

1706 1891 1792 1941 qur
1821 1879 1945 1931 tales
1978 1894 2068 1932 nos
2092 1881 2428 1949 exhibuimus,
2460 1886 2512 1935 et
2546 1899 2753 1949 quorum
2780 1888 2943 1952 patres
2971 1902 3059 1954 pro
3098 1890 3269 1942 demo-

1707 1976 1856 2027 cratia
1873 1978 2163 2031 occubuere.

1773 2082 1848 2128 13.
1880 2080 2117 2153 Equidem
2136 2094 2235 2132 non
2250 2082 2447 2149 dubito,
2466 2085 2682 2153 jndices,
2714 2091 2833 2154 quin
2859 2094 3057 2156 plurimi
3091 2097 3271 2151 faceret

1711 2180 1967 2233 Poliochus
1988 2184 2039 2234 in
2062 2185 2153 2235 hac
2178 2200 2322 2238 causa
2336 2188 2557 2254 vincere,
2577 2192 2713 2242 ratus
2730 2192 2779 2243 id
2796 2194 2887 2245 sihi
2908 2196 3011 2248 sore
3028 2201 3271 2263 egregium

1706 2284 1814 2335 tum
1835 2286 1963 2350 apud
1982 2287 2111 2339 cives
2126 2289 2235 2339 tum
2251 2290 2379 2354 apud
2392 2285 2585 2345 exteros
2600 2332 2615 2358 ,
2636 2297 2829 2347 tantum
2846 2312 2899 2349 se
2914 2313 3055 2363 posse
3072 2304 3272 2358 Athenis

1707 2387 1764 2437 ut
1774 2399 1864 2437 vos
1877 2392 2005 2451 ipsos
2019 2390 2157 2451 cogat
2175 2389 2525 2457 vobismetipsis
2540 2397 2778 2448 contraria
2794 2401 3005 2453 statuere
3023 2403 3075 2454 in
3089 2404 3145 2456 iis
3160 2419 3270 2457 cau·

1708 2491 1773 2541 sis
1785 2490 1849 2541 ad
1865 2504 1987 2555 quas
1999 2492 2148 2556 jurati
2162 2495 2401 2547 acceditis.
2430 2496 2719 2561 (14)0mnes
2736 2502 2863 2552 enim
2881 2510 3167 2567 cognoscent
3185 2512 3269 2559 Po-

1707 2591 1922 2641 liochum
1938 2592 2057 2643 olim
2076 2572 2207 2645 milie
2225 2595 2467 2649 drachmis
2484 2600 2743 2653 mulctasse
2758 2602 3003 2656 hominem
3019 2609 3103 2671 qui
3130 2623 3269 2673 agros

1707 2696 1896 2745 nostros
1911 2696 2160 2760 publicare
2174 2700 2357 2763 voluit,
2380 2704 2431 2752 et
2450 2705 2657 2755 eundem
2679 2718 2813 2758 nunc
2824 2721 2967 2759 causa
2984 2710 3153 2763 vicisse
3170 2728 3269 2779 qua

1707 2796 1914 2849 fundum
1932 2802 2407 2866 nostmmpublicari
2425 2804 2563 2868 jubet
2572 2824 2589 2870 ;
2612 2810 2663 2859 et
2691 2810 3003 2865 Athenienses
3023 2814 3075 2865 in
3092 2816 3273 2880 duplici

1708 2912 1872 2965 causa,
1881 2905 2081 2955 auctore
2091 2905 2259 2957 eodem
2272 2907 2467 2959 homine
2475 2910 2636 2974 legum
2649 2913 2937 2966 violatarum
2956 2930 3039 2967 reo
3048 2955 3063 2981 ,
3083 2922 3274 2971 contra·

1708 3004 1802 3056 rias
1817 3005 1908 3056 sibl
1928 3007 2135 3059 invicem
2155 3012 2414 3063 sent-tias
2431 3014 2614 3067 tulisse.
2684 3017 2782 3081 (15)
2806 3022 2967 3083 Turpe
2983 3026 3107 3073 esset
3129 3024 3274 3089 igitur

1711 3120 1824 3169 vos,
1847 3108 1933 3171 qui
1956 3110 2061 3160 rata
2083 3111 2239 3163 facitis
2256 3124 2314 3163 ea
2332 3127 2442 3178 quae
2474 3129 2588 3167 cum
2609 3119 2983 3173 Lacedaemoniis
3002 3126 3242 3189 pepigistis
3254 3166 3271 3192 ,

1709 3207 1830 3259 adeo
1843 3212 2025 3262 temere
2039 3212 2217 3265 violare
2230 3228 2342 3278 quae
2351 3216 2703 3283 vobismetipsis
2716 3222 2951 3275 statuistis
2966 3245 2979 3277 z
2996 3228 3137 3292 turpe
3150 3233 3275 3281 esset

1708 3323 1813 3373 vos,
1829 3315 1910 3376 qui
1924 3316 2095 3367 ceteris
2108 3318 2287 3369 Graecis
2296 3322 2586 3373 succensetis
2598 3324 2639 3374 si
2652 3325 2761 3388 quis
2772 3329 3159 3385 Lacedaemonios
3175 3336 3276 3398 plu·

1711 3413 1775 3465 ris
1790 3428 1940 3479 quam
1959 3418 2273 3471 Athenienses
2302 3422 2494 3485 lecerit,
2518 3424 2749 3487 maiorem
2768 3427 2915 3480 fidem
2934 3434 3143 3497 conspici
3160 3449 3274 3488 eum

1711 3511 1804 3563 illis
1817 3526 1967 3577 quam
1977 3529 2093 3566 cum
2103 3518 2450 3584 vobismetipsis
2464 3534 2671 3575 servare.
2688 3524 2729 3589 (1
2738 3528 2787 3589 ο)
2808 3531 2933 3579 ’[11111
2952 3533 3112 3581 autem
3122 3536 3277 3586 maxi-

1711 3620 1792 3659 me
1810 3610 2153 3675 indignandum
2170 3617 2270 3679 est,
2289 3617 2522 3680 plurimos
2550 3635 2717 3672 eorum
2736 3624 2820 3687 qui
2837 3625 2899 3676 ad
2930 3630 3275 3692 rempublicam

1711 3710 1951 3760 accedunt
1972 3711 2039 3761 ita
2065 3726 2119 3763 se
2135 3727 2324 3777 gerere,
2348 3719 2405 3765 ut
2430 3730 2529 3767 non
2547 3719 2675 3782 quod
2696 3720 2971 3785 reipublicae
2996 3726 3059 3775 sit
3075 3720 3274 3779 utilissi-

1711 3817 1867 3869 mum,
1877 3806 1931 3856 id
1944 3812 2157 3860 oratores
2173 3810 2421 3875 suadeant,
2440 3813 2526 3863 sed
2538 3814 2670 3877 quod
2682 3818 2969 3879 exipsorum
2988 3834 3041 3871 re
3062 3823 3125 3873 sit
3145 3825 3276 3875 futu-—

1711 3915 1842 3965 rum,
1857 3903 1910 3953 id
1929 3918 2017 3956 vos
2033 3905 2316 3970 decernatis.
2360 3908 2460 3973 (17)
2478 3912 2655 3968 Quodsi
2671 3916 2849 3977 populo
2868 3916 2996 3967 istud
3014 3922 3273 3985 conferret,

1710 3997 1830 4049 alios
1852 3999 2009 4050 aliena
2028 4002 2270 4065 pooeidere
2282 4040 2297 4065 ‚
2329 4004 2536 4057 aliorum
2558 4007 2776 4059 fortunas
2808 4010 2984 4072 iniuste
3012 4014 3245 4077 publicari
3256 4054 3272 4081 ,

1711 4093 1978 4143 orationem
2012 4097 2229 4145 nostram
2260 4097 2393 4148 haud
2432 4098 2609 4163 injuria
2638 4102 2937 4166 negligeretis
2970 4124 2984 4155 ι
3020 4106 3124 4169 iam
3157 4122 3275 4162 vero

1709 4198 1798 4237 vos
1837 4200 2005 4239 omnes
2042 4189 2348 4241 confessuros
2389 4204 2493 4243 esse
2530 4194 2755 4259 arbitror,
2798 4198 3073 4260 reipublicae
3124 4204 3277 4255 cuivis

1711 4280 1981 4331 maximum
2025 4295 2129 4333 esse
2174 4280 2358 4333 bonum
2397 4286 2730 4352 concordiam,
2776 4284 3062 4343 discordiam
3112 4299 3275 4349 autem

1711 4375 1930 4427 omnium
1940 4378 2179 4428 malorum
2189 4390 2381 4430 causam
2392 4397 2408 4445 ς
2422 4381 2539 4431 etex
2550 4380 2625 4433 his
2634 4384 2874 4448 praecipue
2884 4387 2999 4438 oriri
3006 4389 3277 4458 dissidium,

1711 4470 1754 4521 si
1781 4470 1862 4521 alii
1881 4470 2035 4521 aliena
2049 4472 2415 4537 concupiscant,
2436 4475 2517 4525 alii
2542 4476 2744 4527 fortunis
2772 4480 2869 4530 suis
2891 4486 3149 4537 exuantur.
3174 4488 3274 4553 (1‘8)

1713 4566 1770 4618 Id
1786 4567 1920 4632 qnod
1940 4578 2027 4618 vos
2052 4568 2285 4619 statuistis
2315 4582 2470 4634 nuper
2493 4570 2693 4622 domum
2723 4577 2927 4642 reversi,
2946 4582 3129 4643 optimo
3159 4592 3280 4641 con-·

1719 4659 1843 4711 silio.
1909 4660 2235 4713 Memineratis
2264 4662 2395 4713 enim
2430 4664 2591 4715 adhuc
2634 4668 2989 4730 praeteritarum
3027 4674 3277 4729 calamita-

1715 4752 1850 4817 tum,
1878 4753 2067 4817 diisque
2101 4754 2265 4818 potius
2297 4757 2599 4820 supplicastis
2624 4761 2680 4811 ut
2709 4761 2771 4811 ad
2812 4767 3118 4820 concordiam
3146 4770 3279 4825 cives

1714 4847 2061 4911 redigerentur,
2079 4863 2229 4914 qnam
2251 4853 2309 4901 ut
2330 4866 2392 4903 ex
2423 4854 2669 4918 suppliciis
2685 4856 2749 4906 ob
2769 4872 2844 4911 res
2860 4863 3129 4923 praeteritas
3149 4863 3279 4917 suin·

1714 4944 1811 5006 ptis
1831 4944 1894 4995 ad
1918 4944 2202 4997 seditionem
2229 4949 2602 5015 concitarentur,
2628 4955 2779 5018 atque
2808 4956 2875 5007 ita
2892 4960 3107 5011 oratores
3132 4950 3279 5013 vestri

1718 5038 1860 5090 citius
1881 5038 2184 5091 ditescerent.
2252 5042 2353 5106 (19)
2390 5044 2615 5094 Attamen
2648 5046 2699 5096 id
2720 5050 2871 5112 magis
2910 5052 3278 5107 condonandum

1717 5136 1909 5198 suisset,
1930 5148 2019 5186 vos
2039 5136 2185 5186 modo
2202 5150 2419 5190 reversos
2431 5141 2777 5195 maleficiorum
2794 5148 3077 5200 memoriam
3089 5164 3295 5221 gerere„

1717 5232 1898 5281 reoentl
1926 5228 2085 5280 adhuc
2114 5230 2467 5297 indignatione,
2504 5248 2653 5300 quam
2684 5240 2793 5301 post
2822 5238 3063 5292 diutinum
3089 5246 3281 5309 tempus

1717 5327 1919 5393 injurias
1952 5328 2221 5393 praeteritas
2254 5330 2381 5383 velle
2416 5333 2667 5398 persequi,
2690 5333 2755 5384 ab
2780 5334 2839 5385 iis
2862 5348 3139 5404 persuasos,
3166 5340 3251 5405 qui
3265 5378 3281 5404 ,

3061 5436 3113 5482 12
