3825 5842
618 496 729 549 268

614 624 891 693 ποιηθῆναι
910 616 996 677 τὸν
1018 622 1108 677 νῦν
1128 614 1253 676 ὄντα
1280 615 1379 675 ὑπὸ
1398 618 1487 674 τοῦ
1509 612 1643 673 θείου
1664 619 1756 672 τοῦ
1779 612 2036 693 ἡμετέρου
2056 612 2164 673 υἱὸν

532 724 585 767 ⁴⁰
615 710 701 768 ἐπὶ
740 706 898 766 παντὶ
936 710 1013 786 τῷ
1049 704 1249 787 κλήρῳ.
1336 700 1693 783 Μαρτυρήσας
1736 700 1789 761 δὲ
1818 708 1986 762 ταῦτα
2026 702 2166 761 ἑάλω

612 798 1084 879 ψευδομαρτυριῶν.
1166 794 1251 873 (13)
1278 789 1499 862 Ἐπειδὴ
1527 790 1582 849 δὲ
1605 789 1969 868 Δικαιογένης,
1997 780 2040 850 ὦ
2069 790 2164 849 ἅν-

614 886 760 964 δρες,
795 882 963 943 οὐκέτι
986 886 1121 960 ὑμᾶς
1143 879 1358 940 δύναται
1388 878 1669 960 ἐξαπατᾷν,
1693 878 1857 938 πείθει
1885 878 2166 947 Μενέξενον

614 970 701 1029 τὸν
739 969 864 1050 ὑπὲρ
892 973 1044 1047 ἡμῶν
1070 991 1127 1027 τε
1168 967 1258 1027 καὶ
1286 966 1416 1049 ὑπὲρ
1444 970 1600 1027 αὑτοῦ
1638 966 1932 1047 πράττοντα
1951 1012 1968 1045 ,
2003 966 2036 1025 ἃ
2063 965 2166 1046 ἐγὼ

616 1056 983 1139 αἰσχυνόμενος
1016 1054 1379 1136 ἀναγκάζομαι
1418 1051 1505 1114 διὰ
1540 1052 1635 1127 τὴν
1680 1053 1873 1115 ἐκείνου
1912 1054 2166 1134 πονηρίαν

614 1146 782 1225 λέγειν
803 1190 820 1223 ,
838 1179 919 1193 —-
940 1143 992 1204 τί
1008 1148 1223 1217 ποιῆσαι
1240 1166 1257 1224 ;
1278 1143 1629 1221 κομισάμενον
1651 1141 1804 1201 αὐτὸν
1825 1142 1978 1223 μέρος
1997 1146 2055 1203 ἐκ
2075 1148 2165 1203 τοῦ

615 1232 808 1313 κλήρου
831 1233 863 1295 ὅ
884 1256 935 1291 τι
963 1230 1219 1311 ἐγίγνετο,
1248 1235 1390 1309 ἡμᾶς
1417 1228 1511 1308 μὲν
1534 1230 1665 1309 ὑπὲρ
1684 1219 1758 1289 ὧν
1778 1228 2004 1310 ἔπραττε
2031 1252 2160 1311 προ·

616 1323 815 1399 δοῦναι,
830 1320 949 1388 τοὺς
963 1318 1015 1378 δὲ
1032 1318 1193 1397 μήπω
1208 1318 1504 1386 ἑαλωκότας
1517 1322 1623 1379 τῶν
1648 1318 1927 1399 μαρτύρων
1945 1318 2164 1400 ἀφεῖναι.

530 1415 597 1467 62
619 1410 726 1471 Καὶ
752 1411 902 1486 ἡμεῖς
942 1407 1036 1486 μὲν
1062 1414 1227 1467 ταῦτα
1256 1406 1357 1467 ὑπὸ
1390 1410 1494 1466 τῶν
1523 1407 1683 1488 φίλων
1711 1406 1801 1465 καὶ
1828 1411 1935 1467 τῶν
1973 1408 2168 1487 ἐχθρῶν

618 1499 865 1564 παθόντες
889 1495 1098 1577 εἴχομεν
1123 1494 1369 1574 ἡσυχίαν.
1453 1494 1668 1556 Τούτων
1690 1494 1735 1553 δ’
1758 1494 1878 1572 ὑμῖν
1904 1494 2168 1578 μάρτυρας

616 1582 924 1665 παρέξομαι.

1223 1710 1567 1759 ΜΑΡΤΥΡΕΣ.

702 1860 766 1900 14.
810 1836 880 1899 ‘0
909 1837 1003 1915 μὲν
1023 1836 1193 1897 τοίνυν
1217 1835 1494 1905 Μενέξενος
1509 1833 1689 1894 παθὼν
1713 1834 1835 1905 ἄξια
1854 1838 1957 1895 τῶν
1982 1838 2166 1897 ἑαυτοῦ

616 1926 819 2007 τρόπων
843 1925 1091 1998 ἠπατήθη
1110 1923 1210 1983 ὑπὸ
1235 1930 1325 1984 τοῦ
1347 1923 1707 2001 Δικαιογένους
1724 1946 1736 1961 ·
1759 1922 1904 2002 ἀφεὶς
1923 1922 2024 2004 γὰρ
2050 1922 2168 1991 τοὺς

620 2015 886 2095 μάρτυρας
916 2013 1005 2073 καὶ
1034 2018 1175 2090 ἡμᾶς
1198 2012 1446 2095 προδούς,
1487 2002 1557 2070 ὧν
1587 2012 1737 2071 ἕνεκα
1777 2011 1920 2069 ταῦτ’
1951 2009 2168 2091 ἔπραξεν

565 2120 593 2160 ⁶
618 2106 711 2164 οὔκ
737 2101 1034 2179 ἐκομίσατο.
1119 2098 1402 2172 Ἀδικηθεὶς
1437 2096 1491 2159 δὲ
1530 2098 1629 2157 ὑπὸ
1655 2096 2015 2176 Δικαιογένους
2055 2100 2166 2177 μεθ’

616 2194 768 2268 ἡμῶν
787 2190 945 2248 πάλιν
966 2187 1233 2268 ἔπραττεν.
1319 2186 1501 2265 Ἡμεῖς
1524 2186 1579 2244 δὲ
1598 2184 1976 2264 καθηγούμενοι
1999 2186 2166 2245 οὐκέτι

617 2277 899 2359 προσήκειν
923 2274 1247 2355 Δικαιογένει
1272 2274 1410 2356 ἔχειν
1439 2277 1543 2333 τῶν
1572 2275 1634 2332 ἐκ
1667 2278 1759 2333 τοῦ
1797 2271 1992 2353 κλήρου
2018 2272 2168 2356 μέρος

616 2364 781 2438 οὐδέν,
824 2363 1000 2436 ἐπειδὴ
1050 2366 1096 2424 οἱ
1145 2364 1400 2444 μάρτυρες
1440 2362 1696 2436 ἑάλωσαν,
1738 2360 2164 2441 ἀμφισὸητοῧμεν

618 2456 761 2535 αὐτῷ
807 2451 1032 2519 ἅπαντος
1067 2458 1155 2511 τοῦ
1192 2452 1334 2512 οἴκου
1373 2450 1488 2511 κατ’
1532 2448 1855 2529 ἀγχιστείαν.
1937 2450 2045 2509 Καὶ
2089 2448 2167 2507 ὅτι

618 2546 769 2620 ἡμεῖς
795 2564 851 2601 τε
878 2545 1037 2621 ὀρθῶς
1065 2539 1365 2621 ἐγνώκαμεν
1394 2538 1485 2599 καὶ
1512 2538 1657 2597 οὗδὲν
1682 2536 1757 2596 ἔτι
1788 2536 2040 2618 προσήκει
2073 2541 2164 2598 Δι-

618 2629 874 2709 καιογένει
903 2635 993 2689 τοῦ
1029 2628 1223 2709 κλήρου
1242 2674 1259 2702 ,
1296 2626 1482 2709 ῥᾳδίως
1512 2625 1717 2693 διδάξω.
1802 2624 1889 2707 (ιι)
1932 2624 2037 2685 Δύο
2066 2624 2166 2706 γὰρ

620 2718 863 2789 διαθῆκαι
890 2716 1173 2797 ἐφάνησαν,
1201 2720 1234 2787 ἡ
1262 2715 1357 2793 μὲν
1384 2714 1549 2773 πάλαι
1575 2714 1753 2795 πολλῷ
1771 2758 1787 2789 ,
1806 2717 1841 2784 ἡ
1866 2715 1912 2771 δ’
1939 2713 2166 2794 ὕστερον·

544 2824 596 2865 10
619 2804 865 2867 καὶκατὰ
890 2803 984 2883 μὲν
1006 2804 1101 2876 τὴν
1129 2803 1377 2876 παλαιάν,
1407 2802 1470 2875 ἣν
1490 2801 1719 2883 ἀπέφηνε
1750 2800 2001 2881 Πρόξενος
2027 2805 2055 2860 ὁ
2077 2808 2166 2862 Δι-

618 2893 913 2972 καιογένους
939 2896 1121 2953 τούτου
1140 2891 1316 2973 πατήρ
1332 2890 1459 2969 ,ἐπὶ
1485 2894 1559 2970 τῷ
1584 2888 1739 2970 τρίτῳ
1765 2888 1911 2967 μέρει
1933 2894 2021 2949 τοῦ
2041 2889 2167 2963 κλή-

620 3007 707 3063 ρου
739 2982 967 3062 ἐγίγνετο
994 2986 1068 3060 τῷ
1106 2979 1224 3062 θείῳ
1260 2983 1335 3060 τῷ
1363 2978 1601 3059 ἡμετέρῳ
1638 2976 1743 3045 υίὸς
1774 2977 1985 3048 ποιητός
2003 3022 2020 3051 ,
2049 2982 2166 3037 καθ’

617 3070 681 3143 ἢν
722 3070 767 3128 δ’
809 3069 959 3136 αὐτὸς
987 3068 1217 3147 ἀπέφηνε
1243 3066 1603 3145 Δικαιογένης,
1626 3064 1713 3123 ἐπὶ
1740 3065 1896 3123 παντὶ
1919 3068 1992 3143 τῷ
2021 3064 2164 3147 οἴκῳ.

618 3154 851 3218 Ταύταιν
882 3154 935 3215 δὲ
963 3162 1076 3215 ταῖν
1104 3153 1373 3225 διαθήκαιν
1397 3153 1461 3226 ἣν
1500 3150 1593 3230 μὲν
1626 3150 1877 3233 Πρόξενος
1905 3149 2165 3234 ἀπέφηνε,

618 3244 954 3323 Δικαιογένης
983 3242 1152 3302 ἔπεισε
1184 3240 1302 3309 τοὺς
1328 3239 1575 3308 δικαστὰς
1606 3243 1676 3308 ὡς
1710 3240 1805 3300 οὐκ
1834 3236 2031 3312 ἀληθὴς
2058 3240 2166 3313 εἴη·

620 3333 683 3405 ἣν
720 3330 775 3391 δὲ
799 3330 1136 3408 Δικαιογένης
1163 3328 1445 3411 ἀπέφηνεν,
1479 3332 1526 3389 οἱ
1554 3326 1976 3407 μαρτυρήσαντες
2006 3327 2166 3401 αὐτὴν

618 3419 704 3481 τὸν
728 3423 859 3479 θεῖον
877 3418 964 3479 τὸν
988 3417 1237 3500 ἡμέτερον
1263 3416 1525 3477 διαθέσθαι
1547 3416 1785 3475 ἑάλωσαν
1804 3416 2167 3497 ψευδομαρτυ-

547 3528 592 3567 ts
624 3511 764 3590 ριῶν.
852 3508 933 3588 (ιο)
964 3506 1177 3588 Ἀμφοῒν
1200 3504 1253 3565 δὲ
1278 3514 1392 3565 ταῖν
1426 3504 1695 3575 διαθήκαιν
1727 3503 1934 3583 ἀκύροιν
1957 3504 2163 3582 γινομέ·

622 3620 755 3669 ναιν,
784 3594 872 3655 καὶ
910 3595 1087 3677 ἐτέρας
1118 3594 1373 3673 μηδεμιᾶς
1401 3589 1815 3670 δμολογουμένης
1842 3583 2004 3664 εἶναι,
2035 3592 2169 3651 κατὰ

624 3683 762 3743 δόσιν
788 3683 881 3763 μὲν
905 3682 1069 3743 οὐδενὶ
1098 3685 1328 3762 προσῆκε
1356 3686 1445 3740 τοῦ
1466 3679 1690 3760 κλήρου,
1724 3681 1842 3737 κατ’
1866 3679 2170 3759 ἀγχιστείαν

624 3771 678 3831 δὲ
723 3780 834 3838 ταῖς
869 3768 1230 3847 Δικαιογένους
1268 3772 1358 3826 τοῦ
1401 3765 1743 3833 ἀποθανόντος
1784 3767 2058 3847 ἀδελφαῖς,
2098 3758 2170 3827 ὧν

621 3862 748 3919 εἰσιν
788 3862 842 3918 αἱ
881 3856 1133 3938 ἡμέτεραι
1170 3856 1408 3935 μητέρες.
1491 3853 1593 3917 Διὰ
1634 3853 1686 3911 δὲ
1730 3858 1896 3912 ταῦτα
1939 3852 2076 3923 ἔδοξέ
2115 3878 2170 3913 τε

625 3950 750 4025 ἡμῖν
773 3949 957 4027 λαχεῖν
978 3950 1065 4004 τοῦ
1090 3942 1283 4025 κλήρου
1301 3942 1417 4001 κατ’
1440 3940 1766 4023 ἀγχιστείαν,
1795 3941 1884 3999 καὶ
1912 3940 2170 4021 ἐλάχομεν

618 4032 678 4094 τὸ
709 4034 858 4115 μέρος
887 4032 1118 4099 ἕκαστος.
1203 4030 1517 4093 Μελλόντων
1561 4030 1604 4089 δ’
1641 4032 1792 4106 ἡμῶν
1823 4028 2169 4105 ἀντόμνυσθαι

623 4121 1002 4203 διεμαρτῦρησε
1033 4120 1318 4200 Λεωχάρης
1346 4118 1519 4178 οὑτοσὶ
1549 4116 1622 4196 μὴ
1653 4116 1881 4177 ἐπίδικον
1912 4106 2044 4175 εῖναι
2083 4116 2168 4176 τὸν

546 4231 599 4271 ao
622 4213 811 4289 κλῆρον
856 4214 1002 4287 ἡμῖν.
1089 4210 1178 4287 (17)
1220 4204 1695 4288 Ἐπισκηψαμένων
1738 4205 1781 4264 δ’
1821 4209 1972 4283 ἡμῶν
2008 4208 2042 4276 ἡ
2074 4204 2168 4282 μὲν

623 4297 765 4369 λῆξις
787 4303 877 4355 τοῦ
913 4296 1107 4376 κλήρου
1132 4294 1410 4377 διεγράφη,
1433 4298 1467 4366 ἡ
1498 4292 1551 4353 δὲ
1583 4296 1683 4352 τῶν
1713 4294 2169 4374 ψευδομαρτυριῶν

624 4384 743 4456 δίκη
768 4383 946 4462 εἰσῄει.
1026 4384 1121 4443 Ἐν
1148 4382 1204 4441 δὲ
1229 4386 1305 4463 τῷ
1343 4380 1660 4460 δικαστηρίῳ
1689 4379 1860 4440 πάντα
1899 4376 1993 4456 μὲν
2019 4384 2168 4456 ἡμῶν

624 4471 867 4531 εἰπόντων
892 4471 927 4529 ἅ
950 4494 1049 4553 περ
1078 4470 1217 4543 νυνί,
1249 4468 1420 4529 πολλὰ
1448 4468 1503 4528 δὲ
1530 4466 1843 4546 Λεωχάρους
1885 4470 2169 4526 ἀνταπολο-

620 4559 918 4639 γησαμένου
934 4605 949 4635 ,
977 4558 1207 4639 ἔγνωσαν
1231 4558 1297 4617 τὰ
1321 4559 1483 4638 ψευδῆ
1508 4552 1839 4635 μαρτυρῆσαι
1877 4553 2168 4634 Λεωχάρην

621 4650 667 4707 οἱ
698 4647 957 4709 δικασταί.
1040 4646 1259 4718 Ἐπειδὴ
1290 4647 1344 4704 δὲ
1376 4650 1527 4704 τοῦτο
1564 4641 1779 4723 φανερὸν
1809 4640 2008 4720 ἐγένετο
2033 4643 2164 4711 ἐξαι-

625 4740 862 4817 ρεθεισῶν
888 4740 991 4795 τῶν
1018 4736 1224 4817 ψήφων,
1256 4734 1290 4792 ἃ
1329 4732 1423 4811 μὲν
1460 4734 1565 4790 τῶν
1596 4732 1854 4789 δικαστῶν
1890 4728 1982 4788 καὶ
2019 4733 2168 4805 ἡμῶν

624 4816 804 4889 ἐδεήθη
833 4815 1119 4895 Λεωχάρης
1156 4812 1190 4885 ἢ
1218 4812 1315 4873 ὅσα
1344 4815 1470 4887 ἡμῖν
1500 4809 1756 4888 ἐξεγένετο
1789 4808 2170 4888 διαπράξασθαι

548 4926 599 4965 25
626 4905 771 4978 τότε,
817 4906 912 4964 οὔκ
942 4882 1036 4964 οἷδ’
1062 4902 1095 4961 ὅ
1121 4926 1171 4961 τι
1199 4903 1277 4960 δεῖ
1302 4898 1493 4978 λέγειν,
1522 4898 1555 4956 ἃ
1598 4898 1652 4957 δὲ
1678 4896 1989 4977 ὡμολογήθη
2017 4901 2168 4975 ἡμῖν,

620 5000 785 5054 ταῦτα
832 4990 1109 5052 ἀκούσατε.
1197 4988 1286 5067 (18)
1318 4986 1735 5067 Συγχωρούντων
1775 4986 1875 5067 γὰρ
1903 4989 2057 5063 ἡμῶν
2095 4990 2168 5066 τῷ

624 5082 835 5163 ἄρχοντι
857 5081 931 5157 μὴ
954 5082 1281 5159 συναριθμεῖν
1309 5076 1443 5134 ἀλλὰ
1462 5074 1679 5153 συγχέαι
1697 5072 1789 5142 τὰς
1811 5073 2028 5156 ψήφους,
2053 5074 2169 5155 ἀφί-

624 5192 782 5229 στατο
819 5168 911 5245 μὲν
948 5164 1283 5243 Δικαιογένης
1318 5167 1427 5222 τοῖν
1465 5164 1603 5221 δυοῖν
1639 5166 1812 5242 μεροῖν
1854 5168 1943 5220 τοῦ
1975 5161 2168 5240 κλήρου

624 5264 734 5324 ταῖς
756 5254 1113 5334 Δικαιογένους
1136 5252 1410 5335 ἀδελφαῖς,
1440 5250 1529 5311 καὶ
1554 5250 1809 5329 ὡμολόγει
1840 5246 2168 5330 ἀναμφισὸή·

1329 481 1587 544 ΙΣΑΙΟΥ
1632 482 1684 540 O
1728 479 1910 541 ΠΕΡΙ
1949 479 2101 541 ΤΟΥ
2141 482 2706 545 ΔῙΚΑῙΟΓΕΝΟΥΣ
2749 484 3074 546 ΚΛΗΡΟΥ.

3535 486 3702 567 ‹os-22}

2255 621 2414 672 adhuc
2435 624 2676 689 superest,
2696 637 2753 675 ea
2775 624 2878 687 lege
2900 625 3043 676 tuisse
3060 623 3334 689 adoptatum
3353 626 3406 676 ut
3419 626 3616 677 bonorum
3635 644 3694 677 suo
3728 647 3729 659 ¹

2254 724 2364 759 rum
2377 722 2442 761 ex
2462 724 2567 762 asse
2585 712 2723 762 heres
2748 714 2888 763 esset.
2953 716 3070 763 Hoec
3089 713 3170 762 ille
3189 716 3315 777 Lyco
3335 716 3516 765 testatus
3533 717 3614 765 falsi
3631 718 3708 766 dicti
3728 706 3729 719 ³

2252 798 2520 849 testimonii
2539 800 2790 851 convictus
2801 802 2891 851 est.
2920 801 3020 865 (13)
3040 802 3338 865 Dicmogenes
3353 804 3498 865 itaque
3515 807 3710 866 quumjam

2253 899 2350 939 non
2375 889 2582 951 amplius
2613 901 2700 939 vos
2722 888 2938 952 decipere
2955 892 3138 955 posset,
3169 891 3395 953 persuasit
3422 894 3637 941 Menexeno
3659 908 3731 953 nir÷

2251 978 2497 1040 stramque
2515 990 2748 1041 suamque
2759 990 2956 1028 causam
2969 992 3274 1029 communem
3288 981 3434 1042 agenti
3450 980 3518 1041 (id
3529 980 3647 1042 quod,
3657 984 3712 1029 etsi

2253 1064 2419 1127 pudet,
2431 1068 2624 1129 propter
2639 1066 2768 1116 illius
2781 1067 3131 1131 improbitatem
3141 1068 3357 1131 proloqui
3370 1069 3540 1131 rogor),
3548 1068 3714 1131 quidnam

2253 1149 2441 1202 facere?
2463 1153 2614 1202 ratam
2633 1153 2908 1205 hereditatis
2927 1156 3194 1218 portionem
3210 1155 3298 1205 sibi
3316 1158 3629 1217 contingentem
3653 1170 3672 1203 a
3687 1170 3733 1241 se*

2254 1241 2468 1302 auferre,
2491 1242 2752 1305 gratioeque
2779 1242 2830 1292 in
2853 1243 3120 1293 mercedem
3145 1256 3234 1293 nos
3259 1257 3457 1306 quorum
3471 1257 3633 1292 causam
3647 1242 3733 1305 age·¹

2255 1330 2328 1378 ret
2345 1329 2432 1378 sibi
2453 1329 2653 1392 prodere
2667 1367 2682 1391 ,
2699 1330 3003 1395 reliquosque
3019 1331 3162 1382 salsos
3177 1334 3324 1382 testes
3345 1333 3392 1381 in
3411 1334 3552 1382 forum
3569 1332 3718 1381 nondum

2254 1414 2317 1464 ab
2341 1415 2442 1480 ipso
2469 1418 2730 1479 pertractos
2751 1418 2920 1467 missos
2941 1417 3115 1467 facere.
3181 1420 3300 1469 Haec
3313 1430 3400 1467 nos
3415 1418 3472 1467 ah
3487 1417 3622 1466 amicis
3635 1416 3718 1479 pari·

2255 1504 2330 1555 ter
2351 1503 2650 1567 inimicisque
2669 1505 2921 1555 tolerantes
2945 1508 3110 1557 tamen
3129 1507 3416 1571 quievimus.
3448 1510 3590 1557 Testes
3603 1493 3735 1581 horum}

2257 1591 2320 1641 ad
2350 1605 2437 1641 vos
2455 1591 2744 1655 producam.
3255 1588 3262 1595 ’

2907 1724 3152 1767 ΤΒΒΤΒΒ.

2326 1850 2397 1896 u.
2431 1848 2612 1898 verum
2647 1850 2939 1898 Menexenus
2963 1848 3026 1898 ab
3057 1850 3344 1912 Dicaeogeue
3382 1847 3558 1899 delusus
3587 1849 3674 1905 luit,
3693 1844 3737 1895 u}

2255 1914 2386 1977 quod
2405 1916 2578 1966 merito
2601 1916 2644 1967 ei
2667 1918 2864 1980 contigit
2885 1932 2898 1966 :
2921 1931 3034 1967 nam
3051 1930 3082 1967 a
3095 1918 3292 1969 testium
3309 1920 3608 1982 persecutione
3623 1930 3724 1979 quun

2257 1984 2514 2036 destitisset
2547 1989 2694 2049 atque
2727 2000 2814 2037 nos
2839 1988 3146 2052 prodidisset,
3168 1989 3418 2039 fraudatus
3435 1992 3503 2039 est
3517 1990 3566 2038 iis
3581 2000 3724 2049 quorun

2253 2065 2338 2116 spe
2368 2054 2560 2105 illectus
2581 2058 2662 2108 illa
2685 2059 3006 2109 commiserat.
3073 2058 3304 2122 injuriam
3322 2060 3446 2110 hanc
3465 2073 3493 2109 a
3521 2059 3739 2130 Dicaeogmel

2255 2136 2420 2186 passus
2433 2140 2597 2177 rursus
2613 2127 2674 2177 ad
2693 2132 2880 2181 nostras
2897 2132 3057 2193 partes
3079 2129 3238 2180 rediit.
3307 2132 3370 2180 nt
3383 2144 3468 2180 nos
3483 2130 3658 2179 arbitrati
3675 2128 3739 2175 [Ji-1

2255 2196 2462 2257 coeogeni
2474 2196 2575 2259 J'am
2594 2199 2779 2250 nullam
2801 2200 3006 2261 amplius
3031 2199 3314 2250 hereditatis
3331 2202 3577 2264 portionem
3595 2210 3726 2258 compe·

2254 2267 2381 2328 tere,
2401 2270 2655 2331 postquam
2673 2273 2817 2321 testes
2835 2270 2939 2321 falsi
2957 2272 3216 2321 testimonii
3247 2274 3461 2335 coarguti
3481 2274 3638 2327 essent,
3655 2280 3728 2316 cum

2253 2349 2310 2386 eo
2329 2335 2389 2387 de
2407 2339 2628 2390 universa
2645 2341 2908 2392 hereditate
2925 2354 2986 2391 ex
3003 2342 3148 2392 titulo
3168 2342 3410 2406 propioris
3429 2340 3741 2411 consanguiniul

2253 2407 2314 2457 tis
2336 2410 2686 2463 contendimus.
2753 2417 2860 2471 Qua
2879 2412 2930 2463 in
2948 2426 3002 2463 re
3019 2426 3107 2462 nos
3124 2416 3319 2463 rectum
3341 2414 3510 2478 cepisse
3525 2411 3741 2469 eonsilium}

2253 2480 2302 2529 et
2327 2480 2429 2542 iam
2449 2482 2630 2533 nullam
2654 2484 2861 2546 amplius
2898 2483 3174 2534 hereditatis
3209 2488 3402 2547 partem
3433 2488 3660 2547 competere
3677 2476 3741 2528 Di?

2255 2550 2463 2611 caeogeni
2480 2551 2620 2601 facile
2635 2552 2995 2603 demonstrabo.
3061 2554 3160 2617 (15)
3185 2556 3323 2605 Binae
3340 2554 3466 2605 enim
3483 2554 3635 2603 tabulae
3645 2552 3728 2611 eJus·

2253 2618 2364 2669 dem
2395 2623 2666 2673 testamenti
2703 2625 2904 2688 prolatas
2941 2626 3156 2688 ruerant,
3191 2626 3365 2677 alter-'e
3399 2624 3580 2690 quidem
3606 2622 3732 2671 (lulum

2253 2702 2393 2762 ante,
2412 2701 2576 2751 alterae
2605 2704 2770 2753 autem
2789 2703 2944 2754 multo
2965 2706 3076 2766 post
3105 2723 3118 2753 ε
3151 2708 3202 2755 et
3225 2706 3512 2756 vetustiores
3530 2702 3732 2766 quidem·

2255 2775 2476 2828 Proxeno
2515 2780 2660 2842 hujus
2701 2780 2994 2844 Dicaeogenis
3033 2786 3170 2845 patre
3204 2783 3412 2844 prolatae
3425 2818 3440 2846 ,
3481 2782 3734 2842 Dioeogem

2255 2853 2382 2905 hunc
2397 2858 2622 2907 avunculi
2643 2858 2793 2909 nostri
2813 2859 2968 2910 tilium
2985 2859 3270 2923 adoptivum
3287 2874 3348 2911 ea
3363 2862 3464 2924 lege
3475 2860 3688 2918 iaciebant,
3701 2860 3734 2905 ut

2253 2930 2294 2979 is
2311 2932 2532 2982 trientem
2549 2933 2852 2985 solummodo
2869 2934 3146 2985 hereditatis
3168 2935 3399 2998 haberet3
3417 2936 3662 2999 posteriores
3677 2905 3745 3027 ειν(

2255 3008 2350 3057 tem
2369 3008 2434 3058 ab
2455 3010 2556 3071 ipso
2589 3011 2872 3075 Dicoeogene
2907 3012 3102 3075 prolatae
3133 3012 3266 3063 hunc
3303 3014 3460 3077 ipsum
3493 3012 3677 3063 heredem
3697 3022 3745 3069 sig

2253 3096 2356 3133 asse
2373 3083 2694 3137 declarabant.
2762 3090 2944 3137 Harum
2967 3086 3244 3138 tabularum
3270 3090 3447 3139 alteras
3463 3088 3652 3151 quidem,
3669 3084 3738 3132 ills

2255 3172 2284 3207 a
2302 3162 2520 3212 Proxeno
2538 3162 2777 3226 proditas,
2802 3163 3106 3225 Dicaeogenes
3127 3162 3374 3225 judicibus
3395 3165 3608 3228 persuasit
3619 3166 3662 3210 ut
3674 3172 3738 3208 ue

2255 3232 2422 3283 derent
2461 3236 2812 3285 commentitias
2829 3248 2955 3296 esse3
2983 3234 3113 3297 quod
3136 3248 3256 3285 vero
3277 3237 3342 3287 ad
3359 3250 3442 3287 eas
3461 3250 3572 3300 quas
3593 3236 3672 3297 ipse
3685 3234 3738 3281 Di-

2256 3316 2499 3366 caeogenes
2517 3309 2744 3371 protulit,
2777 3312 2922 3360 testes
2942 3310 3029 3373 qui
3053 3308 3420 3361 affirmaverant
3441 3312 3500 3360 ab
3525 3312 3614 3374 ipso
3631 3322 3738 3357 amn·

2256 3378 2367 3429 culo
2381 3382 2546 3429 nostro
2564 3394 2644 3432 eas
2661 3382 2861 3446 scriptas
2887 3397 3016 3445 esse,
3039 3384 3146 3434 salsi
3167 3386 3434 3435 testimonii
3453 3385 3638 3436 convicti
3651 3388 3740 3433 sum.

2258 3453 2355 3517 (16)
2393 3456 2640 3506 Ambobus
2678 3457 2842 3522 itaque
2865 3459 2958 3510 illis
2996 3461 3300 3511 testamentis
3329 3462 3506 3525 pariter
3521 3460 3736 3517 debilitatis,

2256 3530 2387 3580 aliud
2405 3531 2592 3581 nullum
2607 3535 2794 3584 exstare
2811 3548 2963 3598 quum
2981 3536 3030 3585 in
3049 3537 3268 3586 confesso
3286 3538 3370 3599 sit,
3393 3538 3536 3601 liquet
3545 3538 3630 3599 jam
3641 3536 3742 3585 nemi·

2257 3622 2368 3658 nem
2392 3622 2493 3658 esse
2518 3610 2598 3659 cui
2633 3610 2868 3662 hereditas
2889 3627 2952 3662 ex
2973 3612 3116 3662 tituto
3159 3614 3412 3676 legationis
3445 3618 3677 3677 competat,
3705 3628 3745 3661 ει

2257 3686 2397 3735 titulo
2431 3688 2852 3749 consanguinitatis
2885 3692 3047 3739 autem
3070 3688 3184 3739 solis
3211 3702 3323 3740 eam
3347 3694 3601 3754 competere
3617 3688 3744 3737 samri·

2257 3758 2347 3810 bus
2369 3759 2659 3823 Dicoeogenis
2693 3760 2932 3823 defuncti,
2965 3776 3170 3827 quarum
3189 3776 3217 3813 e
3253 3778 3462 3815 numero
3489 3768 3645 3815 nostra:
3669 3764 3745 3813 sunt

2257 3840 2452 3889 matres.
2516 3841 2751 3898 Quocirca
2767 3834 2922 3889 visum
2939 3841 3076 3891 nobis
3097 3839 3188 3889 tuit
3203 3840 3256 3889 in
3270 3842 3384 3903 iure
3399 3844 3552 3906 petere
3565 3841 3746 3890 haedin-

2255 3918 2355 3966 tem
2378 3931 2436 3968 ex
2471 3918 2613 3969 titulo
2646 3918 3039 3981 propinquitatis,
3071 3919 3122 3968 et
3155 3918 3225 3968 sic
3256 3920 3515 3981 petivimus
3540 3920 3746 3983 portionem

2257 3996 2582 4057 unusquisque
2601 3994 2691 4044 sibi
2711 3996 2882 4043 ratam.
2903 3997 3083 4045 Verum
3106 3995 3154 4044 in
3172 3995 3346 4057 eoJ'am
3367 4010 3515 4061 quum
3531 4010 3704 4047 aesernus
3713 3996 3746 4043 ut

2253 4069 2563 4133 jurejurando
2582 4071 2754 4119 mutuo
2771 4069 3086 4131 adigeremur,
3121 4069 3393 4122 intercessit
3409 4073 3651 4121 Leochares
3673 4072 3746 4129 hie,

2257 4146 2545 4197 obnuntians
2575 4144 2887 4197 hereditatem
2919 4146 3044 4195 hanc
3065 4148 3411 4197 coutroversiae
3431 4146 3554 4196 haud
3575 4160 3662 4195 esse
3687 4146 3746 4195 ob·

2257 4224 2467 4274 noxiam.
2534 4222 2632 4285 (17)
2675 4226 2829 4281 Quem
2872 4224 3042 4272 testem
3087 4236 3236 4285 quum
3283 4224 3603 4285 rejiceremus,
3627 4223 3746 4284 petitia

2256 4303 2452 4365 quidem
2476 4300 2751 4351 hereditatis
2775 4300 3134 4363 antiquabatur,
3154 4304 3326 4349 contra
3343 4312 3458 4350 vero
3479 4300 3593 4349 actio
3619 4300 3668 4348 de
3693 4298 3746 4347 tal·

2255 4382 2395 4431 sitate
2411 4379 2527 4429 dicti
2545 4378 2814 4429 testamenti
2850 4377 3183 4428 inducebatur.
3247 4378 3322 4427 lbi
3353 4392 3504 4441 quum
3531 4392 3609 4427 nos
3629 4376 3746 4426 omnin

2255 4458 2536 4508 dixissemus
2557 4454 2724 4505 eadem
2741 4455 2888 4515 atque
2904 4466 3036 4504 nunc
3055 4452 3288 4517 dicimus,
3313 4454 3525 4517 itemque
3545 4454 3746 4504 Lemmata

2255 4536 2330 4585 sui
2353 4531 2584 4597 purgandi
2603 4542 2746 4580 causa
2771 4531 2927 4579 multa
2959 4530 3258 4592 protulisset,
3295 4530 3654 4593 pronuncianmt
3675 4530 3746 4575 tan·

2257 4612 2368 4661 dem
2381 4609 2566 4672 iudices
2580 4607 2916 4657 Leocharetem
2937 4606 3055 4655 salsa
3071 4608 3300 4657 testatum
3315 4620 3441 4657 esse.
3504 4604 3627 4663 Quod
3639 4614 3746 4665 quum

2257 4688 2413 4751 palam
2443 4686 2566 4736 esset
2587 4683 2768 4733 sactum
2799 4696 2863 4731 ex
2883 4681 3146 4745 depromtis
3175 4684 3444 4745 sulii-agiis,
3479 4696 3582 4745 queo
3602 4678 3746 4743 quidem

2258 4758 2521 4809 Leochares
2553 4754 2834 4817 judicesque
2867 4752 3091 4815 ipsosque
3125 4755 3314 4803 nosmet
3354 4755 3582 4816 rQaverit
3605 4754 3648 4800 et
3671 4762 3745 4810 qua

2257 4829 2393 4879 nobis
2425 4830 2533 4879 tum
2565 4824 2795 4888 perticere
2820 4826 2990 4873 contra
3013 4836 3126 4873 eum
3149 4823 3366 4884 licuerit,
3385 4824 3541 4873 nescio
3561 4836 3616 4870 an
3633 4820 3746 4869 minu:

2255 4912 2448 4950 necesse
2467 4898 2528 4948 sit
2545 4896 2756 4947 enarrari
2773 4914 2785 4944 ε
2807 4896 2922 4945 satis
2939 4896 3010 4944 est
3024 4907 3080 4944 ea
3095 4907 3182 4943 vos
3199 4893 3392 4955 audire,
3417 4894 3478 4945 de
3492 4893 3649 4956 quihus
3662 4890 3745 4939 inte

2255 4986 2344 5022 nos
2360 4970 2601 5021 convenit.
2667 4968 2764 5028 (18)
2785 4966 2931 5017 Nobis
2961 4966 3091 5015 enim
3114 4964 3486 5015 concedentibus
3507 4964 3698 5012 archonti
3719 4972 3745 5007 u

2255 5042 2476 5103 sutfragia
2496 5053 2594 5089 non
2628 5038 2928 5087 dinumerata
2949 5034 3260 5086 confunderet
3273 5070 3287 5094 ,
3306 5034 3558 5085 abdicabat
3577 5035 3663 5094 ipse
3681 5042 3746 5077 sos

2257 5114 2555 5174 Dicoeogcnes
2577 5110 2639 5161 de
2663 5110 2797 5159 besse
2823 5106 3099 5158 hereditatis
3127 5118 3327 5168 eamque
3347 5106 3585 5155 sororibus
3614 5103 3746 5153 Dii-au

2255 5182 2385 5246 genis
2406 5179 2616 5231 defuncti
2647 5177 2984 5241 permittebat,
3015 5178 3662 5240 promitteus’seseflmrtioues
3681 5172 3745 5219 illa

2257 5254 2310 5301 ut
2323 5251 2664 5303 controversiae
2681 5262 2780 5301 non
2791 5246 3026 5300 obnoxias
3039 5246 3180 5299 nobis
3195 5258 3296 5299 ene
3311 5244 3623 5303 traditurum
3639 5254 3746 5303 eaqu·
