3825 5842
1439 402 1941 464 ῙΣΟΚΡΑΤΟΥΣ
1981 403 2032 462 Ο
2076 400 2258 461 ΠΕΡΙ
2302 400 2805 462 ΑΝΤΙΔΟΣΕΏΣ.

410 510 424 523 ‘
523 532 900 617 δελεχεστάτης
921 532 1014 594 καὶ
1035 533 1510 609 πολυτελεστάτης,
1538 539 1784 595 τοσοῦτον
1801 532 2085 615 προλαὸὼν
2174 540 2381 593 sissimis
2400 540 2493 591 tuit
2526 556 2541 591 z
2570 540 2653 591 bic
2671 540 2819 604 igitur
2850 539 2997 591 tantis
3014 537 3270 593 commodis
3290 540 3347 592 ad
3365 540 3528 593 divitias
3546 557 3641 607 quas·

520 626 648 706 πρὸς
699 624 760 685 τὸ
786 622 954 685 πλείω
999 622 1293 697 κτήσασθαι
1314 627 1418 684 τῶν
1443 623 1638 699 ἄλλων,
1672 624 1872 706 χιλίους
1899 623 2085 702 μόνους

517 717 782 795 στατῆρας
817 712 1086 775 κατέλιπε.
1181 712 1294 794 (157)
1346 713 1540 773 Καίτοι
1583 714 1688 795 χρὴ
1725 714 1965 795 περὶτῆς
1994 715 2081 773 οὗ·

518 804 632 873 σίας
658 806 752 875 τῆς
787 800 1028 874 ἀλλήλων
1067 801 1144 881 μὴ
1171 802 1278 869 τοῖς
1307 802 1629 881 αἰτιωμένοις
1659 806 1772 883 εἰκῇ
1801 800 2085 877 πιστεύειν,

461 907 493 957 5
518 891 653 971 μηδὲ
670 890 767 959 τὰς
788 889 1034 971 ἐργασίας
1073 888 1194 959 ἴσας
1217 890 1446 967 νομίζειν
1469 891 1564 960 τάς
1583 914 1644 952 τε
1674 895 1780 951 τῶν
1824 896 2083 973 σοφιστῶν

514 980 606 1040 καὶ
631 980 724 1048 τὰς
751 982 854 1039 τῶν
883 982 1194 1059 ὑποκριτῶν,
1224 978 1364 1039 ἀλλὰ
1397 977 1514 1047 τοὺς
1555 982 1609 1039 ἐν
1633 988 1746 1049 ταῖς
1774 983 1958 1048 αὑταῖς
1995 979 2081 1039 τέ-

513 1092 664 1151 χναις
689 1066 838 1137 ὄντας
863 1066 991 1150 πρὸς
1015 1068 1274 1140 ἀλλήλους
1299 1067 1513 1149 κρίνειν,
1545 1068 1638 1128 καὶ
1669 1068 1786 1137 τοὺς
1813 1069 2001 1147 ὁμοίαν
2030 1070 2083 1128 ἐν

515 1158 710 1241 ἑκάστῃ
734 1155 950 1241 δύναμιν
981 1154 1243 1226 λαὸόντας
1265 1157 1648 1240 παραπλησίαν
1669 1157 1762 1218 καὶ
1784 1155 1878 1230 τὴν
1901 1156 2082 1217 οὖσίαν

515 1247 652 1329 ἔχειν
678 1244 924 1327 νομίζειν.
1009 1246 1124 1327 (1⁵8)
1149 1242 1256 1308 Ἢν
1284 1236 1372 1305 οὗν
1407 1244 1687 1320 ἐξισώσητέ
1729 1268 1796 1325 με
1822 1248 1898 1327 τῷ
1936 1248 2087 1305 πλεῖ-

435 1358 494 1395 εο
515 1359 637 1397 στον
671 1332 1054 1418 ἐξειργασμένῳ
1088 1334 1181 1395 καὶ
1222 1338 1344 1408 θῆτε
1380 1335 1510 1417 πρὸς
1549 1337 1762 1411 ἐκεῖνον,
1793 1334 1900 1394 οὔθ’
1940 1337 2087 1413 ὑμεῖς

517 1422 854 1485 παντάπασιν
882 1422 1154 1492 ἀσκέπτως
1189 1423 1408 1494 εἰκάζειν
1431 1422 1601 1493 δόξετε
1623 1425 1743 1507 περὶ
1777 1426 1880 1483 τῶν
1918 1421 2087 1483 τοιού-

517 1536 638 1591 των,
672 1510 776 1574 οὔθ’
803 1518 957 1591 ἡμεῖς
979 1514 1274 1592 εὑρεθεῖμεν
1304 1511 1368 1573 ἂν
1395 1512 1513 1573 οὕτε
1549 1511 1616 1572 τὰ
1659 1512 1781 1595 περὶ
1812 1509 1906 1584 τὴν
1934 1511 2085 1571 πόλιν

515 1600 635 1662 οὔτε
655 1598 724 1661 τὰ
750 1600 874 1684 περὶ
895 1604 1039 1679 ἡμᾶς
1065 1598 1254 1668 αὐτοὺς
1271 1605 1448 1669 κακῶς
1473 1600 1822 1685 διῳκηκότες,
1849 1600 1967 1660 ἀλλ’
1992 1602 2085 1659 ἀπ’

520 1690 809 1753 ἐλαττόνων
837 1694 1023 1761 ζῶντες
1045 1680 1118 1750 ὧν
1146 1692 1217 1759 εἰς
1234 1688 1329 1759 τὰς
1351 1691 1678 1773 λειτουργίας
1713 1688 2084 1770 ἀνηλώκαμεν.

434 1790 494 1840 εδ
523 1780 714 1843 Καίτοι
752 1778 870 1849 τοὺς
893 1779 1280 1861 εὐτελεστέρους
1307 1782 1360 1840 ἐν
1399 1782 1506 1850 τοῖς
1531 1781 1677 1850 ἰδίοις
1699 1778 1735 1853 ἢ
1758 1784 1866 1848 τοῖς
1899 1784 2088 1849 κοινοῖς

514 1868 668 1941 ὄντας
693 1868 890 1931 δίκαιόν
917 1870 1056 1929 ἐστιν
1086 1869 1334 1929 ἐπαινεῖν.

515 1987 522 1994 ·
597 1979 693 2021 159.
735 1956 1099 2036 Ἐνθυμοῧμαι
1121 1957 1176 2016 δὲ
1206 1958 1400 2034 μεταξὺ
1419 1956 1605 2039 λέγων,
1630 1958 1750 2019 ὅσον
1769 1956 1839 2017 τὰ
1867 1961 1961 2031 τῆς
1980 1956 2081 2018 πό-

516 2047 648 2117 λεως
675 2045 1089 2127 μεταπέπτωκε,
1111 2046 1201 2107 καὶ
1227 2046 1321 2115 τὰς
1363 2046 1592 2114 διανοίας
1615 2050 1686 2115 ὥς
1710 2045 1859 2107 οὐδὲν
1899 2046 2085 2126 ὁμοίας

515 2136 639 2218 περὶ
664 2140 768 2197 τῶν
796 2134 1125 2219 πραγμάτων
1156 2138 1202 2196 οἳ
1230 2141 1317 2195 νῦν
1341 2140 1448 2204 τοῖς
1475 2136 1726 2218 πρότερον
1764 2138 2085 2196 πεπολιτευ-

434 2241 490 2283 20
519 2226 690 2307 με’νοις
717 2224 946 2309 ἔχουσιν.
1025 2222 1161 2287 Ὅτε
1204 2224 1298 2306 μὲν
1344 2224 1449 2308 γὰρ
1489 2224 1592 2305 ἐγὼ
1637 2226 1760 2294 παῖς
1801 2218 1881 2300 ἦν,
1926 2224 2087 2293 οὕτως

523 2314 782 2395 ἐνομίζετο
805 2314 868 2375 τὸ
905 2316 1148 2375 πλουτεῖν
1173 2313 1404 2398 ἀσφαλὲς
1425 2304 1555 2377 εἶναι
1583 2315 1676 2375 καὶ
1701 2314 1910 2393 σεμνόν,
1961 2314 2085 2375 ὥστ’

522 2406 698 2485 ὀλίγου
721 2406 827 2465 δεῖν
837 2403 1029 2475 πάντες
1049 2410 1456 2486 προσεποιοῦντο
1481 2404 1650 2466 πλείω
1675 2410 1961 2478 κεκτῆσθαι
1991 2403 2086 2478 τὴν

524 2494 702 2557 οὐσίαν
724 2485 788 2567 ἦς
806 2492 1009 2575 ἔχοντες
1033 2492 1336 2575 ἐτύγχανον,
1358 2493 1664 2575 βουλόμενοι
1683 2496 1969 2577 μετασχεῖν
1994 2498 2087 2567 τῆς

523 2584 668 2655 δόξης
686 2582 910 2655 ταύτης·
931 2584 1046 2662 (Ισο)
1074 2588 1163 2643 νῦν
1189 2583 1233 2643 δ’
1258 2583 1389 2665 ὑπὲρ
1416 2590 1504 2643 τοῦ
1531 2584 1607 2663 μὴ
1639 2586 1880 2644 πλουτεῖν
1907 2582 2087 2667 ὥσπερ

436 2679 498 2730 25
519 2674 622 2731 τῶν
653 2670 913 2750 μεγίστων
944 2670 1285 2751 ἀδικημάτων
1314 2672 1603 2753 ἀπολογίαν
1632 2673 1712 2731 δεῖ
1737 2670 2083 2755 παρασκευά-

520 2765 697 2832 ζεσθαι
733 2759 825 2819 καὶ
857 2760 1069 2820 σκοπεῖν
1126 2763 1172 2821 εἰ
1211 2761 1391 2841 μέλλει
1416 2785 1495 2829 τις
1536 2760 1883 2834 σωθήσεσθαι.
1938 2760 2085 2821 Πολὺ

518 2847 621 2930 γὰρ
648 2846 929 2931 δεινότερον
960 2847 1249 2923 καθέστηκε
1279 2850 1338 2911 τὸ
1373 2852 1540 2910 δοκεῖν
1565 2853 1800 2932 εὐπορεῖν
1827 2848 1862 2922 ἢ
1895 2848 1957 2909 τὸ
1984 2873 2085 2933 φα-

519 2941 676 3020 νερῶς
707 2938 936 2997 ἀδικεῖν·
977 2940 1025 2997 οἱ
1060 2936 1154 3017 μὲν
1177 2937 1278 3021 γὰρ
1303 2937 1340 3011 ἢ
1382 2938 1692 3019 συγγνώμης
1723 2938 1908 3020 ἔτυχον
1936 2937 1971 3011 ἢ
2003 2962 2087 3018 μι-

519 3032 660 3111 κροῖς
682 3028 1066 3107 ἐζημιώθησαν,
1091 3033 1138 3089 οἱ
1165 3032 1212 3090 δ’
1233 3030 1396 3113 ἄρδην
1413 3030 1760 3105 ἀπόλλυνται,
1773 3029 1865 3090 καὶ
1881 3030 2089 3098 πλείους

417 3138 495 3194 ,ao
521 3116 584 3178 ἂν
613 3115 851 3199 εὕροιμεν
889 3118 1010 3187 τοὺς
1041 3121 1103 3179 ἐκ
1128 3123 1233 3179 τῶν
1261 3120 1426 3180 ὄντων
1464 3118 1865 3188 ἐκπεπτωκότας
1901 3118 1939 3192 ἢ
1970 3118 2088 3188 τοὺς

523 3204 668 3280 δίκην
698 3206 828 3289 ὑπὲρ
851 3210 956 3267 τῶν
994 3208 1396 3291 ἁμαρτημάτων
1425 3209 1736 3277 δεδωκότας.
1823 3210 1939 3289 (tsi)
1978 3207 2089 3270 Καὶ

519 3294 571 3355 τί
593 3297 674 3355 δεῖ
699 3294 868 3375 λέγειν
891 3295 1016 3379 περὶ
1030 3300 1132 3358 τῶν
1151 3302 1361 3379 κοινῶν;
1387 3298 1542 3367 αὐτὸς
1560 3296 1664 3380 γὰρ
1678 3300 1735 3359 οὗ
1765 3296 1949 3379 μικρὸν
1972 3297 2087 3371 διή-

521 3408 721 3465 μαρτον
750 3383 837 3444 διὰ
862 3385 1057 3460 ταύτην
1094 3385 1187 3461 τὴν
1223 3386 1522 3469 μεταὸολὴν
1549 3392 1653 3448 τῶν
1691 3390 1921 3467 ἐμαυτοῦ
1948 3410 2087 3471 πρα-

519 3474 756 3554 γμάτων.
837 3472 971 3537 Ὅτε
1018 3476 1120 3559 γὰρ
1166 3479 1448 3557 ἐπαμύνειν
1478 3476 1722 3561 ἠρχόμην
1771 3482 1875 3547 τοῖς
1911 3476 2088 3558 ἰδίοις,

443 3579 498 3621 85
524 3560 864 3639 ἀπολομένων
907 3564 961 3622 ἐν
997 3567 1074 3647 τῷ
1116 3564 1335 3648 πολέμῳ
1370 3569 1446 3649 τῷ
1473 3566 1603 3650 πρὸς
1645 3564 2091 3645 Λακεδαιμονίους

524 3648 769 3711 ἁπάντων
801 3653 903 3711 τῶν
932 3651 1272 3735 ὑπαρχόντων
1297 3658 1442 3734 ἡμῖν,
1481 3653 1571 3737 ἀφ’
1598 3644 1670 3715 ὧν
1711 3659 1740 3713 ὁ
1767 3652 1943 3736 πατὴρ
1975 3652 2089 3733 ἅμα

527 3742 594 3821 τῇ
634 3762 690 3799 τε
726 3738 878 3799 πόλει
903 3740 1163 3823 χρήσιμον
1191 3742 1344 3804 αὑτὸν
1367 3752 1648 3826 παρεῖχεν,
1681 3747 1825 3821 ἡμᾶς
1853 3745 1900 3801 θ’
1932 3741 2092 3811 οὕτως

526 3829 786 3909 ἐπιμελῶς
812 3830 1113 3893 ἐπαίδευσεν
1141 3830 1268 3893 ὥστ’
1291 3831 1690 3917 ἐπιφανέστερον
1723 3820 1857 3891 εἶναί
1880 3854 1947 3910 με
1976 3831 2092 3893 τότε

525 3918 615 3978 καὶ
629 3919 1022 4003 γνωριμώτερον
1039 3923 1094 3981 ἐν
1107 3930 1214 3991 τοῖς
1223 3922 1528 3995 ἡλικιώταις
1546 3922 1637 3982 καὶ
1665 3920 2092 4001 συμπαιδευομέ·

446 4024 502 4067 to
523 4032 626 4076 νοις
643 4005 678 4081 ἢ
699 4014 788 4069 νῦν
813 4012 866 4070 ἐν
885 4019 990 4079 τοῖς
1009 4013 1642 4093 συμπολιτευομένοις,-
1661 4014 1774 4092 (ros)
1799 4010 1884 4070 ὅτε
1909 4013 1955 4070 δ’
1984 4001 2092 4086 οὗν,

527 4097 700 4180 ὥσπερ
730 4088 892 4175 εἷπον,
917 4100 1162 4181 ἠρχόμην
1183 4102 1491 4175 πλησιάζειν
1519 4100 1680 4178 τισίν,
1701 4099 1902 4183 ᾠόμην,
1928 4102 1973 4159 εἶ
2002 4101 2095 4159 δυ·

524 4184 732 4261 νηθείην
759 4186 925 4248 πλείω
962 4189 1256 4262 κτήσασθαι
1281 4190 1373 4251 καὶ
1411 4188 1853 4273 περιποιήσασθαι
1872 4192 1977 4247 τῶν
2008 4190 2093 4249 ἐπὶ

526 4274 610 4334 τὸν
639 4275 793 4335 αὐτὸν
814 4275 922 4359 βίον
947 4278 1310 4360 ὁρμησάντων,
1338 4279 1610 4361 ἀμφότερα
1629 4277 1814 4356 δόξειν,
1848 4276 1940 4336 καὶ
1975 4280 2093 4360 περὶ

525 4362 620 4435 τὴν
650 4364 952 4448 φιλοσοφίαν
985 4366 1242 4451 διαφέρειν
1267 4368 1358 4427 καὶ
1381 4367 1736 4449 κοσμιώτερον
1780 4364 2095 4447 βεὸιωκὲναι

448 4472 502 4513 45
523 4454 628 4511 τῶν
661 4452 852 4515 ἄλλων.
935 4454 1092 4533 Ἐμοὶ
1120 4456 1175 4515 δὲ
1221 4456 1514 4517 τούναντίον
1540 4454 1888 4528 ἀποὸίὸηκεν.
1975 4456 2093 4535 (163)

529 4544 599 4603 Εἰ
627 4540 720 4621 μὲν
747 4540 850 4625 γὰρ
891 4542 1016 4620 μήτ’
1049 4546 1184 4615 ἄξιος
1209 4546 1426 4624 μηδενὸς
1465 4544 1715 4626 ἐγενόμην
1750 4546 1884 4622 μήτε
1918 4568 2094 4625 περιε-

529 4630 835 4709 ποιησάμην
869 4631 1052 4710 μηδέν,
1075 4634 1238 4703 οὐδεὶς
1267 4634 1330 4694 ἄν
1373 4658 1462 4714 μοι
1489 4635 1782 4715 πράγματα
1813 4638 2091 4716 παρεῖχεν,

529 4718 665 4781 ἀλλὰ
683 4724 918 4804 φανερῶς
958 4724 1156 4783 ἀδικῶν
1189 4725 1436 4807 ἀσφαλῶς
1471 4722 1534 4781 ἂν
1567 4722 1695 4794 ἔζων
1725 4721 1878 4782 ἕνεκά
1906 4746 1968 4803 γε
1990 4726 2095 4783 τῶν

529 4815 888 4892 συκοφαντῶν·
904 4815 995 4871 νῦν
1020 4814 1066 4872 δ’
1111 4812 1226 4871 ἀντὶ
1251 4816 1343 4883 τῆς
1367 4811 1514 4886 δόξης
1527 4804 1589 4884 ἧς
1609 4811 1943 4893 προσεδόκων
1964 4813 2097 4890 ἀγῶ-

423 4918 500 4977 ,οο
530 4923 611 4969 νες
628 4899 749 4983 περί
777 4924 843 4980 με
871 4900 964 4960 καὶ
991 4901 1214 4961 κίνδυνοι
1241 4900 1332 4961 καὶ
1355 4900 1528 4981 φθόνοι
1551 4901 1641 4959 καὶ
1677 4899 1922 4959 διαὸολαὶ
1946 4900 2097 4981 γεγό-

531 5012 697 5053 νασιν.
783 4991 902 5072 (ist)
922 4989 1082 5052 Οὕτω
1104 4990 1206 5073 γὰρ
1244 4994 1278 5063 ἡ
1319 4988 1468 5057 πόλις
1492 4992 1543 5048 ἐν
1573 4990 1648 5070 τῷ
1677 4987 1894 5069 παρόντι
1922 4990 2096 5072 χαίρει

532 5076 648 5147 τοὺς
673 5076 767 5161 μὲν
800 5081 1042 5147 ἐπιεικεῖς
1081 5078 1332 5149 πιέζουσα
1391 5076 1482 5138 καὶ
1530 5077 1803 5144 ταπεινοὺς
1845 5084 2096 5153 ποιοῦσα,

531 5176 635 5237 τοῖς
655 5168 709 5229 δὲ
734 5172 976 5250 πονηροῖς
997 5168 1231 5239 ἐξουσίαν
1260 5169 1470 5228 διδοῦσα
1496 5166 1588 5227 καὶ
1613 5164 1784 5247 λέγειν
1813 5166 1905 5226 καὶ
1930 5168 2097 5228 ποιεῖν

531 5255 563 5313 8
590 5278 640 5313 τι
681 5254 744 5315 ἂν
775 5258 1114 5335 βουληθῶσιν,
1151 5255 1286 5316 ὥστε
1320 5256 1626 5338 Λυσίμαχος
1663 5254 1756 5336 μὲν
1787 5260 1814 5318 ὁ
1856 5280 2097 5341 προῃρη-

2180 631 2353 683 rendas
2390 630 2563 683 ceteris
2613 630 2889 681 instructior
2936 630 3067 681 mille
3121 632 3299 681 tantum
3332 644 3479 683 numos
3514 646 3643 682 aureos

2174 720 2382 784 reliquit.
2450 720 2579 783 (ιω)
2617 721 2763 784 Atqui
2794 720 2859 771 ae
2906 733 2959 771 re
2991 718 3205 771 amauri
3242 734 3331 771 non
3374 724 3523 771 tamem
3558 702 3665 773 ωε

2174 808 2392 860 habenda
2415 815 2492 860 est
2530 808 2919 872 accusatoribus)
2944 822 3098 873 neque
3132 822 3265 874 pares
3296 810 3548 861 {estimandae
3562 816 3645 861 sunt

2174 898 2499 963 sophistarum
2532 900 2584 949 et
2618 895 2909 950 histrionum
2946 898 3186 950 mercedes
3198 935 3213 960 ,
3236 898 3316 949 sed
3350 900 3379 948 ii
3409 898 3481 962 qui
3506 900 3647 949 easdem

2174 988 2305 1037 artes
2336 991 2587 1049 exercent,
2611 1000 2671 1037 ex
2706 992 2878 1039 mutua
2910 988 3037 1040 inter
3074 989 3205 1053 ipsos
3235 988 3651 1053 comparationejudi·

2174 1074 2313 1125 candi
2347 1080 2489 1137 sunt,
2526 1090 2791 1140 eorumque
2826 1077 2911 1141 qui
2942 1076 3145 1128 similem
3190 1078 3241 1127 in
3266 1090 3437 1142 quaque
3469 1080 3551 1128 arte
3580 1078 3651 1127 rim

2174 1164 2518 1227 obtinuerunt,
2564 1166 2749 1217 similes
2790 1166 2935 1217 etiam
2986 1166 3234 1217 facultates
3274 1164 3488 1231 putandas.
3558 1168 3651 1229 (158]

2176 1257 2335 1313 Quare
2368 1255 2413 1305 si
2432 1268 2511 1305 ms
2540 1255 2583 1305 ei
2602 1256 2687 1320 qui
2716 1256 2975 1321 plurimum
2996 1256 3209 1308 lucratus
3230 1260 3328 1319 est,
3348 1255 3605 1320 aequabitis
3620 1259 3653 1304 et

2177 1355 2289 1393 cum
2308 1342 2390 1393 illo
2412 1342 2777 1409 comparabitis,
2802 1358 2959 1410 neque
2974 1358 3067 1396 vos
3090 1358 3281 1410 prorsus
3306 1344 3595 1395 inconsiderate
3606 1344 3649 1393 de

2179 1430 2253 1480 liis
2272 1430 2415 1481 rebus
2432 1432 2673 1496 judicasse
2694 1432 2998 1497 videbimini,
3020 1446 3176 1498 neque
3194 1446 3279 1485 nos
3292 1434 3385 1485 sire
3404 1433 3563 1498 publiea
3580 1432 3655 1481 sire

2176 1519 2363 1584 privata
2402 1522 2591 1585 negotia
2612 1522 2737 1573 male
2770 1522 3135 1574 administrasse
3154 1522 3485 1587 comperiamur‚
3515 1520 3581 1571 sed
3596 1520 3656 1569 mi·

2178 1622 2293 1659 nore
2314 1614 2513 1674 sumptu
2540 1612 2691 1661 vitam
2713 1616 3005 1663 sustentasse
3028 1626 3176 1677 quam
3198 1624 3303 1675 quae
3322 1612 3367 1661 in
3396 1611 3556 1675 publica
3576 1623 3655 1659 mu·

2178 1710 2293 1748 nera
2312 1698 2653 1763 impendimus.
2715 1705 2779 1751 At
2799 1713 2916 1751 vero
2938 1701 3087 1765 quiin
3108 1701 3210 1751 suis
3224 1702 3359 1769 rebus
3374 1699 3526 1763 majore
3543 1697 3653 1763 parsi-

2178 1792 2338 1842 monia
2372 1796 2570 1843 utantur
2603 1806 2751 1857 quam
2768 1796 2819 1845 ln
2838 1794 3041 1858 publicis
3056 1831 3073 1859 ,
3094 1794 3199 1859 jure
3218 1808 3273 1845 ac
3302 1794 3456 1845 merito
3484 1789 3655 1843 laudandi

2178 1890 2308 1937 sunt.

2246 1984 2349 2031 159.
2383 1982 2511 2031 Dum
2532 1980 2723 2045 loquor,
2744 1983 2795 2033 in
2818 1986 3031 2035 mentem
3052 1982 3171 2034 mihi
3193 1982 3317 2035 venit
3338 1984 3581 2048 quantopere
3594 1978 3655 2029 rei·

2178 2078 2383 2144 pubiicae
2402 2078 2613 2130 conditio
2636 2078 2889 2131 immutata
2908 2081 2996 2147 sit,
3023 2085 3347 2146 quantumque
3366 2082 3481 2131 cives
3496 2078 3561 2142 qui
3572 2089 3660 2126 nunc

2176 2178 2271 2229 sint
2287 2178 2468 2242 jndicio
2492 2180 2553 2229 de
2570 2180 2715 2232 rebus
2736 2180 2884 2244 gestis
2902 2182 2963 2233 ab
2980 2182 3044 2233 iis
3062 2181 3361 2244 dissentiant,
3379 2180 3453 2245 qui
3467 2178 3560 2229 olim
3574 2190 3659 2226 rem·

2176 2276 2415 2341 publicam
2430 2278 2808 2342 capessiverunt.
2830 2282 2985 2331 Puero
2998 2281 3129 2331 enim
3144 2294 3222 2332 me
3238 2278 3417 2330 divitias
3430 2276 3572 2327 habere
3592 2280 3661 2324 tam

2177 2381 2335 2428 tutum
2359 2380 2407 2429 et
2425 2380 2631 2443 optabile
2647 2379 2923 2443 putabatur,
2948 2385 3007 2431 ut
3026 2395 3197 2433 omnes
3218 2382 3313 2432 sere
3331 2380 3507 2443 maiores
3522 2389 3612 2441 opes
3624 2388 3662 2423 se

2178 2474 2352 2529 habere
2369 2491 2515 2541 quam
2534 2492 2587 2528 re
2604 2491 2721 2530 vero
2745 2479 2985 2531 habebant
2997 2517 3014 2543 ,
3041 2480 3189 2544 hujus
3208 2482 3341 2531 t'amre
3360 2478 3500 2544 cupidi
3516 2473 3661 2527 umida·

2175 2578 2296 2625 rent.
2314 2573 2444 2638 (160)
2464 2578 2606 2627 Nunc
2624 2588 2739 2627 vero
2752 2576 2891 2629 nobis
2903 2577 3122 2630 defensio
3134 2578 3377 2644 quaerenda
3390 2582 3457 2630 est
3466 2590 3543 2641 qua
3551 2576 3665 2625 osten-

2178 2670 2319 2722 datur
2348 2672 2471 2725 dites
2498 2688 2588 2725 nos
2628 2690 2725 2726 non
2748 2690 2881 2739 esse,
2916 2682 3147 2743 tanquam
3186 2680 3432 2729 maximum
3460 2672 3555 2726 illud
3574 2672 3665 2723 esset

2176 2771 2357 2822 facinus
2370 2808 2385 2835 ,
2422 2772 2788 2839 videndumque
2827 2789 2944 2826 num
2982 2776 3109 2828 salvi
3148 2790 3252 2829 esse
3292 2777 3515 2841 possimus.
3578 2772 3666 2820 Nam

2178 2870 2331 2921 multo
2340 2870 2658 2934 periculosius
2672 2874 2855 2926 factum
2869 2878 2943 2926 est
2962 2874 3118 2928 videri
3136 2876 3313 2928 divitiis
3326 2874 3547 2934 abundare,
3562 2880 3667 2935 quam

2179 2970 2342 3030 aperte
2357 2967 2515 3019 scelus
2534 2971 2849 3022 committere.
2914 2971 2977 3022 Hi
3006 2974 3140 3025 enim
3162 2978 3245 3026 aut
3274 2975 3447 3026 veniam
3474 2968 3668 3033 impetrant

2178 3070 2261 3114 aut
2278 3064 2446 3115 leviter
2462 3064 2757 3118 mulctantur
2771 3086 2786 3131 ;
2802 3067 2871 3118 ilii
2890 3081 3005 3120 vero
3022 3071 3241 3123 funditus
3254 3071 3441 3136 pereunt
3452 3085 3464 3120 :
3476 3068 3669 3133 pluresque

2178 3162 2475 3227 reperiamus
2508 3165 2817 3217 facultatibus
2854 3168 2955 3219 suis
2986 3174 3164 3221 exutos
3190 3182 3329 3235 quam
3350 3168 3669 3219 wammam·

2178 3266 2385 3329 punitos.
2404 3269 2533 3331 (161)
2568 3272 2633 3319 Et
2668 3269 2786 3333 quid
2817 3270 2878 3323 de
2898 3272 3107 3335 publicis
3125 3274 3323 3337 negotiis
3352 3269 3571 3323 dicendum
3593 3268 3670 3317 ⁶1?

2178 3366 2283 3431 ipse
2298 3368 2425 3419 enim
2458 3382 2555 3420 non
2578 3384 2747 3434 parum
2780 3386 2865 3436 per
2900 3373 3031 3424 illam
3062 3375 3371 3429 mutationem
3398 3374 3441 3423 in
3468 3368 3670 3421 rationibus

2180 3466 2301 3517 meis
2319 3466 2467 3519 salsus
2482 3480 2609 3519 sum.
2642 3470 2847 3529 Quando
2862 3472 2991 3522 enim
3006 3473 3157 3525 rebus
3170 3474 3287 3526 meis
3304 3471 3541 3537 prospicere
3556 3464 3666 3531 σῶμ’,

2182 3568 2483 3620 facultatibus
2500 3571 2725 3622 omnibus
2744 3572 2793 3622 iu
2808 3572 2935 3623 bello
2952 3572 3193 3627 adversus
3206 3572 3554 3626 Lacedaemonios
3567 3566 3670 3618 amis·

2180 3669 2276 3733 sis,
2297 3670 2391 3721 iilis
2410 3672 2589 3734 quibus
2610 3676 2746 3735 pater
2758 3674 2809 3723 et
2828 3673 2991 3725 utilem
3008 3688 3064 3727 se
3082 3674 3350 3739 reipublicae
3364 3669 3673 3724 exhibuitetnoe

2180 3772 2279 3822 tam
2299 3772 2547 3836 diligenter
2560 3774 2813 3839 educavit,
2832 3778 2888 3827 ut
2901 3778 3017 3827 tunc
3030 3777 3160 3831 inter
3174 3778 3373 3843 aequales
3385 3769 3671 3832 etcondiscivss·

2182 3871 2253 3922 los
2273 3885 2405 3923 meos
2420 3874 2573 3939 magis
2586 3877 2884 3943 conspicerer-
2897 3880 2948 3929 et
2962 3878 3305 3932 innotescerem
3321 3889 3452 3942 quam
3468 3871 3674 3925 nunciater

2184 3972 2323 4025 cives
2354 3986 2521 4037 meos,
2540 4002 2607 4013 —
2628 3976 2759 4041 (162)
2776 3979 2971 4043 quando
3003 3980 3169 4043 igitur,
3191 3979 3403 4043 inquam,
3421 3974 3473 4024 ad
3492 3966 3675 4035 ‘tumim'

2183 4071 2433 4135 magistros
2450 4086 2527 4123 me
2544 4075 2839 4126 contuleram
2854 4114 2869 4140 ,
2894 4076 3151 4141 putabam,
3170 4077 3211 4128 si
3242 4076 3375 4141 plura
3390 4078 3618 4134 mmmm
3638 4064 3675 4111 ‘¹

2184 4170 2303 4222 alios
2324 4172 2544 4234 ejusdem
2578 4174 2695 4227 vita}
2718 4176 2963 4229 studiosos
2998 4190 3223 4243 superare
3256 4186 3457 4240 possem,
3478 4170 3675 4225 ufflffl‘loe

2185 4268 2359 4319 tamam
2382 4284 2461 4323 me
2490 4284 2598 4323 esse
2612 4277 3018 4338 consecuturum,
3045 4281 3100 4325 ut
3120 4279 3171 4327 et
3198 4272 3415 4338 sapientia
3439 4264 3625 4319 excellere
3638 4260 3675 4307 ei

2188 4368 2361 4419 ceteris
2382 4372 2705 4424 continentius
2724 4374 2904 4425 vixisse
2930 4374 3135 4427 viderer.
3201 4379 3263 4425 At
3290 4372 3419 4437 plane
3439 4360 3673 4419 contrarium

2184 4468 2303 4519 mihi
2325 4471 2536 4534 contigit.
2603 4472 2735 4536 (te3)
2765 4473 2815 4523 Si
2838 4474 2967 4524 enim
2990 4474 3135 4525 homo
3158 4473 3289 4524 nihili
3313 4470 3545 4523 evasissem
3558 4469 3673 4522 mque

2191 4570 2286 4621 ulla
2307 4586 2463 4625 essem
2493 4576 2767 4638 praestantia
2803 4577 3055 4640 cognitus,
3084 4589 3223 4628 nemo
3241 4571 3417 4637 negotia
3436 4566 3537 4620 mihi
3566 4564 3673 4613 ῐῦῦδ·

2184 4671 2408 4735 sivisset;
2447 4672 2533 4724 sed
2560 4670 2751 4725 etiamsi
2784 4674 3041 4727 manifesto
3080 4672 3321 4738 improbus
3344 4680 3509 4728 essem,
3537 4670 3673 4722 ⁸5⁰⁰·

2188 4768 2471 4833 phantarum
2484 4770 2735 4823 calumniis
2752 4784 2952 4824 securus
2967 4773 3193 4825 vixissem
3210 4786 3223 4821 τ
3240 4782 3359 4821 nunc
3371 4774 3557 4827 veroiffl’
3567 4758 3677 4815 ω’

2186 4884 2330 4937 quam
2362 4873 2697 4937 exspectabam
2714 4910 2729 4937 ‚
2753 4872 2931 4937 iudicia
2958 4880 3011 4927 et
3040 4873 3305 4927 discrimina
3332 4871 3378 4922 et
3394 4864 3550 4918 invidia
3566 4860 3676 4909 eta·

2186 4971 2381 5023 lumnlae
2404 4972 2521 5024 milii
2534 4980 2813 5025 evenerunt.
2881 4976 3011 5040 (tet)
3036 4974 3162 5027 Adeo
3192 4972 3315 5025 enim
3348 4962 3549 5033 praesenti
3566 4961 3677 5010 telate

2186 5072 2357 5122 civitas
2370 5084 2520 5136 prona
2536 5074 2613 5123 est
2636 5073 2697 5123 ad
2717 5072 2867 5125 bonos
2885 5074 3014 5125 cives
3030 5068 3355 5139 opprimendos
3372 5071 3419 5115 et
3433 5054 3674 5123 affligam-5

2187 5170 2305 5221 dum
2322 5168 2553 5235 improbis
2586 5167 2669 5220 dat
2693 5169 2878 5234 copiam
2918 5173 2967 5223 et
3003 5168 3185 5223 dicendi
3218 5170 3265 5219 et
3287 5159 3467 5215 faciendi
3487 5144 3675 5220 quidquid

2190 5268 2385 5323 libuerit
2399 5305 2416 5333 ,
2438 5268 2497 5320 ut
2512 5268 2831 5334 Lysimachus
2846 5306 2863 5333 ,
2888 5270 2967 5334 qui
2988 5269 3134 5323 vitam
3170 5278 3300 5318 suam
3320 5263 3382 5314 ita
3395 5250 3612 5325 instituit,
3632 5244 3675 5293 ¹¹1
