3825 5842
113 432 320 524 Ἱππ-εκ)
341 456 356 483 ·

135 592 174 649 οἱ
206 585 458 667 πρυτάνεις
473 628 492 663 ,
519 580 636 642 ὅθεν
675 571 972 663 ὁρμώμενοι
1009 582 1158 639 ταῦτ’
1203 578 1407 640 ἐποίουν
1443 582 1644 640 ἐκεῖνοι.

136 678 208 753 (es)
233 674 602 753 Ἐξελέγχσντες
632 670 689 730 δὲ
717 668 778 729 τὸ
797 678 1016 750 πρᾶγμα
1038 668 1076 742 ἥ
1097 691 1158 727 τε
1184 666 1346 748 βουλὴ
1367 668 1458 729 καὶ
1485 672 1532 729 οἱ
1556 672 1647 742 ζη·

131 762 262 837 τηταί
271 808 290 835 ,
321 760 492 832 ἐπειδὴ
513 751 578 833 ἦν
603 752 642 840 ᾖ
671 756 776 838 ἐγὼ
796 757 972 837 ἔλεγον
994 756 1086 817 καὶ
1105 758 1423 836 ὡμολογεῖτο
1449 779 1648 819 παντα-

131 852 284 933 χόθεν,
304 850 414 912 τότε
437 848 498 921 δὴ
521 850 742 909 καλοῦσι
765 845 852 906 τὸν
881 845 1186 919 Διοκλείδην
1208 865 1222 879 ·
1307 845 1398 905 καὶ
1421 848 1479 906 οὗ
1509 847 1647 907 πολ-

131 944 217 1003 λῶν
247 938 402 1018 λόγων
425 934 636 1010 ἐδέησεν
651 982 672 1011 ,
719 934 834 994 ἀλλ’
863 932 1008 1003 εὐθὺς
1031 933 1293 1012 ὡμολόγει
1329 933 1641 1016 ψεύδεσθαι,

129 1028 204 1086 καὶ
225 1028 374 1087 ἐδεῖτο
391 1024 644 1095 σώζεσθαι
657 1022 861 1106 φράσας
877 1022 996 1091 τοὺς
1013 1022 1292 1090 πείσαντας
1307 1022 1460 1083 αὐτὸν
1475 1022 1644 1103 λέγειν

68 1134 108 1176 ¹⁵
129 1120 270 1178 ταῦτα
288 1132 302 1147 ·
378 1105 507 1173 εἶναι
547 1111 604 1171 δὲ
629 1112 964 1185 Ἀλκιὸιάδην
1001 1110 1090 1171 τὸν
1116 1110 1418 1191 Φηγούσιον
1437 1112 1526 1171 καὶ
1555 1112 1644 1172 Ἀ-

129 1206 314 1282 μίαντον
336 1202 418 1264 τὸν
445 1200 498 1272 ἐξ
515 1200 754 1281 Αἰγίνης.
838 1201 924 1284 (aa)
957 1198 1065 1261 Καὶ
1091 1190 1232 1261 οὗτοι
1259 1197 1354 1279 μὲν
1387 1198 1645 1269 δείσαντες

129 1292 302 1375 ᾤχοντο
320 1291 610 1376 φεύγοντες·
697 1294 846 1369 ὑμεῖς
873 1288 928 1349 δὲ
973 1288 1288 1357 ἀκούσαντες
1325 1294 1492 1349 ταῦτα
1516 1292 1644 1351 Διο-

126 1382 304 1455 κλείδην
326 1384 414 1461 μὲν
439 1384 517 1463 τῷ
561 1378 882 1461 δικαστηρίῳ
909 1377 1230 1461 παραδόντες
1276 1377 1610 1437 ἀπεκτείνατε
1625 1422 1642 1453 ,

127 1470 223 1538 τοὺς
241 1470 290 1529 δὲ
313 1469 604 1549 δεδεμένους
623 1468 714 1529 καὶ
749 1466 1032 1546 μέλλοντας
1058 1468 1364 1526 ἀπολεῖσθαι
1392 1464 1642 1544 ἐλύσατε,

125 1559 224 1627 τοὺς
247 1557 386 1636 ἐμοὺς
409 1564 704 1637 συγγενεῖς,
731 1556 796 1615 δι’
821 1552 916 1635 ἐμέ
931 1600 950 1635 ,
979 1554 1071 1615 καὶ
1093 1554 1210 1623 τοὺς
1243 1552 1518 1636 φεύγοντας
1545 1578 1644 1615 κα-

127 1646 359 1717 τεδέξασθε
373 1691 392 1721 ,
419 1646 574 1707 αὐτοὶ
617 1645 672 1707 δὲ
715 1642 959 1712 λαὸόντες
984 1642 1052 1703 τὰ
1074 1641 1212 1703 ὅπλα
1238 1642 1454 1723 ἀπῄειτε
1469 1690 1486 1718 ,
1515 1643 1642 1703 πολ-

125 1738 212 1795 λῶν
234 1739 394 1795 κακῶν
427 1736 519 1795 καὶ
553 1734 804 1795 κινδύνων
840 1731 1248 1811 ἀπαλλαγέντες.
1335 1733 1424 1810 (οἳ)
1455 1732 1550 1793 Ἐν
1569 1722 1645 1800 οἶς

61 1840 104 1880 ³⁰
127 1822 210 1901 ἐγώ
227 1868 242 1896 ,
261 1814 300 1883 ὦ
319 1823 490 1904 ἄνδρες
507 1868 528 1901 ,
556 1827 652 1894 τῆς
689 1819 784 1902 μὲν
809 1820 974 1903 τύχης
1013 1814 1051 1903 ᾔ
1077 1820 1388 1903 ἐχρησάμην
1435 1820 1645 1889 δικαίως

125 1910 176 1970 ῒιν
193 1912 280 1971 ὑπὸ
301 1914 500 1972 πάντων
526 1910 795 1984 ἐλεηθείην
809 1956 826 1983 ,
843 1913 946 1969 τῶν
973 1908 1028 1971 δὲ
1057 1909 1346 1991 γενομένων
1380 1909 1550 1969 ἕνεκεν
1571 1910 1642 1969 εἰ·

125 1998 260 2069 κότως
277 2000 398 2082 ἀνὴρ
425 2000 640 2082 ἄριστος
659 1996 864 2070 δοκοίην
889 1988 1053 2071 εἶναι,
1075 1996 1216 2066 ὅστις
1239 1996 1644 2079 εἰσηγησαμένῳ

125 2086 204 2163 μὲν
229 2088 492 2172 Εὐφιλήτῳ
537 2086 717 2147 πίστιν
744 2089 848 2145 τῶν
880 2089 934 2147 ἐν
962 2085 1249 2169 ἀνθρώποις
1291 2086 1644 2159 ἀπιστοτάτην

124 2178 408 2251 ἠναντιώθην
431 2176 522 2239 καὶ
554 2178 799 2235 ἂντεῖπον
825 2174 916 2233 καὶ
951 2172 1258 2256 ἐλοιδόρησα
1285 2172 1466 2257 ἐκείνω
1487 2165 1561 2233 ὧν
1579 2165 1642 2247 ἦν

124 2264 260 2343 ἄξιος,
279 2266 610 2349 ἁμαρτόντων
633 2266 680 2323 δ’
701 2261 910 2323 ἐκείνων
929 2260 1024 2335 τὴν
1045 2260 1308 2345 ἁμαρτίαν
1327 2264 1498 2330 αὐτοῖς
1520 2284 1645 2323 συν-

125 2352 322 2434 έκρυψα,
347 2354 432 2413 καὶ
475 2350 811 2432 μηνύσαντος
843 2352 962 2411 κατ’
999 2352 1170 2410 αὖτῶν
1197 2350 1434 2431 Τεύκρου
1463 2352 1508 2411 οἱ
1548 2350 1644 2428 μὲν

121 2444 268 2501 αὐτῶν
291 2442 556 2516 ἀπέθανον,
578 2444 626 2501 οἱ
649 2440 694 2501 δ’
722 2438 908 2522 ἔφυγον
927 2486 944 2513 ,
967 2437 1087 2519 πρὶν
1115 2442 1258 2517 ἡμᾶς
1279 2438 1380 2498 ὑπὸ
1405 2438 1642 2500 Διοκλεί·

59 2548 101 2587 x
119 2530 194 2589 δου
229 2533 420 2603 δεθῆναι
444 2529 537 2591 καὶ
591 2528 802 2607 μέλλειν
845 2529 1169 2587 ἀπολεῖσθαι.
1250 2526 1388 2589 Τότε
1415 2526 1471 2587 δὲ
1517 2526 1645 2587 ἀπέ-

119 2622 270 2700 γραψα
289 2618 530 2700 τέτταρας
557 2617 750 2699 ἄνδρας
765 2662 786 2691 ,
813 2616 1126 2694 Παναίτιον,
1158 2613 1453 2697 Διάκριτον,
1483 2616 1645 2677 Λυσί-

119 2728 325 2787 στρατον,
351 2708 712 2788 Χαιρέδημον.
799 2703 888 2786 (ee)
913 2696 1080 2766 Οὗτοι
1109 2702 1205 2784 μὲν
1223 2704 1410 2787 ἔφυγον
1429 2704 1494 2765 δι’
1513 2704 1610 2783 ἰμί
1623 2750 1642 2785 ,

119 2796 348 2877 ὁμολογῶ·
425 2798 606 2869 ἐσώθη
633 2794 691 2854 δέ
716 2816 775 2874 γε
801 2796 830 2852 ὃ
851 2793 1060 2876 πατήρ,
1092 2798 1120 2853 ὁ
1137 2791 1418 2867 κηδεστής,
1443 2795 1646 2877 ἀνεψιοὶ

119 2888 259 2963 τρεῖς,
280 2888 375 2945 τῶν
413 2884 598 2946 ἄλλων
637 2884 896 2963 συγγενῶν
941 2881 1072 2942 ἑπτά
1088 2928 1105 2957 ,
1135 2882 1408 2962 μέλλοντες
1446 2886 1646 2943 ἀποθα-

118 2976 284 3033 νεῖσθαι
298 2974 504 3043 ἀδίκως·
558 2972 616 3034 οἳ
640 2976 726 3032 νῦν
757 2974 914 3052 ὁρῶσι
935 2976 1024 3032 τοῦ
1051 2971 1201 3045 ἡλίου
1229 2970 1288 3031 τὸ
1306 2970 1503 3053 effide?
1521 2972 1644 3052 ἐμέ,

117 3063 192 3122 >ei
215 3064 348 3125 αὑτοὶ
368 3066 717 3145 ὁμολογῶσιν
731 3081 745 3096 ·
829 3064 857 3120 δ
873 3058 928 3120 δὲ
944 3059 1040 3134 τὴν
1066 3060 1216 3121 πόλιν
1235 3058 1360 3135 ὅλην
1389 3062 1644 3143 συνταρά-

119 3150 189 3218 ξας
211 3152 290 3210 καὶ
311 3155 380 3221 εἰς
402 3152 518 3221 τοὺς
559 3149 820 3230 ἐσχάτους
861 3148 1123 3217 κινδύνους
1158 3148 1496 3223 καταστήσας
1531 3150 1646 3226 ἐξη-

57 3254 98 3295 to
115 3240 278 3321 λέγχθη
293 3286 310 3319 ,
327 3244 472 3320 ὑμεῖς
490 3242 546 3302 δὲ
583 3236 934 3318 ἀπηλλάγητε
962 3238 1205 3319 μεγάλων
1225 3238 1400 3321 φόὸων
1427 3240 1518 3300 καὶ
1540 3245 1643 3301 τῶν

117 3331 174 3395 εἷς
192 3330 424 3402 ἀλλήλους
442 3332 713 3412 ὑποψιῶν.
802 3326 890 3413 (σν)
915 3328 1027 3390 Καὶ
1045 3328 1193 3388 ταῦτ’
1215 3328 1259 3387 εἰ
1282 3329 1452 3402 ἀληθῆ
1471 3329 1610 3409 λέγω
1626 3377 1642 3406 ,

117 3406 154 3475 ἶ)
179 3416 362 3499 ἄνδρες,
389 3414 892 3498 ἀναμιμνήσκεσθε,
925 3416 1018 3476 καὶ
1051 3417 1100 3475 οἱ
1137 3414 1327 3484 εἰδότες
1373 3414 1643 3477 διδάσκετε

116 3504 212 3573 τοὺς
230 3506 420 3577 ἄλλους.
501 3508 592 3570 Σὺ
621 3506 678 3566 δέ
709 3530 800 3585 μοι
841 3503 1025 3573 αὐτοὺς
1066 3503 1218 3565 κάλει
1255 3504 1373 3573 τοὺς
1397 3504 1643 3575 λυθέντας

117 3592 174 3652 δι’
201 3594 284 3673 ἐμέ
301 3616 314 3631 ·
381 3595 572 3677 ἄριστα
599 3592 700 3675 γὰρ
737 3595 802 3654 ἂν
841 3593 1030 3661 εἰδότες
1063 3592 1133 3653 τὰ
1163 3592 1412 3673 γενόμενα
1436 3592 1637 3672 λέγοιεν

117 3682 176 3745 εἰς
191 3681 391 3751 τούτους.
473 3680 700 3745 Ota-emet
723 3681 778 3741 δὲ
795 3680 905 3761 ἔχει
923 3726 942 3759 ,
965 3670 1012 3741 ὦ
1041 3679 1249 3762 ἄνδρες·
1344 3679 1502 3761 μέχρι
1519 3681 1639 3741 τού-

116 3791 190 3829 του
212 3772 546 3845 ἀναθήσονται
575 3771 674 3831 καὶ
708 3768 938 3839 λέξουσιν
967 3770 1116 3847 ὑμῖν,
1140 3769 1236 3836 ἕως
1263 3766 1326 3827 διν
1351 3773 1640 3849 ἀκροᾶσθαι

117 3857 337 3931 βούλησθε
353 3907 370 3937 ,
403 3861 596 3921 ἔπειτα
630 3861 676 3919 δ’
699 3859 803 3940 ἐγὼ
821 3860 940 3940 περὶ
973 3862 1074 3918 τῶν
1102 3859 1276 3918 ἄλλων
1305 3856 1637 3937 ἀπολογήσο-

115 3970 210 4024 μοι.

662 4088 1022 4153 [nameus.
1038 4085 1058 4152 ]

63 4227 99 4265 1⁰
179 4232 241 4273 το.
283 4214 410 4298 Περὶ
458 4214 555 4295 μὲν
607 4206 700 4274 οὖν
744 4214 848 4272 τῶν
888 4210 1006 4271 τότε
1053 4206 1342 4291 γενομένων
1381 4206 1640 4282 ἀκηκόατε

119 4300 260 4361 πάντα
295 4306 382 4364 καὶ
421 4301 814 4382 ἀπολελόγηταί
842 4325 932 4379 μοι
960 4302 1176 4374 ἱκανῶς,
1226 4302 1294 4367 ὡς
1338 4300 1387 4378 γ’
1419 4298 1642 4375 ἐμαυτὸν

117 4390 277 4450 πείθω·
353 4396 397 4453 εἰ
425 4393 482 4453 δέ
503 4393 583 4461 τίς
609 4416 664 4451 τι
693 4394 838 4467 ὑμῶν
865 4384 1068 4461 ποθεῗῆ
1097 4386 1298 4466 νομίζει
1335 4410 1386 4446 τι
1415 4385 1492 4464 μὴ
1520 4388 1640 4446 ἱκα-

119 4479 198 4541 νῶς
215 4480 433 4559 εἰρῆσθαι
457 4480 494 4553 ἢ
518 4477 894 4561 παραλέλοιπά
907 4501 960 4536 τι
975 4520 990 4550 ,
1020 4476 1246 4541 ἀναστὰς
1260 4474 1640 4554 ὑπομνησάτω,

119 4564 192 4623 καὶ
219 4568 609 4648 ἀπολογήσομαι
631 4567 724 4627 καὶ
753 4565 882 4647 πρὸς
913 4570 1088 4626 τοῦτο·
1113 4564 1234 4645 περὶ
1257 4560 1314 4622 δὲ
1342 4568 1442 4621 τῶν
1467 4562 1642 4641 νόμων

129 4652 392 4679 11111

71 4760 92 4796 ι
121 4740 198 4816 μέν
223 4766 280 4819 με
305 4743 440 4804 κατὰ
481 4744 574 4804 τὸν
602 4742 762 4822 νόμον
788 4742 876 4801 τὸν
911 4742 1148 4820 κείμενον
1169 4794 1183 4819 ,
1208 4738 1304 4813 τὴν
1331 4739 1386 4799 δὲ
1414 4762 1644 4817 κατηγο-

123 4828 216 4905 ρίαν
238 4840 450 4892 ποιεῖται
480 4831 624 4893 κατὰ
653 4831 902 4913 ψήφισμα
926 4832 1173 4911 πρότερον
1192 4827 1465 4908 γενόμενον
1482 4873 1499 4906 ,
1519 4829 1547 4886 ὃ
1572 4818 1642 4887 εἶ·

121 4940 200 4975 πεν
215 4918 551 5000 Ἰσοτιμίδης,
577 4912 640 4981 οὗ
668 4920 786 4997 ἐμοὶ
809 4920 1066 5001 προσήκει
1086 4920 1245 4978 οὐδέν.
1329 4918 1396 4980 Ὁ
1420 4916 1514 4995 μὲν
1543 4917 1644 4998 γὰρ

125 4998 240 5066 εἶπεν
265 5010 516 5091 εἴργεσθαι
539 5014 646 5069 τῶν
677 5014 830 5091 ἱερῶν
857 5006 973 5076 τοὺς
999 5006 1357 5081 ἄσεὸἧσαντας
1386 5006 1476 5066 καὶ
1515 5010 1645 5083 ὁμο-

123 5094 438 5177 λογήσαντας,
461 5098 582 5178 ἐμοὶ
611 5098 664 5159 δὲ
683 5098 883 5159 τούτων
916 5098 1160 5179 οὐδέτερα
1188 5096 1469 5170 πεποίηται
1488 5114 1501 5128 ·
1527 5092 1646 5153 οὔτε

123 5186 345 5258 istem:
374 5188 492 5249 οὔτε
520 5188 906 5267 ὡμολόγηταμ
970 5188 1062 5265 (νο)
1092 5185 1185 5253 Ὦς
1211 5185 1263 5245 δὲ
1289 5184 1378 5243 καὶ
1405 5188 1556 5241 τοῦτο
1588 5180 1645 5241 τὸ

123 5270 335 5353 ψήφισμα
363 5274 580 5337 λέλυται
622 5276 712 5337 καὶ
742 5274 931 5354 ἄκυρόν
957 5277 1095 5334 ἐστιν
1112 5318 1130 5349 ,
1152 5272 1256 5353 ἐγὼ
1276 5276 1410 5351 ὑμᾶς
1435 5268 1644 5340 διδάξω.

1099 446 1514 511 ANDoclms
1547 447 1672 510 ΟΒ.
1712 447 1814 510 DE
1855 445 2294 510 MYSTERHS.
3218 466 3295 521 59

1734 602 1918 654 regrum
1944 590 1995 640 in
2018 590 2147 641 lecto
2164 589 2419 641 decubuiss
2469 590 2619 655 atque
2640 590 2753 642 inde
2774 604 2875 643 non
2896 594 3187 661 surrexisse5
3206 610 3296 649 an-

1736 678 1870 729 cillas
1900 692 2097 743 quoque
2132 679 2381 731 tradebam
2416 680 2732 743 prytanibus,
2770 680 3124 745 inquirentibus
3166 686 3297 739 unde

1735 756 1855 807 moti
1891 756 1959 807 illi
1998 758 2153 807 scelus
2188 750 2471 821 patrassent.
2540 756 2639 821 (65)
2674 759 2958 811 scrutantes
2992 760 3155 826 itaque
3192 778 3297 816 rem

1735 854 1846 891 cum
1881 844 2051 893 senatu
2077 844 2383 907 quaesitoroe,
2412 856 2564 907 quum
2583 843 2746 893 omnia
2766 844 2859 907 ita,
2889 846 2945 895 ut
2971 846 3219 912 dixeram,
3246 862 3299 901 se

1734 924 1910 976 habere
1930 926 2141 990 undique
2164 925 2547 989 confirmaretur,
2565 925 2634 976 ibi
2657 926 2855 978 demum
2880 928 3097 981 citabant
3115 931 3295 983 Diocli-

1733 1006 1870 1069 dem;
1891 1021 2049 1071 neque
2068 1008 2235 1059 multis
2260 1009 2365 1059 erat
2388 1008 2546 1059 verbis
2568 1020 2717 1071 opus,
2736 1009 2821 1059 sed
2848 1010 3009 1061 statim
3035 1012 3116 1062 illc
3142 1013 3297 1066 conti-

1734 1084 1929 1139 tebatur
1948 1089 2255 1140 mendacium
2274 1096 2323 1140 et
2339 1090 2687 1155 deprecabatur
2704 1090 2895 1143 veniam
2906 1129 2921 1155 ,
2948 1092 3164 1147 indicans
3186 1108 3269 1147 eos
3280 1096 3311 1159 ‚⁴

1732 1168 1816 1232 qui
1846 1172 2069 1221 auctores
2096 1170 2188 1221 sibi
2219 1170 2419 1223 missent
2431 1209 2446 1235 ,
2470 1174 2527 1223 ut
2549 1172 2643 1222 ista
2667 1170 2851 1224 diceret
2872 1192 2885 1225 ι
2910 1176 3049 1226 erant
3064 1178 3227 1228 autem
3246 1178 3299 1231 bi

1732 1252 2003 1305 Alcibiades
2022 1254 2289 1317 Phegusius
2310 1256 2360 1305 et
2378 1254 2627 1305 Amiantus
2644 1255 2861 1318 AEgineta
2872 1272 2887 1319 ς
2924 1256 3023 1321 (eo)
3051 1260 3137 1321 qui
3162 1262 3297 1311 metu

1731 1338 1896 1389 statim
1924 1338 2250 1402 aumgiebent.
2316 1342 2417 1389 vos
2446 1342 2635 1402 autem,
2668 1344 2727 1391 ut
2750 1340 2904 1392 boece
2922 1342 3139 1395 Dioclide
3155 1358 3297 1398 acce-

1732 1419 1935 1484 peratis,
1974 1432 2089 1470 eum
2110 1419 2293 1482 iudicio
2328 1420 2617 1484 tradidistis,
2652 1435 2683 1472 a
2716 1435 2816 1485 quo
2846 1425 3005 1475 morte
3034 1426 3299 1479 mulctatus

1733 1504 1836 1565 θείς
1877 1500 2093 1568 reliquos
2116 1506 2281 1555 autem
2316 1504 2530 1572 vinctos,
2560 1506 2664 1569 jam
2698 1520 2977 1572 supremum
3008 1510 3294 1575 mppticinm

1731 1588 2065 1650 exspectantes
2092 1588 2323 1650 cognatos
2356 1600 2517 1651 meos,
2544 1588 2739 1653 propter
2755 1590 2835 1640 me
2859 1590 3160 1655 exsolvistis,
3178 1606 3298 1643 exu-

1731 1668 1858 1719 libus
1883 1668 2117 1720 redeundi
2134 1670 2327 1721 veniam
2344 1670 2569 1732 dedistis,
2594 1670 2685 1735 ipsi
2702 1672 2907 1735 sumptis
2934 1672 3083 1725 armis
3096 1672 3297 1726 domum

1732 1750 2136 1816 revertebamini,
2156 1752 2325 1803 multis
2354 1752 2495 1805 malis
2514 1753 2831 1819 pefictilisque
2850 1754 3057 1807 liberati.
3122 1756 3221 1821 (67)
3241 1760 3299 1809 ln

1731 1835 1808 1885 his
1837 1850 1935 1898 qua
1970 1849 2059 1899 ego
2077 1848 2195 1887 usus
2210 1848 2321 1887 sum
2350 1836 2568 1898 fortuna,
2592 1836 2700 1899 ejus
2726 1850 2839 1901 ergo
2857 1852 3025 1891 omnes
3046 1842 3299 1893 commae-

1731 1920 1854 1971 ratio
1871 1920 1969 1970 mei
1994 1920 2169 1970 merito
2192 1920 2377 1985 capiat3
2404 1920 2568 1971 exitus
2584 1921 2749 1973 autem
2767 1934 2879 1985 ergo
2898 1924 3073 1975 merito
3088 1925 3163 1977 vir
3180 1926 3295 1991 opti·

1732 2017 1844 2055 mus
1871 2004 2069 2067 habear,
2093 2004 2273 2069 quippe
2288 2004 2373 2069 qui
2406 2006 2675 2069 refragatus
2696 2006 2955 2071 Euphileto
2986 2008 3106 2073 sim,
3138 2009 3296 2073 jusju-

1733 2086 1936 2137 randum
1966 2086 2017 2137 id
2052 2086 2275 2137 offerenti
2288 2122 2304 2149 ,
2336 2085 2474 2149 cuius
2512 2087 2631 2139 tides
2654 2102 2801 2154 penes
2834 2090 3053 2142 homines
3079 2093 3297 2145 omnium

1733 2166 1931 2219 minima
1946 2169 2036 2232 est,
2057 2170 2195 2233 eique
2208 2169 2384 2235 probra
2403 2169 2583 2233 quibus
2594 2170 2767 2235 dignus
2784 2174 2911 2223 esset
2926 2172 3198 2237 ingesserim
3213 2195 3228 2241 ς
3248 2180 3297 2229 et

1732 2262 1884 2313 quum
1893 2250 1965 2302 illi
1975 2264 2173 2315 peccare
2184 2250 2497 2302 nihilominus
2509 2252 2846 2318 perrexissent,
2858 2256 3111 2318 peccatum
3128 2270 3296 2309 eorum

1731 2338 1920 2388 silentio
1943 2335 2169 2391 texet-im,
2195 2347 2349 2398 quum
2372 2334 2591 2399 plerique
2609 2348 2780 2386 eorum
2804 2350 2834 2387 a
2851 2339 3037 2389 Teucro
3050 2337 3152 2401 iam
3171 2341 3296 2393 indi.

1732 2422 1856 2485 cati,
1887 2420 1968 2472 alii
2004 2421 2163 2471 morte
2187 2420 2412 2481 luissent,
2434 2419 2515 2470 alii
2536 2420 2587 2471 in
2623 2421 2823 2472 exilium
2857 2422 3109 2488 abiissent,
3143 2438 3297 2491 usquo

1731 2505 1850 2555 dum
1871 2502 2069 2568 nosipsi
2096 2501 2327 2553 Dioclidis
2348 2501 2549 2565 pertidia
2570 2503 2621 2553 in
2644 2516 2885 2555 carcerem
2906 2506 3112 2569 conjecti
3133 2510 3297 2559 extre-

1733 2600 1868 2639 mum
1887 2586 2173 2652 supplicium
2190 2584 2377 2650 passuri
2393 2598 2606 2637 essemus
2624 2604 2637 2636 ε
2656 2586 2765 2637 tum
2780 2584 2977 2637 demum
2992 2586 3143 2638 detuli
3162 2592 3298 2654 quat·

1730 2680 1844 2725 tuor
1875 2674 2037 2737 viros,
2070 2670 2342 2723 Panaetium
2356 2707 2372 2734 ,
2407 2670 2699 2735 Diaei-itum,
2728 2672 3073 2735 Lysistratum,
3099 2674 3293 2726 Chaire-

1732 2756 1947 2807 demum.
2023 2756 2121 2820 (68)
2158 2756 2299 2807 Haud
2334 2756 2515 2805 infitior
2550 2756 2641 2805 bos
2672 2756 2866 2819 propter
2900 2768 2983 2805 me
3016 2756 3067 2807 in
3094 2758 3296 2812 exilium

1731 2838 1874 2889 ivisse
1895 2858 1908 2889 ι
1926 2840 2095 2889 contra
2110 2836 2287 2889 servati
2307 2850 2429 2888 ame
2450 2837 2565 2887 sunt
2580 2836 2732 2899 pater,
2754 2836 2933 2886 sororis
2950 2836 3177 2902 maritus,
3200 2840 3298 2890 tres

1733 2917 2031 2979 consobrini,
2058 2917 2241 2981 septem
2260 2929 2463 2967 numero
2480 2914 2669 2978 cognati
2698 2914 2781 2965 alii
2804 2929 2818 2964 z
2844 2914 2897 2965 hi
2916 2915 3159 2967 immerito
3175 2930 3292 2982 sup-

1733 2996 1876 3058 plicio
1897 2996 2131 3059 tuncjam
2162 2995 2363 3059 perituri
2376 3032 2391 3058 ,
2427 2994 2539 3045 solis
2560 3006 2693 3043 nunc
2718 2993 2863 3055 jubar
2883 3004 2971 3057 per
2994 3006 3075 3045 me
3099 2994 3294 3061 vident,

1732 3073 1919 3138 ipsique
1937 3074 2030 3123 hoc
2046 3072 2335 3122 confitentur
2360 3090 2373 3121 ε
2394 3072 2619 3121 cunctam
2638 3072 2799 3120 autem
2818 3070 3067 3119 civitatem
3081 3070 3167 3135 qui
3188 3082 3299 3123 con·

1731 3156 2013 3206 turbaverat
2036 3154 2353 3217 extremaque
2384 3153 2436 3202 in
2458 3150 2733 3202 discrimina
2767 3150 3066 3214 coniecerat,
3088 3151 3132 3202 is
3158 3164 3189 3202 a
3218 3166 3299 3204 me

1733 3237 1990 3298 coargutus
2018 3234 2132 3296 suit,
2162 3236 2211 3283 et
2229 3244 2317 3282 vos
2339 3232 2524 3295 magnis
2553 3228 2884 3281 sormidiuibus
2904 3229 3185 3295 mutuisque
3212 3246 3297 3284 su·

1731 3314 2023 3378 spicionibus
2040 3313 2245 3365 liberati.
2313 3312 2412 3377 (69)
2445 3315 2568 3371 Quoe
2586 3325 2705 3362 num
2721 3325 2839 3363 vera
2862 3310 3019 3363 dicam
3032 3351 3047 3377 ,
3068 3314 3296 3366 recorda-

1733 3400 1884 3462 mini,
1923 3412 2118 3463 quaeso,
2146 3398 2265 3459 viri,
2296 3398 2345 3447 et
2368 3394 2546 3446 conscii
2573 3394 2787 3445 vestrum
2812 3395 3052 3458 quotquot
3071 3396 3210 3459 sunt,
3248 3396 3297 3446 hi

1733 3482 1945 3545 reliquos
1969 3480 2191 3541 docento.
2258 3480 2332 3529 Tu
2365 3479 2529 3528 autem
2548 3477 2675 3540 ipsos
2694 3476 2813 3526 mihi
2830 3476 2927 3526 cita
2945 3488 3028 3527 eos
3042 3513 3057 3540 ‚
3077 3476 3161 3540 qui
3180 3490 3295 3541 pro-

1733 3568 1840 3629 pter
1860 3578 1941 3617 me
1959 3564 2163 3615 vinculis
2181 3561 2387 3614 exsoluti
2408 3562 2553 3613 sunt:
2574 3560 2755 3626 optime
2774 3560 2903 3613 euim
2924 3560 2991 3611 ret
3009 3561 3155 3624 gestae
3172 3562 3300 3613 ordi·

1731 3660 1842 3698 nem
1856 3660 2011 3711 quum
2028 3646 2241 3709 teneant,
2259 3646 2440 3710 possint
2454 3644 2571 3697 item
2586 3645 2765 3711 optime
2779 3657 2891 3694 eum
2904 3642 3148 3710 judicibus
3164 3658 3297 3695 enar·

1733 3744 1856 3782 rare.
1892 3730 1989 3781 Sed
2005 3731 2099 3779 hac
2117 3728 2389 3781 conditione
2416 3728 2463 3779 hi
2487 3729 2617 3779 hunc
2636 3728 2685 3779 in
2710 3730 2986 3791 suggestum
3012 3727 3297 3793 ascendent,

1733 3814 1790 3863 ut
1805 3814 2039 3877 tantisper
2076 3826 2239 3863 coram
2268 3811 2432 3873 vobis,
2452 3811 2662 3875 judices,
2694 3810 2931 3861 disserant
2945 3848 2960 3873 ,
2988 3809 3142 3861 donec
3160 3812 3299 3862 vobis

1732 3898 2028 3948 audientiam
2048 3897 2267 3961 praebere
2282 3896 2625 3947 disserentibus
2641 3895 2834 3946 libuerit
2864 3908 2881 3946 τ
2915 3895 3089 3947 deinde
3114 3896 3299 3959 reliqua

1733 3976 2051 4027 accusationis
2072 3976 2229 4040 capita
2248 3974 2449 4026 diluam.

2374 4092 2658 4168 [usna]

1796 4232 1874 4279 70.
1911 4230 1980 4277 De
2000 4226 2142 4275 rebus
2162 4224 2331 4286 itaque
2360 4224 2465 4273 tum
2487 4222 2637 4285 gestis
2666 4220 2945 4283 audivistis,
2962 4220 3081 4283 viti,
3104 4222 3295 4285 omnia,

1733 4308 1782 4359 et
1804 4307 2002 4371 purgavi
2034 4305 2131 4366 sic,
2164 4306 2219 4354 ut
2242 4304 2361 4353 mihi
2392 4302 2589 4366 quidem
2616 4301 2800 4356 videor,
2824 4301 2883 4350 ut
2910 4300 3028 4351 satis
3051 4313 3154 4351 esse
3182 4314 3297 4363 pos·

1733 4386 1796 4436 sit
1825 4399 1838 4433 :
1864 4382 2037 4447 quodsi
2070 4384 2233 4432 tamen
2272 4383 2487 4431 vestrum
2528 4380 2763 4445 quispiam
2800 4377 3046 4429 existimet
3080 4377 3298 4429 nondum

1733 4464 1852 4515 satis
1881 4462 2183 4512 declaratum
2216 4460 2301 4510 aut
2336 4460 2569 4509 omissum
2592 4458 2861 4522 quidquam
2894 4470 2996 4508 esse
3009 4493 3025 4517 ,
3048 4470 3301 4521 assurgens

1733 4544 1774 4593 is
1795 4555 1876 4592 me
1901 4540 2187 4601 admoneat,
2213 4540 2263 4588 et
2284 4538 2573 4589 satisfaciam
2595 4537 2664 4586 illi
2684 4548 2896 4600 quoque.
2962 4538 3103 4585 Nunc
3134 4539 3297 4586 autem

1734 4620 1795 4671 de
1820 4620 2006 4683 legibus
2034 4632 2121 4667 vos
2143 4616 2345 4667 docebo.
2378 4616 2477 4681 (71)
2496 4615 2747 4679 Cephisius
2771 4626 2945 4677 nempe
2967 4613 3045 4663 hic
3058 4614 3299 4665 actionem

1735 4695 2035 4746 iudicationis
2052 4694 2101 4743 in
2118 4706 2198 4743 me
2216 4692 2413 4756 quidem
2430 4690 2639 4742 instituit
2660 4690 2843 4751 exlege
2864 4688 3025 4739 adhuc
3038 4688 3226 4745 valida,
3248 4688 3299 4737 in

1735 4776 1838 4838 ipsa
1858 4774 2023 4822 autem
2043 4770 2261 4819 oratione
2278 4770 2579 4819 accusatoria
2600 4766 2847 4830 plebiscito
2865 4768 2997 4817 nisus
3023 4768 3097 4816 est
3110 4764 3297 4817 dudum

1733 4849 1915 4899 abolito
1928 4884 1942 4907 ,
1975 4844 2107 4910 quod
2123 4846 2319 4895 auctore
2337 4843 2583 4894 lsotimida
2597 4844 2779 4893 sactum
2806 4841 2875 4891 nil
2897 4842 2960 4892 ad
2976 4855 3055 4892 me
3072 4841 3296 4905 pertinet.

1737 4920 1822 4970 llle
1854 4915 2333 4980 enim,1sotimidoe‚
2372 4916 2542 4965 auctor
2578 4914 2670 4964 t'uit
2710 4915 2767 4963 ut
2801 4926 2830 4962 a
2870 4912 3063 4976 templis
3096 4912 3295 4961 deorum

1733 4991 2014 5040 arcerentur
2044 4986 2304 5050 impietatis
2323 4987 2389 5034 rei
2404 5022 2419 5049 ,
2438 4988 2541 5035 tam
2562 4983 2626 5034 ab
2644 4984 2751 5034 aliis
2774 4984 2890 5033 facti
2922 4996 3072 5048 quam
3094 4982 3181 5043 qui
3208 4980 3295 5041 ipsi

1735 5060 1845 5111 sassi
1861 5059 2022 5111 essent
2044 5071 2103 5107 eo
2128 5070 2181 5107 se
2200 5056 2403 5106 crimine
2430 5056 2581 5105 teneri
2604 5073 2617 5105 z
2644 5066 2731 5117 ego
2752 5068 2869 5104 vero
2896 5064 3055 5115 neque
3077 5048 3295 5098 commisi

1736 5133 2059 5195 impietatem,
2094 5140 2253 5191 neque
2282 5128 2440 5177 fassus
2472 5137 2691 5189 unquam
2725 5136 2835 5173 sum
2868 5136 2946 5171 me
2980 5117 3289 5169 commisisse.

1736 5206 1780 5268 (7
1788 5206 1836 5267 2)
1867 5200 2011 5261 Quod
2031 5202 2197 5250 autem
2214 5200 2307 5248 hoc
2324 5199 2481 5262 ipsum
2503 5208 2697 5262 quoque
2718 5194 3019 5258 plebiscitum
3044 5188 3293 5239 rescissum

1733 5278 1880 5340 atque
1901 5274 2182 5337 abrogatum
2215 5271 2304 5334 sit,
2338 5270 2387 5321 id
2409 5283 2495 5334 ego
2530 5278 2617 5318 vos
2652 5263 2853 5316 docebo.
2920 5264 3209 5327 Quanquam
3243 5259 3293 5313 iu
