3825 5842
526 428 646 482 240

1459 417 1949 497 ΙΣΟΚΡΑἸὉΥΣ
1985 419 2036 477 Ο
2077 416 2266 477 ΠΕΡΙ
2304 416 2821 478 ΑΝΤΙΔΟΣΕΩΣ.

528 576 670 619 πτως
695 548 958 630 λέγοντες,
988 554 1142 623 ἡττον
1166 548 1286 631 περὶ
1317 549 1410 619 τὰς
1429 551 1642 621 πράξεις
1668 552 2086 631 πλημμελοῦσιν.
2178 558 2281 609 vim
2310 558 2648 621 obtinuerunt,
2680 559 2728 610 lii
2758 570 2911 623 quum
2938 556 3053 609 nibil
3080 558 3409 610 inconsiderate
3428 559 3591 621 dicant,
3608 561 3669 611 mi·

529 640 645 723 (aaa)
675 638 839 701 Ὦσθ’
867 638 1034 699 ἅπασι
1064 638 1159 717 μὲν
1185 638 1464 720 βούλεσθαι
1480 629 1738 721 προσήκει
1765 640 1989 708 πολλοὺς
2024 630 2089 697 εἶ·
2180 663 2273 701 nus
2292 650 2343 701 in
2365 651 2509 703 rebus
2531 651 2651 715 ipsis
2674 650 2921 702 falluntur.
2988 652 3122 716 (293)
3143 654 3305 716 ltaque
3323 653 3525 703 omuibus
3542 660 3673 717 optau-

527 752 614 789 ναι
648 725 766 796 τοὺς
795 730 854 788 ἐκ
884 728 1124 797 παιδείας
1156 728 1348 794 δεινοὺς
1382 730 1545 788 εἰπεῖν
1587 728 1949 809 γιγνομένους,
1984 728 2091 806 μά-

525 820 684 878 λιστα
721 820 768 877 δ’
796 822 942 895 ὑμῖν·
970 818 1060 878 καὶ
1101 816 1202 899 γὰρ
1241 816 1387 878 αὐτοὶ
1415 817 1668 901 προέχετε
1693 818 1783 879 καὶ
1821 818 2091 901 διαφέρετε

475 930 502 967 s
525 910 628 967 τῶν
657 906 830 966 ἄλλων
857 911 917 967 οὗ
941 910 1056 975 ταῖς
1081 907 1203 987 περὶ
1223 908 1311 967 τὸν
1335 907 1565 985 πόλεμον
1591 907 1915 984 ἐπιμελείαις
1935 954 1951 986 ,
1984 906 2091 967 οὐδ’

528 995 605 1055 ὅτι
635 995 894 1055 κάλλιστα
916 993 1246 1057 πολιτεύεσθε
1273 995 1365 1055 καὶ
1395 996 1628 1074 μάλιστα
1661 996 1949 1079 φυλάττετε
1976 994 2094 1063 τοὺς

526 1084 714 1163 νόμους
725 1082 813 1151 οὓς
826 1087 946 1163 ὑμῖν
971 1086 1018 1144 οἱ
1036 1084 1278 1166 πρόγονοι
1295 1082 1594 1157 κατέλιπον,
1617 1084 1754 1144 ἀλλὰ
1771 1084 1969 1151 τούτοις
1988 1076 2095 1143 οἶσ-

529 1196 628 1254 περ
654 1176 688 1245 ἥ
717 1172 866 1255 φύσις
883 1177 918 1246 ἡ
939 1176 1042 1233 τῶν
1071 1172 1354 1255 ἀνθρώπων
1381 1177 1484 1232 τῶν
1527 1174 1699 1233 ἄλλων
1725 1171 1888 1253 ζῴων,
1919 1176 2009 1232 καὶ
2036 1172 2095 1232 τὸ

529 1262 671 1341 γένος
688 1261 748 1321 τὸ
766 1264 870 1320 τῶν
889 1259 1161 1333 Ἐλλήνων
1183 1266 1287 1321 τῶν
1315 1262 1616 1346 βαρὸάρων,
1632 1264 1746 1341 (294)
1765 1265 1842 1344 τῷ
1856 1262 1946 1320 καὶ
1970 1259 2096 1341 πρὸς

453 1378 504 1419 10
531 1352 629 1425 τὴν
673 1352 920 1435 φρόνησιν
942 1350 1033 1410 καὶ
1053 1349 1182 1431 πρὸς
1205 1350 1324 1419 τοὺς
1359 1350 1543 1430 λόγους
1567 1351 1776 1429 ἄμεινον
1809 1352 2096 1409 πεπαιδεῦ-

530 1446 652 1501 σθαι
663 1444 766 1501 τῶν
789 1440 982 1502 ἄλλων.
1001 1439 1178 1501 Ὥστε
1197 1439 1408 1501 πάντων
1431 1440 1496 1499 ἂν
1521 1440 1756 1518 συμὸαίη
1779 1438 2093 1515 δεινότατον,

529 1532 577 1589 εἰ
598 1526 714 1596 τοὺς
748 1527 1088 1609 βουλομένους
1113 1537 1219 1597 τοῖς
1241 1532 1414 1597 αὐτοῖς
1451 1528 1649 1597 τούτοις
1683 1531 1958 1608 διενεγκεῖν
1993 1532 2095 1587 τῶν

531 1620 840 1692 ἡλικιωτῶν,
879 1608 1061 1699 οἷσπερ
1095 1621 1240 1695 ὑμεῖς
1275 1618 1542 1693 ἁπάντων,
1577 1617 1962 1700 διαφθείρεσθαι
1988 1620 2097 1697 ψη-

531 1705 803 1789 φίσαισθε,
830 1704 1065 1773 καὶτοὺς
1093 1709 1160 1787 τῇ
1197 1706 1412 1789 παιδεία
1458 1706 1626 1785 ταύτῃ
1664 1704 1999 1786 χρωμένους,
2038 1696 2099 1775 ἧς

455 1816 502 1855 ιιι
529 1796 677 1876 ὑμεῖς
697 1793 948 1875 ἡγεμόνες
974 1792 1280 1874 γεγένησθε,
1306 1804 1549 1877 συμφορᾷ
1577 1819 1676 1853 τινι
1705 1792 2057 1875 περιὸάλοιτε.

610 1904 710 1945 ²⁹5·
754 1879 876 1963 Χρὴ
895 1881 997 1962 γὰρ
1028 1881 1160 1958 μηδὲ
1189 1888 1340 1942 τοῦτο
1363 1884 1633 1944 λανθάνειν
1663 1886 1798 1959 ὑμᾶς
1816 1928 1832 1960 ,
1863 1880 1942 1940 ὅτι
1964 1880 2097 1939 πάν-

536 1995 638 2032 των
675 1974 782 2031 τῶν
824 1968 1122 2047 δυναμένων
1147 1968 1315 2051 λέγειν
1355 1969 1390 2043 ἢ
1421 1970 1683 2029 παιδεύειν
1711 1976 1745 2043 ἠ
1773 1971 1921 2037 πόλις
1948 1972 2099 2043 ἡμῶν

535 2060 678 2121 δοκεῖ
701 2062 1007 2139 γεγενῆσθαι
1030 2057 1356 2125 διδάσκαλος.
1441 2059 1698 2127 Εἰκότως·
1724 2059 1814 2118 καὶ
1836 2056 1937 2140 γὰρ
1967 2050 2099 2117 ἆθλα

535 2147 761 2229 μέγιστα
785 2151 1011 2206 τιθεῖσαν
1037 2144 1200 2219 αὐτὴν
1221 2151 1382 2227 δρῶσι
1399 2156 1506 2217 τοῖς
1533 2148 1628 2221 τὴν
1653 2147 1875 2224 δύναμιν
1899 2144 2097 2217 ταύτην

455 2265 510 2305 20
535 2236 747 2319 ἔχουσι,
786 2236 878 2296 καὶ
921 2234 1187 2315 γυμνάσια
1241 2238 1466 2297 πλεῖστα
1507 2237 1599 2296 καὶ
1643 2231 2099 2295 παντοδαπώτατα

533 2324 868 2408 παρέχουσαν
911 2333 1017 2393 τοῖς
1064 2322 1404 2403 ἀγωνίζεσθαι
1443 2322 1822 2405 προῃρημένοις
1859 2323 1951 2383 καὶ
1984 2322 2104 2405 περὶ

534 2413 629 2483 τὰς
655 2414 900 2483 τοιαύτας
925 2414 1276 2495 γυμνάζεσθαι
1308 2414 1667 2494 βουλομένοις,
1693 2412 1768 2473 ἔτι
1798 2412 1852 2472 δὲ
1879 2411 1977 2485 τὴν
2007 2414 2103 2490 ἐμ-

534 2503 762 2585 πειρίαν,
789 2501 926 2583 ἥπερ
961 2501 1193 2580 μάλιστα
1221 2510 1360 2560 ποιεῖ
1396 2499 1646 2561 δύνασθαι
1681 2500 1872 2578 λέγειν,
1904 2499 2102 2560 ἐνθένδε

535 2592 736 2660 πάντας
781 2588 1174 2669 λαμὸάνοντας·
1217 2591 1331 2668 (aas)
1365 2588 1492 2671 πρὸς
1543 2588 1599 2649 δὲ
1641 2588 1839 2657 τούτοις
1873 2589 1965 2648 καὶ
2008 2588 2103 2662 τὴν

461 2706 514 2745 25
536 2684 630 2752 τῆς
667 2684 839 2761 φωνῆς
875 2676 1152 2750 κοινότητα
1196 2676 1286 2737 καὶ
1317 2678 1632 2759 μετριότητα
1673 2676 1764 2737 καὶ
1808 2676 1903 2750 τὴν
1938 2678 2103 2752 ἄλλην

539 2766 881 2849 εὐτραπελίαν
917 2764 1008 2825 καὶ
1045 2764 1341 2845 φιλολογίαν
1371 2768 1428 2824 οὐ
1459 2766 1642 2848 μικρὸν
1680 2770 1933 2844 ἡγοῦνται
1968 2790 2104 2844 συμ-

541 2854 792 2916 ὅαλέσθαι
815 2853 967 2936 μέρος
981 2852 1108 2934 πρὸς
1134 2852 1229 2927 τὴν
1247 2856 1350 2913 τῶν
1377 2854 1545 2933 λόγων
1571 2854 1812 2914 παιδείαν
1831 2875 1844 2890 ·
1865 2853 1991 2914 ὥστ’
2012 2857 2105 2915 οἰκ

543 2943 734 3012 ἀδίκως
779 2941 1243 3021 ὑπολαμὸάνουσιν
1289 2941 1528 3012 ἅπαντας
1575 2942 1694 3012 τοὺς
1733 2944 1904 3023 λέγειν
1952 2943 2103 3013 ὄντας

541 3031 736 3101 δεινοὺς
756 3035 849 3103 τῆς
869 3030 1071 3096 πόλεως
1097 3020 1228 3089 εἶναι
1254 3030 1508 3109 μαθητάς.
1593 3032 1708 3112 (2⁰7)
1741 3034 1988 3095 Σκοπεῒτ’
2020 3024 2106 3093 οὗν

463 3142 517 3183 ao
541 3118 618 3200 μὴ
675 3119 1013 3179 παντάπασιν
1054 3110 1090 3200 ᾖ
1138 3118 1531 3200 καταγέλαστον
1575 3124 1670 3193 τῆς
1721 3121 1870 3194 δόξης
1913 3121 2109 3196 ταύτης

543 3209 771 3293 φλαῦρόν
809 3233 861 3268 τι
888 3206 1352 3288 καταγιγνώσκειν,
1389 3208 1454 3282 ἢν
1483 3212 1630 3286 ὑμεῖς
1657 3208 1806 3290 ἔχετε
1827 3210 1975 3292 παρὰ
2005 3213 2109 3279 τοῖς

540 3296 776 3372 Ἕλλησι
797 3296 930 3357 πολὺ
955 3298 1153 3375 μᾶλλον
1179 3295 1214 3369 ἢ
1245 3296 1342 3375 ’γὼ
1361 3297 1487 3377 παρ’
1513 3302 1633 3376 ὑμῖν
1651 3320 1666 3335 ·
1685 3298 1830 3359 οὐδὲν
1857 3300 1961 3381 γὰρ
1992 3303 2109 3360 ἀλλ’

542 3386 578 3459 ἢ
624 3390 857 3469 φανερῶς
905 3388 1052 3464 ὑμῶν
1096 3388 1264 3446 αὐτῶν
1295 3384 1472 3446 ἔσεσθε
1524 3388 1974 3469 κατεψηφισμένοι
2016 3388 2109 3461 τὴν

544 3475 794 3547 τοιαύτην
831 3473 1056 3549 ἀδικίαν,
1085 3472 1198 3556 (298)
1227 3472 1331 3532 καὶ·
1355 3474 1698 3547 πεποιηκότες
1725 3474 1902 3555 ὅμοιον
1930 3474 2109 3559 ὥσπερ

469 3582 522 3623 ao
546 3563 610 3624 ἂν
631 3566 678 3622 εἰ
709 3562 1118 3639 Λακεδαιμόνιοι
1140 3560 1256 3629 τοὺς
1283 3562 1349 3620 τὰ
1373 3562 1493 3643 περὶ
1520 3563 1609 3622 τὸν
1631 3564 1862 3644 πόλεμον
1883 3568 2109 3625 ἀσκοῦν-

545 3675 640 3720 τας
683 3654 898 3731 ζημιοῦν
941 3652 1269 3731 ἐπιχειροῖεν,
1309 3650 1345 3723 ἢ
1387 3652 1648 3712 Θετταλοὶ
1690 3653 1838 3735 παρὰ
1878 3658 1983 3713 τῶν
2023 3658 2112 3714 ἱπ-

546 3738 722 3801 πεύειν
763 3738 1096 3819 μελετώντων
1135 3739 1282 3813 δίκην
1323 3739 1613 3818 λαμὸάνειν
1651 3740 1856 3811 ἀξιοῖεν.
1942 3742 2110 3827 Ὑπὲρ

547 3822 622 3892 ὧν
651 3828 936 3911 φυλακτέον
979 3827 1140 3907 ἐστίν,
1185 3828 1327 3898 ὅπως
1363 3828 1524 3907 μηδὲν
1553 3837 1782 3892 τοιοῦτον
1816 3832 2111 3914 ἐξαμαρτή-

548 3924 699 3981 σεσθε
727 3918 849 3999 περὶ
881 3922 1014 3998 ὑμᾶς
1051 3914 1236 3987 αὐτούς
1259 3964 1276 3997 ,
1309 3917 1444 3997 μηδὲ
1484 3920 1818 4003 πιστοτέρους
1863 3922 2113 3995 ποιήσετε

471 4035 526 4075 40
547 4005 666 4075 τοὺς
704 4005 888 4086 λόγους
926 4005 1048 4075 τοὺς
1087 4009 1192 4065 τῶν
1232 4007 1664 4088 κατηγορούντων
1707 4014 1798 4083 τῆς
1839 4010 2039 4077 πόλεως
2080 4008 2113 4081 ἢ

549 4096 666 4165 τοὺς
712 4100 814 4156 τῶν
861 4093 1224 4156 ἐπαινούντων.
1363 4100 1476 4177 (299)
1539 4089 1712 4178 Οἶμαι
1755 4101 1801 4158 δ’
1847 4103 1979 4178 ὑμᾶς
2022 4101 2115 4159 οὐκ

551 4188 752 4264 ἀγνοεῖν
780 4184 858 4243 ὅτι
883 4188 987 4244 τῶν
1013 4182 1280 4257 Ἑλλήνων
1304 4189 1350 4246 οἱ
1381 4184 1476 4265 μὲν
1507 4188 1770 4255 δυσκόλως
1811 4188 1943 4269 πρὸς
1980 4192 2115 4267 ὑμᾶς

551 4272 790 4354 ἔχουσιν,
833 4274 882 4332 οἱ
928 4274 972 4331 δ’
1019 4276 1088 4341 ὣς
1135 4264 1300 4333 οἷόντε
1350 4276 1580 4352 μάλιστα
1633 4278 1840 4359 φιλοῦσι
1889 4276 1979 4336 καὶ
2022 4277 2113 4345 τὰς

552 4362 765 4429 ἐλπίδας
791 4366 883 4434 τῆς
909 4360 1166 4443 σωτηρίας
1205 4366 1258 4422 ἐν
1286 4366 1413 4441 ὑμῖν
1443 4364 1640 4445 ἔχουσι.
1748 4364 1858 4427 Καί
1883 4389 2040 4448 φασιν
2068 4369 2116 4426 οἱ

471 4472 524 4514 45
554 4449 649 4528 μὲν
681 4456 900 4511 τοιοῦτοι
938 4450 1100 4528 μόνην
1142 4442 1273 4510 εἶναι
1302 4451 1499 4525 ταύτην
1541 4452 1711 4527 πόλιν,
1748 4454 1842 4522 τὰς
1871 4456 1919 4513 δ’
1957 4456 2118 4525 ἄλλας

552 4538 762 4619 κώμας,
793 4538 881 4598 καὶ
906 4538 1116 4606 δικαίως
1134 4538 1195 4599 ἂν
1217 4540 1379 4614 αὐτὴν
1402 4542 1532 4602 ἄστυ
1559 4547 1652 4617 τῆς
1672 4542 1927 4614 Ἑλλάδος
1952 4568 2116 4628 προσ-

553 4628 888 4710 αγορεύεσθαι
919 4627 1009 4686 καὶ
1051 4628 1136 4686 διὰ
1165 4628 1226 4687 τὸ
1257 4628 1472 4709 μέγεθος
1503 4632 1594 4692 καὶ
1640 4632 1726 4691 διὰ
1759 4631 1850 4702 τὰς
1875 4634 2118 4716 εὐπορίας

552 4716 644 4787 τὰς
676 4718 876 4777 ἐνθένδε
901 4720 1008 4785 τοῖς
1035 4716 1213 4785 ἄλλοις
1233 4719 1538 4799 γιγνομένας
1557 4721 1646 4781 καὶ
1674 4722 1907 4800 μάλιστα
1929 4722 2013 4782 διὰ
2030 4722 2116 4782 τὸν

555 4806 748 4889 τρόπον
794 4811 898 4866 τῶν
941 4805 1272 4867 ἐνοικούντων
1303 4830 1316 4845 ·
1385 4808 1502 4889 (eoo)
1561 4810 1773 4879 οὐδένας
1823 4812 1925 4893 γὰρ
1984 4802 2116 4871 εἶναι

475 4922 530 4961 ω
553 4895 867 4979 πραοτέρους
890 4896 1004 4956 οὐδὲ
1037 4896 1352 4978 καινοτέρους
1377 4899 1484 4956 οὐδ’
1513 4888 1590 4966 οἷς
1619 4900 1924 4981 οἰκειότερον
1952 4901 2013 4959 οἷν
2042 4925 2120 4969 τις

553 4987 642 5046 τὸν
681 4986 891 5046 ἅπαντα
935 4984 1044 5065 βίον
1077 4986 1507 5067 συνδιατρίψειεν.
1592 4987 1750 5048 Οὕτω
1779 4988 1834 5047 δὲ
1865 4990 2119 5067 μεγάλαις

554 5078 786 5157 χρῶνται
819 5084 930 5142 ταῖς
957 5074 1298 5156 ὗπερὸολαῖς,
1335 5072 1460 5133 ὥστ’
1484 5076 1598 5133 οὐδὲ
1625 5081 1764 5134 τοῦτ’
1801 5080 2007 5137 ὀκνοῦσι
2026 5079 2109 5137 λέ·

556 5186 687 5241 γειν,
721 5166 792 5231 ὡς
819 5162 965 5235 ἥδιον
1002 5162 1065 5223 ἂν
1095 5166 1184 5221 ὑπ’
1219 5162 1399 5241 ἀνδρὸς
1432 5164 1700 5235 Ἀθηναίου
1750 5168 2115 5244 ζημιωθεῖενῇ

558 5248 646 5309 διὰ
667 5254 758 5323 τ’ἥς
778 5250 966 5332 ἑτέρων
989 5250 1255 5331 ὠμότητος
1284 5242 1342 5310 εὖ
1369 5250 1599 5312 πάθοιεν.
1662 5256 1732 5314 Οἱ
1757 5254 1810 5314 δὲ
1831 5262 1999 5315 ταῦτα
2024 5256 2119 5336 μὲν

2183 744 2301 795 dum
2334 749 2411 796 est
2448 750 2503 795 ut
2527 744 2666 795 multi
2703 745 3002 796 institutione
3037 747 3316 809 eloquentes
3354 746 3457 796 liant
3467 783 3481 809 ‚
3514 723 3680 797 maxime¹

2192 841 2357 904 vobis3
2379 842 2556 893 etenim
2588 844 2679 908 ipsi
2716 843 3077 908 praestantiores
3110 844 3161 894 et
3197 842 3526 893 excellentiores
3546 824 3680 893 ceteris¹

2184 937 2326 1000 estis,
2346 950 2442 987 non
2466 938 2652 993 bellicis
2668 939 2859 1001 studiis,
2882 952 3037 1003 neque
3056 936 3236 1001 optima
3254 936 3507 1001 reipublicae
3522 935 3681 987 numini-⁴

2184 1032 2434 1094 stratione,
2456 1047 2611 1099 neque
2630 1035 2792 1099 legum
2812 1034 3116 1085 observantia
3130 1070 3147 1096 ,
3165 1047 3283 1098 quas
3299 1047 3329 1083 a
3348 1034 3570 1096 maioribus
3583 1047 3677 1083 acce·

2187 1128 2355 1192 pistiS,
2386 1128 2474 1179 sed
2504 1130 2580 1179 liis
2606 1131 2750 1181 rebus
2783 1131 2962 1195 quibus
2995 1130 3205 1179 bumana
3224 1132 3388 1179 natura
3406 1129 3571 1192 reliquis
3595 1142 3681 1192 prae·

2187 1228 2283 1273 stat
2300 1222 2627 1276 animantibus
2644 1228 2693 1276 et
2712 1225 2869 1277 Graeci
2888 1226 3122 1289 barbaris,
3146 1224 3273 1289 (294)
3290 1224 3411 1289 quod
3425 1230 3471 1275 et
3485 1225 3535 1273 ad
3546 1224 3679 1286 sapien-

2188 1318 2303 1367 tiam
2336 1323 2387 1369 et
2420 1320 2743 1384 eloquentiam
2775 1324 2949 1373 ceteris
2984 1321 3168 1372 rectius
3198 1319 3497 1395 instituimini.
3558 1322 3680 1380 ltaque

2188 1414 2405 1465 omnium
2471 1417 2815 1479 gravissimum
2870 1416 3143 1479 accideret,
3185 1416 3228 1467 si
3260 1429 3343 1467 eos
3388 1415 3463 1479 qni
3504 1415 3566 1463 bis
3598 1413 3680 1476 ipsis

2189 1509 2447 1560 virtutibus
2477 1512 2601 1562 inter
2621 1514 2829 1575 aequales
2856 1512 3092 1563 excellere
3116 1512 3315 1576 cupiunt
3329 1511 3490 1574 quibus
3507 1522 3579 1559 ros
3592 1508 3680 1557 inter

2191 1604 2461 1667 universos,
2481 1606 2721 1669 corrumpi
2733 1605 3017 1668 judicaretis
3028 1642 3046 1667 ,
3062 1618 3242 1669 eosque
3253 1604 3332 1669 qui
3348 1606 3431 1654 hac
3446 1602 3681 1653 institutione

2192 1700 2405 1759 utantur,
2428 1698 2572 1761 cnjus
2588 1712 2678 1750 vos
2698 1699 2845 1751 duces
2876 1700 2993 1750 facti
3028 1699 3150 1751 estis
3166 1736 3183 1763 ,
3200 1699 3454 1750 calamitate
3477 1697 3605 1760 aliqua
3620 1695 3680 1744 im·

2189 1792 2445 1856 plicaretis.

2254 1903 2367 1951 295.
2400 1901 2603 1963 Oportet
2626 1899 2753 1950 enim
2782 1914 2845 1951 ne
2881 1900 2975 1950 hoc
3003 1901 3205 1965 quidem
3224 1913 3307 1950 vos
3324 1899 3497 1963 sugere,
3519 1894 3680 1949 omniun

2192 2013 2274 2077 qui
2294 2012 2451 2064 dicere
2470 2018 2555 2063 aut
2580 2013 2786 2065 educare
2818 2014 3034 2078 possint,
3056 2014 3226 2066 urbem
3245 2018 3445 2089 nostram
3468 2012 3591 2063 rideri
3615 2022 3681 2059 un·

2190 2126 2389 2190 gistram
2418 2128 2577 2179 fuisse.
2648 2130 2821 2180 Merito
2854 2145 2867 2179 ι
2904 2131 3089 2181 etenim
3115 2130 3323 2181 maxima
3343 2126 3518 2194 pmmia
3545 2138 3625 2177 eam
3642 2123 3683 2173 iii

2193 2245 2497 2308 proposuisse
2516 2243 2709 2307 vident,
2728 2245 2813 2310 qui
2838 2244 2963 2297 hanc
2979 2246 3081 2296 vim
3100 2244 3309 2297 assecuti
3325 2249 3445 2305 sunt,
3459 2248 3500 2293 et
3510 2240 3682 2291 exer-cita·

2193 2359 2349 2411 tiones
2368 2360 2597 2425 plurimas
2622 2374 2679 2412 ac
2696 2361 2906 2412 maxime
2937 2363 3103 2412 varias
3120 2360 3345 2413 exhibere
3360 2360 3415 2411 iis
3430 2359 3501 2423 qui
3520 2352 3683 2409 aemulari

2194 2475 2243 2525 et
2260 2476 2310 2525 in
2324 2476 2483 2527 causis
2500 2476 2695 2528 orandis
2707 2476 2923 2529 exerceri
2938 2478 3141 2543 volunt3
3160 2479 3385 2542 praeterea
3399 2472 3683 2539 experientiam,

2194 2603 2306 2653 quae
2338 2592 2598 2655 plurimum
2622 2593 2751 2643 valet
2773 2592 2833 2643 ad
2861 2592 3210 2657 eloquentiam,
3243 2592 3351 2643 inde
3378 2589 3562 2655 acquiri3
3586 2584 3683 2649 (²96)

2194 2704 2257 2754 ad
2279 2704 2385 2756 liaec
2406 2708 2552 2758 etiam
2571 2708 2977 2772 pronunciationis
2995 2722 3307 2760 communem
3324 2718 3453 2757 nsum
3475 2710 3517 2755 et
3532 2698 3691 2752 moden·

2196 2821 2373 2873 tionem
2389 2828 2437 2873 et
2450 2823 2659 2887 reliquos
2678 2824 2865 2887 lepores
2883 2828 2931 2875 et
2941 2824 3211 2876 meditandi
3226 2822 3489 2875 industriam
3502 2830 3577 2867 non
3590 2811 3689 2879 parri

2198 2938 2429 2989 momenti
2448 2952 2552 2989 esse
2570 2939 2631 2989 ad
2650 2940 2971 3004 eloquentiam
3004 2945 3225 2993 censent.
3290 2943 3447 3003 ltaque
3472 2949 3551 2985 non
3566 2928 3693 2993 injuria

2196 3065 2363 3103 omnes
2386 3054 2659 3118 eloquentes
2678 3054 2813 3105 urbis
2830 3056 3013 3105 nostrae
3026 3068 3137 3107 esse
3154 3054 3406 3119 discipulos
3420 3050 3578 3117 putant-
3590 3042 3689 3109 (297)

2198 3168 2367 3220 Videte
2398 3169 2541 3233 igitur
2563 3183 2625 3219 ne
2647 3183 2842 3235 prorsus
2875 3171 3135 3223 ridiculum
3169 3172 3233 3222 sit
3251 3168 3435 3221 absurdi
3452 3164 3549 3230 quid
3568 3161 3693 3212 dehac

2199 3282 2325 3334 t'ama
2373 3283 2627 3337 decernere
2642 3322 2657 3348 ,
2712 3300 2859 3351 quam
2902 3298 2990 3337 vos
3030 3287 3166 3353 apud
3206 3290 3393 3339 Graeoos
3424 3282 3557 3334 multo
3584 3274 3694 3338 masii

2201 3414 2345 3463 quam
2366 3413 2455 3463 ego
2478 3400 2607 3465 apud
2630 3414 2717 3453 vos
2739 3402 2983 3453 obtinetis·
3052 3402 3184 3454 Nihil
3202 3402 3325 3453 enim
3344 3398 3461 3451 aliud
3476 3395 3554 3447 nisi
3570 3396 3694 3443 contra

2200 3516 2522 3579 vosmetipsos
2558 3516 2701 3566 talem
2748 3516 2974 3580 injuriam
3030 3516 3404 3579 constitueritis,
3440 3514 3553 3578 (298)
3582 3518 3697 3569 nequ?-

2202 3628 2434 3680 dissimile
2474 3630 2682 3681 feceritis
2721 3645 2779 3681 ac
2806 3633 2848 3682 si
2890 3632 3247 3685 Lacedaemonii
3290 3630 3464 3682 militiae
3508 3624 3696 3678 studiosos

2204 3740 2513 3800 mulctarent,
2537 3747 2622 3790 aut
2646 3740 2865 3791 Thessali
2885 3741 2945 3791 ab
2967 3741 3030 3791 iis
3047 3742 3133 3806 qui
3153 3738 3393 3808 equitandi
3410 3736 3549 3789 studio
3560 3732 3697 3783 damu·

2202 3850 2301 3908 tur,
2328 3860 2495 3911 poenas
2534 3853 2821 3912 repeterent.
2887 3853 3049 3909 Quare
3070 3848 3340 3901 cavendum
3359 3851 3502 3900 estne
3520 3840 3615 3908 quid
3636 3840 3698 3888 hu·

2198 3956 2413 4019 J'usmodi
2435 3959 2487 4007 in
2502 3972 2588 4008 vos
2607 3958 2915 4024 delinquatis,
2936 3972 3095 4023 neque
3117 3961 3323 4011 veriores
3340 3968 3492 4010 eorum
3508 3950 3697 4004 orationes

2202 4064 2415 4117 reddatis
2439 4068 2522 4131 qui
2549 4068 2720 4119 urbem
2740 4068 3045 4133 vituperant,
3070 4084 3219 4135 quam
3242 4070 3323 4135 qui
3343 4068 3537 4118 landant.
3590 4058 3693 4123 (299)

2204 4176 2442 4226 Existimo
2473 4180 2637 4227 autem
2665 4189 2754 4227 vos
2786 4192 2883 4227 non
2914 4178 3137 4242 ignorare
3173 4182 3443 4231 Graecorum
3466 4173 3568 4225 alios
3592 4166 3699 4220 robis

2204 4281 2413 4333 infensos
2444 4296 2579 4347 esse,
2607 4284 2725 4335 alios
2753 4287 3119 4349 quammaxime
3146 4287 3287 4338 vobis
3317 4288 3465 4337 favere
3490 4296 3539 4331 ac
3562 4274 3695 4329 salutis

2204 4402 2341 4453 spem
2376 4390 2426 4440 in
2454 4392 2594 4442 vobis
2627 4406 2879 4457 reponere.
2962 4400 3124 4459 Atque
3160 4396 3211 4446 hi
3238 4395 3425 4459 quidem
3456 4390 3587 4442 solam
3607 4386 3696 4433 tnnc

2204 4496 2372 4549 dicunt
2398 4502 2567 4552 urbem
2599 4516 2706 4555 esse
2724 4540 2739 4566 ,
2760 4504 2971 4569 reliquas
3002 4506 3141 4557 vicos
3168 4509 3219 4558 et
3242 4506 3409 4557 merito
3430 4504 3539 4553 lianc
3554 4502 3695 4549 (ἧτταν

2206 4622 2313 4657 rum
2346 4612 2457 4661 astu
2479 4610 2710 4675 appellari
2733 4618 2783 4663 et
2801 4615 2996 4678 propter
3029 4612 3401 4676 magnitudinem
3428 4611 3474 4661 et
3492 4598 3695 4657 commodi

2210 4730 2315 4780 quae
2332 4718 2445 4769 inde
2462 4720 2512 4768 in
2532 4721 2741 4785 reliquos
2762 4721 3050 4786 redundent,
3070 4736 3125 4772 ac
3144 4722 3348 4771 maxime
3366 4722 3539 4783 propter
3557 4690 3699 4761 cultum

2206 4824 2543 4890 incolentium;
2567 4828 2699 4893 (300)
2720 4830 2875 4881 nullos
2896 4831 3023 4882 enim
3046 4829 3349 4880 humaniores
3369 4829 3448 4875 aut
3464 4819 3701 4874 affabiliores

2206 4948 2330 4995 esse,
2348 4948 2503 4998 neque
2518 4937 2809 5000 quibuscum
2832 4939 2941 5001 quis
2966 4938 3203 4989 lubentius
3224 4939 3367 4986 totam
3384 4936 3557 4984 aetatem
3574 4924 3701 4986 degat.

2207 5045 2337 5095 Adeo
2377 5058 2491 5095 vero
2524 5046 2749 5097 laudibus
2776 5047 3021 5098 immodici
3058 5049 3196 5108 suut,
3234 5047 3286 5095 ut
3322 5058 3380 5094 ne
3407 5038 3512 5093 illud
3542 5034 3699 5099 quidem

2206 5154 2363 5205 dicere
2377 5157 2646 5219 vereantur,
2660 5154 2881 5207 libentius
2894 5170 2947 5207 se
2964 5158 3026 5207 ab
3036 5154 3305 5207 Atheniensi
3321 5153 3417 5201 viro
3428 5145 3565 5215 puniri
3582 5149 3695 5207 quam

2206 5264 2409 5315 aliorum
2439 5265 2738 5317 immanitate
2764 5264 2991 5318 beneficio
3020 5264 3142 5316 affici
3168 5263 3302 5315 velle.
3362 5258 3435 5311 lili
3454 5256 3598 5306 contra
3617 5248 3693 5297 Μ(
