<?xml version="1.0" encoding="UTF-8"?>
<!DOCTYPE html PUBLIC "-//W3C//DTD XHTML 1.0 Transitional//EN"
    "http://www.w3.org/TR/xhtml1/DTD/xhtml1-transitional.dtd">
<html xmlns="http://www.w3.org/1999/xhtml" xml:lang="en" lang="en">
 <head>
  <title>
</title>
<meta http-equiv="Content-Type" content="text/html;charset=utf-8" />
  <meta name='ocr-system' content='tesseract 3.04.00' />
  <meta name='ocr-capabilities' content='ocr_page ocr_carea ocr_par ocr_line ocrx_word'/>
</head>
<body>
  <div class='ocr_page' id='page_1' title='image "./oratoresatticia03unkngoog/oratoresatticia03unkngoog_0412.png"; bbox 0 0 3825 5842; ppageno 0'>
   <div class='ocr_carea' id='block_1_1' title="bbox 554 498 630 552">
    <p class='ocr_par' dir='ltr' id='par_1_1' title="bbox 554 498 630 552">
     <span class='ocr_line' id='line_1_1' title="bbox 554 498 630 552; baseline 0.013 -1"><span class='ocrx_word' id='word_1_1' title='bbox 554 498 630 552; x_wconf 89' lang='grc'><strong>70</strong></span> 
     </span>
    </p>
   </div>
   <div class='ocr_carea' id='block_1_2' title="bbox 1671 489 2625 560">
    <p class='ocr_par' dir='ltr' id='par_1_2' title="bbox 1671 489 2625 560">
     <span class='ocr_line' id='line_1_2' title="bbox 1671 489 2625 560; baseline 0.006 -6"><span class='ocrx_word' id='word_1_2' title='bbox 1671 489 2172 554; x_wconf 82' lang='grc' dir='ltr'>ῙΣΟΚΡΑΤΟΥΣ</span> <span class='ocrx_word' id='word_1_3' title='bbox 2217 493 2625 560; x_wconf 83' lang='grc' dir='ltr'><strong>ΦΙΛΙΠΠΟΣ.</strong></span> 
     </span>
    </p>
   </div>
   <div class='ocr_carea' id='block_1_3' title="bbox 554 609 3709 715">
    <p class='ocr_par' dir='ltr' id='par_1_3' title="bbox 554 609 3709 715">
     <span class='ocr_line' id='line_1_3' title="bbox 554 609 3709 715; baseline 0.006 -31"><span class='ocrx_word' id='word_1_4' title='bbox 554 647 638 692; x_wconf 91' lang='grc' dir='ltr'><strong>τος</strong></span> <span class='ocrx_word' id='word_1_5' title='bbox 661 623 1010 703; x_wconf 78' lang='grc' dir='ltr'><strong>μαινομένων,</strong></span> <span class='ocrx_word' id='word_1_6' title='bbox 1028 620 1229 699; x_wconf 87' lang='grc' dir='ltr'><strong>ἐκείνην</strong></span> <span class='ocrx_word' id='word_1_7' title='bbox 1244 609 1339 704; x_wconf 81' lang='grc' dir='ltr'><strong>μὲν</strong></span> <span class='ocrx_word' id='word_1_8' title='bbox 1360 623 1542 700; x_wconf 81' lang='grc' dir='ltr'><strong>εἴασα,</strong></span> <span class='ocrx_word' id='word_1_9' title='bbox 1563 631 1656 699; x_wconf 76' lang='grc' dir='ltr'><strong>τῆς</strong></span> <span class='ocrx_word' id='word_1_10' title='bbox 1682 625 1737 686; x_wconf 81' lang='grc' dir='ltr'><strong>δὲ</strong></span> <span class='ocrx_word' id='word_1_11' title='bbox 1761 625 2130 709; x_wconf 79' lang='grc' dir='ltr'>πραγματείας</span> <span class='ocrx_word' id='word_1_12' title='bbox 2151 627 2194 693; x_wconf 85' lang='lat' dir='ltr'><strong>d</strong></span> <span class='ocrx_word' id='word_1_13' title='bbox 2225 637 2396 703; x_wconf 89' lang='lat' dir='ltr'><strong>niunt,</strong></span> <span class='ocrx_word' id='word_1_14' title='bbox 2429 639 2562 692; x_wconf 81' lang='lat' dir='ltr'><strong>illam</strong></span> <span class='ocrx_word' id='word_1_15' title='bbox 2593 642 2788 707; x_wconf 85' lang='lat' dir='ltr'><strong>quidem</strong></span> <span class='ocrx_word' id='word_1_16' title='bbox 2825 646 3024 698; x_wconf 78' lang='lat' dir='ltr'><strong>missam</strong></span> <span class='ocrx_word' id='word_1_17' title='bbox 3043 648 3158 715; x_wconf 72' lang='lat' dir='ltr'><strong>feel,</strong></span> <span class='ocrx_word' id='word_1_18' title='bbox 3185 664 3216 702; x_wconf 81' lang='lat' dir='ltr'><strong>a</strong></span> <span class='ocrx_word' id='word_1_19' title='bbox 3237 665 3343 706; x_wconf 87' lang='grc'>11100</span> <span class='ocrx_word' id='word_1_20' title='bbox 3375 660 3520 708; x_wconf 77' lang='lat' dir='ltr'><strong>antem</strong></span> <span class='ocrx_word' id='word_1_21' title='bbox 3545 656 3709 712; x_wconf 69' lang='lat' dir='ltr'><strong>insutum</strong></span> 
     </span>
    </p>
   </div>
   <div class='ocr_carea' id='block_1_4' title="bbox 496 712 2133 1334">
    <p class='ocr_par' dir='ltr' id='par_1_4' title="bbox 496 712 2133 1334">
     <span class='ocr_line' id='line_1_4' title="bbox 552 712 2133 798; baseline 0.003 -24"><span class='ocrx_word' id='word_1_22' title='bbox 552 717 646 774; x_wconf 79' lang='grc' dir='ltr'><strong>οὔκ</strong></span> <span class='ocrx_word' id='word_1_23' title='bbox 675 712 931 798; x_wconf 81' lang='grc' dir='ltr'><strong>ἀπέστην.</strong></span> <span class='ocrx_word' id='word_1_24' title='bbox 1021 716 1137 792; x_wconf 83' lang='grc'>(130)</span> <span class='ocrx_word' id='word_1_25' title='bbox 1186 715 1283 776; x_wconf 84' lang='grc' dir='ltr'><strong>Διὸ</strong></span> <span class='ocrx_word' id='word_1_26' title='bbox 1325 715 1537 783; x_wconf 81' lang='grc' dir='ltr'>δικαίως</span> <span class='ocrx_word' id='word_1_27' title='bbox 1577 716 1639 776; x_wconf 81' lang='grc' dir='ltr'><strong>ἄν</strong></span> <span class='ocrx_word' id='word_1_28' title='bbox 1670 741 1738 794; x_wconf 89' lang='grc' dir='ltr'><strong>με</strong></span> <span class='ocrx_word' id='word_1_29' title='bbox 1764 716 1957 786; x_wconf 88' lang='grc' dir='ltr'><strong>πάντες</strong></span> <span class='ocrx_word' id='word_1_30' title='bbox 1987 719 2133 777; x_wconf 88' lang='grc' dir='ltr'><strong>ἐπαι-</strong></span> 
     </span>
     <span class='ocr_line' id='line_1_5' title="bbox 554 802 2130 888; baseline 0.004 -26"><span class='ocrx_word' id='word_1_31' title='bbox 554 811 704 875; x_wconf 83' lang='grc' dir='ltr'><strong>νοῖεν,</strong></span> <span class='ocrx_word' id='word_1_32' title='bbox 718 802 879 884; x_wconf 77' lang='grc' dir='ltr'><strong>ὅτιτῇ</strong></span> <span class='ocrx_word' id='word_1_33' title='bbox 899 802 1119 881; x_wconf 77' lang='grc' dir='ltr'><strong>δυνάμει</strong></span> <span class='ocrx_word' id='word_1_34' title='bbox 1137 803 1303 884; x_wconf 82' lang='grc' dir='ltr'><strong>ταύτῃ</strong></span> <span class='ocrx_word' id='word_1_35' title='bbox 1326 802 1595 885; x_wconf 85' lang='grc' dir='ltr'><strong>χρώμενος</strong></span> <span class='ocrx_word' id='word_1_36' title='bbox 1615 805 1681 878; x_wconf 80' lang='grc' dir='ltr'><strong>ἣν</strong></span> <span class='ocrx_word' id='word_1_37' title='bbox 1702 806 1839 887; x_wconf 85' lang='grc' dir='ltr'><strong>ἔχων</strong></span> <span class='ocrx_word' id='word_1_38' title='bbox 1861 808 2130 888; x_wconf 78' lang='grc' dir='ltr'><strong>τυγχάνω,</strong></span> 
     </span>
     <span class='ocr_line' id='line_1_6' title="bbox 555 891 2130 979; baseline 0.004 -29"><span class='ocrx_word' id='word_1_39' title='bbox 555 891 889 951; x_wconf 82' lang='grc' dir='ltr'>διατετέλεκα</span> <span class='ocrx_word' id='word_1_40' title='bbox 917 892 1093 951; x_wconf 80' lang='grc' dir='ltr'><strong>πάντα</strong></span> <span class='ocrx_word' id='word_1_41' title='bbox 1132 893 1219 952; x_wconf 85' lang='grc' dir='ltr'><strong>τὸν</strong></span> <span class='ocrx_word' id='word_1_42' title='bbox 1258 895 1445 975; x_wconf 90' lang='grc' dir='ltr'><strong>χρόνον</strong></span> <span class='ocrx_word' id='word_1_43' title='bbox 1470 897 1715 973; x_wconf 88' lang='grc' dir='ltr'><strong>πολεμῶν</strong></span> <span class='ocrx_word' id='word_1_44' title='bbox 1750 895 1847 975; x_wconf 83' lang='grc' dir='ltr'><strong>μὲν</strong></span> <span class='ocrx_word' id='word_1_45' title='bbox 1872 905 1978 965; x_wconf 86' lang='grc' dir='ltr'><strong>τοῖς</strong></span> <span class='ocrx_word' id='word_1_46' title='bbox 2003 901 2130 979; x_wconf 82' lang='grc' dir='ltr'><strong>βαρ·-</strong></span> 
     </span>
     <span class='ocr_line' id='line_1_7' title="bbox 496 979 2129 1065; baseline 0.005 -27"><span class='ocrx_word' id='word_1_47' title='bbox 496 992 521 1030; x_wconf 74' lang='grc' dir='ltr'>ὓ</span> <span class='ocrx_word' id='word_1_48' title='bbox 554 979 762 1062; x_wconf 72' lang='grc' dir='ltr'><strong>δάροις,</strong></span> <span class='ocrx_word' id='word_1_49' title='bbox 786 986 1092 1064; x_wconf 89' lang='grc' dir='ltr'><strong>κατηγορῶν</strong></span> <span class='ocrx_word' id='word_1_50' title='bbox 1125 981 1181 1041; x_wconf 81' lang='grc' dir='ltr'><strong>δὲ</strong></span> <span class='ocrx_word' id='word_1_51' title='bbox 1201 986 1305 1040; x_wconf 86' lang='grc' dir='ltr'><strong>τῶν</strong></span> <span class='ocrx_word' id='word_1_52' title='bbox 1337 980 1412 1061; x_wconf 84' lang='grc' dir='ltr'><strong>μὴ</strong></span> <span class='ocrx_word' id='word_1_53' title='bbox 1438 983 1536 1055; x_wconf 81' lang='grc' dir='ltr'><strong>τὴν</strong></span> <span class='ocrx_word' id='word_1_54' title='bbox 1566 984 1728 1056; x_wconf 77' lang='grc' dir='ltr'><strong>αὐτὴν</strong></span> <span class='ocrx_word' id='word_1_55' title='bbox 1753 984 1870 1062; x_wconf 78' lang='grc' dir='ltr'><strong>ἐμοὶ</strong></span> <span class='ocrx_word' id='word_1_56' title='bbox 1911 985 2129 1065; x_wconf 84' lang='grc' dir='ltr'><strong>γνώμην</strong></span> 
     </span>
     <span class='ocr_line' id='line_1_8' title="bbox 554 1069 2132 1153; baseline 0.003 -23"><span class='ocrx_word' id='word_1_57' title='bbox 554 1069 798 1150; x_wconf 86' lang='grc' dir='ltr'><strong>ἐχόντων,</strong></span> <span class='ocrx_word' id='word_1_58' title='bbox 826 1071 1138 1153; x_wconf 82' lang='grc' dir='ltr'><strong>προτρέπειν</strong></span> <span class='ocrx_word' id='word_1_59' title='bbox 1183 1071 1230 1130; x_wconf 86' lang='grc' dir='ltr'><strong>δ’</strong></span> <span class='ocrx_word' id='word_1_60' title='bbox 1260 1074 1540 1152; x_wconf 81' lang='grc' dir='ltr'><strong>ἐπιχειρῶν</strong></span> <span class='ocrx_word' id='word_1_61' title='bbox 1569 1073 1657 1141; x_wconf 75' lang='grc' dir='ltr'><strong>οὓς</strong></span> <span class='ocrx_word' id='word_1_62' title='bbox 1692 1071 1756 1132; x_wconf 72' lang='grc' dir='ltr'><strong>ἂν</strong></span> <span class='ocrx_word' id='word_1_63' title='bbox 1790 1073 1993 1134; x_wconf 77' lang='grc' dir='ltr'><strong>ἐλπίσω</strong></span> <span class='ocrx_word' id='word_1_64' title='bbox 2023 1073 2132 1152; x_wconf 80' lang='grc' dir='ltr'><strong>μοί-</strong></span> 
     </span>
     <span class='ocr_line' id='line_1_9' title="bbox 553 1159 2130 1241; baseline 0.001 -23"><span class='ocrx_word' id='word_1_65' title='bbox 553 1160 710 1219; x_wconf 87' lang='grc' dir='ltr'><strong>λιστα</strong></span> <span class='ocrx_word' id='word_1_66' title='bbox 738 1161 1049 1231; x_wconf 90' lang='grc' dir='ltr'><strong>δυνήσεσθαι</strong></span> <span class='ocrx_word' id='word_1_67' title='bbox 1076 1159 1195 1228; x_wconf 73' lang='grc' dir='ltr'><strong>τοὺς</strong></span> <span class='ocrx_word' id='word_1_68' title='bbox 1240 1159 1335 1238; x_wconf 80' lang='grc' dir='ltr'><strong>μὲν</strong></span> <span class='ocrx_word' id='word_1_69' title='bbox 1368 1160 1640 1235; x_wconf 77' lang='grc' dir='ltr'><strong>Ἕλληνας</strong></span> <span class='ocrx_word' id='word_1_70' title='bbox 1664 1161 1857 1241; x_wconf 78' lang='grc' dir='ltr'><strong>ἀγαθόν</strong></span> <span class='ocrx_word' id='word_1_71' title='bbox 1884 1186 1938 1221; x_wconf 89' lang='grc' dir='ltr'><strong>τι</strong></span> <span class='ocrx_word' id='word_1_72' title='bbox 1973 1167 2130 1235; x_wconf 77' lang='grc' dir='ltr'><strong>ποιῆ-</strong></span> 
     </span>
     <span class='ocr_line' id='line_1_10' title="bbox 555 1247 2131 1334; baseline 0 -25"><span class='ocrx_word' id='word_1_73' title='bbox 555 1272 672 1323; x_wconf 89' lang='grc' dir='ltr'><strong>σαι,</strong></span> <span class='ocrx_word' id='word_1_74' title='bbox 714 1247 833 1316; x_wconf 76' lang='grc' dir='ltr'><strong>τοὺς</strong></span> <span class='ocrx_word' id='word_1_75' title='bbox 883 1249 937 1310; x_wconf 80' lang='grc' dir='ltr'><strong>δὲ</strong></span> <span class='ocrx_word' id='word_1_76' title='bbox 981 1249 1279 1331; x_wconf 77' lang='grc' dir='ltr'><strong>βαρὸάρους</strong></span> <span class='ocrx_word' id='word_1_77' title='bbox 1320 1249 1601 1331; x_wconf 78' lang='grc' dir='ltr'><strong>ἀφελέσθαι</strong></span> <span class='ocrx_word' id='word_1_78' title='bbox 1649 1252 1746 1323; x_wconf 70' lang='grc' dir='ltr'><strong>τὴν</strong></span> <span class='ocrx_word' id='word_1_79' title='bbox 1786 1251 2131 1334; x_wconf 75' lang='grc' dir='ltr'><strong>ὑπάρχουσαν</strong></span> 
     </span>
    </p>
   </div>
   <div class='ocr_carea' id='block_1_5' title="bbox 554 1338 2190 1422">
    <p class='ocr_par' dir='ltr' id='par_1_5' title="bbox 554 1338 2190 1422">
     <span class='ocr_line' id='line_1_11' title="bbox 554 1338 2190 1422; baseline 0.003 -24"><span class='ocrx_word' id='word_1_80' title='bbox 554 1338 901 1420; x_wconf 82' lang='grc' dir='ltr'><strong>εὖδαιμονίοιν.</strong></span> <span class='ocrx_word' id='word_1_81' title='bbox 988 1339 1103 1421; x_wconf 86' lang='grc'>(131)</span> <span class='ocrx_word' id='word_1_82' title='bbox 1131 1338 1326 1416; x_wconf 85' lang='grc' dir='ltr'><strong>Διόπερ</strong></span> <span class='ocrx_word' id='word_1_83' title='bbox 1366 1338 1457 1399; x_wconf 83' lang='grc' dir='ltr'><strong>καὶ</strong></span> <span class='ocrx_word' id='word_1_84' title='bbox 1492 1346 1581 1398; x_wconf 90' lang='grc' dir='ltr'><strong>νῦν</strong></span> <span class='ocrx_word' id='word_1_85' title='bbox 1626 1340 1755 1422; x_wconf 83' lang='grc' dir='ltr'><strong>πρὸς</strong></span> <span class='ocrx_word' id='word_1_86' title='bbox 1784 1340 1845 1402; x_wconf 86' lang='grc' dir='ltr'><strong>σὲ</strong></span> <span class='ocrx_word' id='word_1_87' title='bbox 1877 1348 2132 1419; x_wconf 76' lang='grc' dir='ltr'><strong>ποιοῦμαι</strong></span> <span class='ocrx_word' id='word_1_88' title='bbox 2154 1361 2190 1402; x_wconf 83' lang='lat' dir='ltr'><strong>e</strong></span> 
     </span>
    </p>
   </div>
   <div class='ocr_carea' id='block_1_6' title="bbox 481 1427 2128 1955">
    <p class='ocr_par' dir='ltr' id='par_1_6' title="bbox 481 1427 2128 1869">
     <span class='ocr_line' id='line_1_12' title="bbox 481 1427 2126 1510; baseline 0 -20"><span class='ocrx_word' id='word_1_89' title='bbox 481 1451 531 1490; x_wconf 90' lang='grc'><strong>10</strong></span> <span class='ocrx_word' id='word_1_90' title='bbox 552 1427 670 1496; x_wconf 75' lang='grc' dir='ltr'><strong>τοὺς</strong></span> <span class='ocrx_word' id='word_1_91' title='bbox 696 1427 881 1506; x_wconf 84' lang='grc' dir='ltr'><strong>λόγους</strong></span> <span class='ocrx_word' id='word_1_92' title='bbox 898 1475 915 1505; x_wconf 83' lang='grc'><strong>,</strong></span> <span class='ocrx_word' id='word_1_93' title='bbox 952 1431 1048 1488; x_wconf 83' lang='grc' dir='ltr'><strong>οὐκ</strong></span> <span class='ocrx_word' id='word_1_94' title='bbox 1077 1431 1277 1506; x_wconf 82' lang='grc' dir='ltr'><strong>ἀγνοῶν</strong></span> <span class='ocrx_word' id='word_1_95' title='bbox 1310 1427 1389 1487; x_wconf 82' lang='grc' dir='ltr'><strong>ὅτι</strong></span> <span class='ocrx_word' id='word_1_96' title='bbox 1413 1427 1611 1496; x_wconf 78' lang='grc' dir='ltr'><strong>τούτοις</strong></span> <span class='ocrx_word' id='word_1_97' title='bbox 1644 1431 1735 1490; x_wconf 82' lang='grc' dir='ltr'><strong>ὑπ’</strong></span> <span class='ocrx_word' id='word_1_98' title='bbox 1759 1434 1885 1510; x_wconf 87' lang='grc' dir='ltr'><strong>ἐμοῦ</strong></span> <span class='ocrx_word' id='word_1_99' title='bbox 1912 1429 2008 1509; x_wconf 82' lang='grc' dir='ltr'><strong>μὲν</strong></span> <span class='ocrx_word' id='word_1_100' title='bbox 2031 1433 2126 1491; x_wconf 92' lang='grc' dir='ltr'><strong>λε-</strong></span> 
     </span>
     <span class='ocr_line' id='line_1_13' title="bbox 550 1517 2124 1599; baseline 0.001 -22"><span class='ocrx_word' id='word_1_101' title='bbox 550 1517 787 1597; x_wconf 83' lang='grc' dir='ltr'><strong>γομένοις</strong></span> <span class='ocrx_word' id='word_1_102' title='bbox 805 1517 991 1578; x_wconf 79' lang='grc' dir='ltr'><strong>πολλοὶ</strong></span> <span class='ocrx_word' id='word_1_103' title='bbox 1020 1517 1360 1599; x_wconf 83' lang='grc' dir='ltr'><strong>φθονήσουσι,</strong></span> <span class='ocrx_word' id='word_1_104' title='bbox 1389 1525 1496 1585; x_wconf 88' lang='grc' dir='ltr'><strong>τοῖς</strong></span> <span class='ocrx_word' id='word_1_105' title='bbox 1532 1519 1577 1576; x_wconf 83' lang='grc' dir='ltr'><strong>δ’</strong></span> <span class='ocrx_word' id='word_1_106' title='bbox 1601 1520 1775 1586; x_wconf 84' lang='grc' dir='ltr'><strong>αὗτοῗς</strong></span> <span class='ocrx_word' id='word_1_107' title='bbox 1802 1518 2004 1588; x_wconf 80' lang='grc' dir='ltr'><strong>τούτοις</strong></span> <span class='ocrx_word' id='word_1_108' title='bbox 2023 1519 2124 1580; x_wconf 76' lang='grc' dir='ltr'><strong>ὑπὸ</strong></span> 
     </span>
     <span class='ocr_line' id='line_1_14' title="bbox 552 1605 2128 1688; baseline -0.001 -20"><span class='ocrx_word' id='word_1_109' title='bbox 552 1613 645 1668; x_wconf 88' lang='grc' dir='ltr'><strong>σοῦ</strong></span> <span class='ocrx_word' id='word_1_110' title='bbox 691 1605 1069 1687; x_wconf 75' lang='grc' dir='ltr'><strong>πραττομένοις</strong></span> <span class='ocrx_word' id='word_1_111' title='bbox 1096 1606 1322 1674; x_wconf 83' lang='grc' dir='ltr'><strong>ἅπαντες</strong></span> <span class='ocrx_word' id='word_1_112' title='bbox 1365 1606 1800 1680; x_wconf 85' lang='grc' dir='ltr'><strong>συνησθήσονται.</strong></span> <span class='ocrx_word' id='word_1_113' title='bbox 1883 1611 2010 1670; x_wconf 88' lang='grc' dir='ltr'><strong>Τῶν</strong></span> <span class='ocrx_word' id='word_1_114' title='bbox 2032 1607 2128 1688; x_wconf 83' lang='grc' dir='ltr'><strong>μὲν</strong></span> 
     </span>
     <span class='ocr_line' id='line_1_15' title="bbox 547 1693 2126 1782; baseline 0.002 -27"><span class='ocrx_word' id='word_1_115' title='bbox 547 1697 653 1779; x_wconf 81' lang='grc' dir='ltr'><strong>γὰρ</strong></span> <span class='ocrx_word' id='word_1_116' title='bbox 690 1697 977 1780; x_wconf 78' lang='grc' dir='ltr'><strong>εἰρημένων</strong></span> <span class='ocrx_word' id='word_1_117' title='bbox 1014 1696 1179 1764; x_wconf 81' lang='grc' dir='ltr'><strong>οὐδεὶς</strong></span> <span class='ocrx_word' id='word_1_118' title='bbox 1222 1693 1595 1770; x_wconf 77' lang='grc' dir='ltr'><strong>κεκοινώνηκε,</strong></span> <span class='ocrx_word' id='word_1_119' title='bbox 1632 1701 1736 1756; x_wconf 88' lang='grc' dir='ltr'><strong>τῶν</strong></span> <span class='ocrx_word' id='word_1_120' title='bbox 1770 1698 1817 1758; x_wconf 87' lang='grc' dir='ltr'><strong>δ’</strong></span> <span class='ocrx_word' id='word_1_121' title='bbox 1858 1699 2126 1782; x_wconf 75' lang='grc' dir='ltr'><strong>ὠφελειῶν</strong></span> 
     </span>
     <span class='ocr_line' id='line_1_16' title="bbox 550 1783 2124 1869; baseline 0 -23"><span class='ocrx_word' id='word_1_122' title='bbox 550 1791 656 1846; x_wconf 85' lang='grc' dir='ltr'><strong>τῶν</strong></span> <span class='ocrx_word' id='word_1_123' title='bbox 683 1783 1251 1869; x_wconf 83' lang='grc' dir='ltr'><strong>κατεργασθησομένων</strong></span> <span class='ocrx_word' id='word_1_124' title='bbox 1298 1785 1393 1844; x_wconf 78' lang='grc' dir='ltr'><strong>οὐκ</strong></span> <span class='ocrx_word' id='word_1_125' title='bbox 1422 1783 1559 1844; x_wconf 85' lang='grc' dir='ltr'><strong>ἔστιν</strong></span> <span class='ocrx_word' id='word_1_126' title='bbox 1589 1783 1731 1854; x_wconf 80' lang='grc' dir='ltr'><strong>ὅστις</strong></span> <span class='ocrx_word' id='word_1_127' title='bbox 1754 1789 1851 1847; x_wconf 54' lang='grc' dir='ltr'><strong>οὐκ</strong></span> <span class='ocrx_word' id='word_1_128' title='bbox 1886 1787 2124 1861; x_wconf 81' lang='grc' dir='ltr'><strong>οἰήσεται</strong></span> 
     </span>
    </p>

    <p class='ocr_par' dir='ltr' id='par_1_7' title="bbox 481 1875 808 1955">
     <span class='ocr_line' id='line_1_17' title="bbox 481 1875 808 1955; baseline 0.003 -19"><span class='ocrx_word' id='word_1_129' title='bbox 481 1905 532 1944; x_wconf 86' lang='lat'><strong>15</strong></span> <span class='ocrx_word' id='word_1_130' title='bbox 553 1875 808 1955; x_wconf 70' lang='grc' dir='ltr'><strong>μεθέξειν.</strong></span> 
     </span>
    </p>
   </div>
   <div class='ocr_carea' id='block_1_7' title="bbox 2214 754 3711 1934">
    <p class='ocr_par' dir='ltr' id='par_1_8' title="bbox 2214 754 3711 1934">
     <span class='ocr_line' id='line_1_18' title="bbox 2222 754 3709 831; baseline 0.013 -29"><span class='ocrx_word' id='word_1_131' title='bbox 2222 766 2322 804; x_wconf 89' lang='grc'>11011</span> <span class='ocrx_word' id='word_1_132' title='bbox 2339 754 2531 806; x_wconf 78' lang='lat' dir='ltr'><strong>recessi.</strong></span> <span class='ocrx_word' id='word_1_133' title='bbox 2595 755 2726 820; x_wconf 87' lang='grc'>(130)</span> <span class='ocrx_word' id='word_1_134' title='bbox 2751 761 2912 817; x_wconf 80' lang='lat' dir='ltr'><strong>Quare</strong></span> <span class='ocrx_word' id='word_1_135' title='bbox 2925 759 3034 823; x_wconf 79' lang='lat' dir='ltr'><strong>iure</strong></span> <span class='ocrx_word' id='word_1_136' title='bbox 3055 761 3276 816; x_wconf 83' lang='lat' dir='ltr'><strong>laudarer</strong></span> <span class='ocrx_word' id='word_1_137' title='bbox 3301 766 3362 817; x_wconf 86' lang='lat' dir='ltr'><strong>ab</strong></span> <span class='ocrx_word' id='word_1_138' title='bbox 3381 769 3596 831; x_wconf 80' lang='lat' dir='ltr'><strong>omnibus,</strong></span> <span class='ocrx_word' id='word_1_139' title='bbox 3619 773 3709 831; x_wconf 76' lang='lat' dir='ltr'><strong>quod</strong></span> 
     </span>
     <span class='ocr_line' id='line_1_19' title="bbox 2223 864 3707 952; baseline 0.013 -38"><span class='ocrx_word' id='word_1_140' title='bbox 2223 864 2284 916; x_wconf 84' lang='lat' dir='ltr'><strong>iis</strong></span> <span class='ocrx_word' id='word_1_141' title='bbox 2311 867 2490 931; x_wconf 86' lang='lat' dir='ltr'><strong>copiis,</strong></span> <span class='ocrx_word' id='word_1_142' title='bbox 2514 882 2636 931; x_wconf 84' lang='lat' dir='ltr'><strong>quaa</strong></span> <span class='ocrx_word' id='word_1_143' title='bbox 2659 868 2838 952; x_wconf 69' lang='grc'>1131100,</span> <span class='ocrx_word' id='word_1_144' title='bbox 2873 885 3120 937; x_wconf 85' lang='lat' dir='ltr'><strong>nunquam</strong></span> <span class='ocrx_word' id='word_1_145' title='bbox 3151 875 3317 928; x_wconf 66' lang='lat' dir='ltr'><strong>destiti</strong></span> <span class='ocrx_word' id='word_1_146' title='bbox 3345 877 3510 931; x_wconf 85' lang='lat' dir='ltr'><strong>bellum</strong></span> <span class='ocrx_word' id='word_1_147' title='bbox 3528 895 3618 932; x_wconf 86' lang='lat' dir='ltr'><strong>cum</strong></span> <span class='ocrx_word' id='word_1_148' title='bbox 3636 883 3707 933; x_wconf 81' lang='lat' dir='ltr'><strong>har-</strong></span> 
     </span>
     <span class='ocr_line' id='line_1_20' title="bbox 2221 975 3711 1058; baseline 0.013 -34"><span class='ocrx_word' id='word_1_149' title='bbox 2221 975 2354 1027; x_wconf 75' lang='grc'>113110</span> <span class='ocrx_word' id='word_1_150' title='bbox 2377 991 2562 1040; x_wconf 82' lang='lat' dir='ltr'><strong>gerere,</strong></span> <span class='ocrx_word' id='word_1_151' title='bbox 2597 982 2648 1029; x_wconf 88' lang='lat' dir='ltr'><strong>et</strong></span> <span class='ocrx_word' id='word_1_152' title='bbox 2667 980 2842 1043; x_wconf 82' lang='lat' dir='ltr'><strong>partim</strong></span> <span class='ocrx_word' id='word_1_153' title='bbox 2871 995 2955 1033; x_wconf 88' lang='lat' dir='ltr'><strong>eos</strong></span> <span class='ocrx_word' id='word_1_154' title='bbox 2977 987 3229 1050; x_wconf 77' lang='lat' dir='ltr'><strong>accusavi,</strong></span> <span class='ocrx_word' id='word_1_155' title='bbox 3257 988 3339 1052; x_wconf 89' lang='lat' dir='ltr'><strong>qui</strong></span> <span class='ocrx_word' id='word_1_156' title='bbox 3356 991 3544 1053; x_wconf 83' lang='lat' dir='ltr'><strong>nonita,</strong></span> <span class='ocrx_word' id='word_1_157' title='bbox 3576 999 3711 1058; x_wconf 77' lang='lat' dir='ltr'><strong>utego,</strong></span> 
     </span>
     <span class='ocr_line' id='line_1_21' title="bbox 2225 1088 3710 1166; baseline 0.013 -30"><span class='ocrx_word' id='word_1_158' title='bbox 2225 1088 2478 1152; x_wconf 79' lang='lat' dir='ltr'><strong>sentirent,</strong></span> <span class='ocrx_word' id='word_1_159' title='bbox 2499 1090 2674 1153; x_wconf 87' lang='lat' dir='ltr'><strong>partim</strong></span> <span class='ocrx_word' id='word_1_160' title='bbox 2691 1103 2777 1141; x_wconf 87' lang='lat' dir='ltr'><strong>eos</strong></span> <span class='ocrx_word' id='word_1_161' title='bbox 2793 1105 2916 1156; x_wconf 88' lang='lat' dir='ltr'><strong>quos</strong></span> <span class='ocrx_word' id='word_1_162' title='bbox 2935 1095 3184 1159; x_wconf 84' lang='lat' dir='ltr'><strong>sperabam</strong></span> <span class='ocrx_word' id='word_1_163' title='bbox 3203 1103 3258 1148; x_wconf 88' lang='lat' dir='ltr'><strong>et</strong></span> <span class='ocrx_word' id='word_1_164' title='bbox 3281 1100 3458 1150; x_wconf 63' lang='lat' dir='ltr'><strong>Graecis</strong></span> <span class='ocrx_word' id='word_1_165' title='bbox 3479 1116 3599 1166; x_wconf 80' lang='lat' dir='ltr'><strong>posse</strong></span> <span class='ocrx_word' id='word_1_166' title='bbox 3616 1105 3710 1156; x_wconf 73' lang='lat' dir='ltr'><strong>bene</strong></span> 
     </span>
     <span class='ocr_line' id='line_1_22' title="bbox 2223 1202 3710 1274; baseline 0.011 -22"><span class='ocrx_word' id='word_1_167' title='bbox 2223 1202 2376 1254; x_wconf 77' lang='lat' dir='ltr'><strong>facere</strong></span> <span class='ocrx_word' id='word_1_168' title='bbox 2398 1205 2448 1254; x_wconf 90' lang='lat' dir='ltr'><strong>et</strong></span> <span class='ocrx_word' id='word_1_169' title='bbox 2473 1203 2689 1255; x_wconf 84' lang='lat' dir='ltr'><strong>barbaris</strong></span> <span class='ocrx_word' id='word_1_170' title='bbox 2721 1217 2836 1256; x_wconf 81' lang='lat' dir='ltr'><strong>suas</strong></span> <span class='ocrx_word' id='word_1_171' title='bbox 2870 1220 2988 1271; x_wconf 86' lang='lat' dir='ltr'><strong>opes</strong></span> <span class='ocrx_word' id='word_1_172' title='bbox 3025 1209 3237 1274; x_wconf 84' lang='lat' dir='ltr'><strong>eripere,</strong></span> <span class='ocrx_word' id='word_1_173' title='bbox 3275 1213 3438 1264; x_wconf 82' lang='lat' dir='ltr'><strong>sedulo</strong></span> <span class='ocrx_word' id='word_1_174' title='bbox 3470 1228 3564 1266; x_wconf 84' lang='lat' dir='ltr'><strong>snm</strong></span> <span class='ocrx_word' id='word_1_175' title='bbox 3601 1217 3710 1267; x_wconf 85' lang='grc'>110111-</span> 
     </span>
     <span class='ocr_line' id='line_1_23' title="bbox 2223 1315 3709 1390; baseline 0.01 -26"><span class='ocrx_word' id='word_1_176' title='bbox 2223 1319 2322 1365; x_wconf 78' lang='lat' dir='ltr'><strong>tus.</strong></span> <span class='ocrx_word' id='word_1_177' title='bbox 2390 1315 2522 1380; x_wconf 84' lang='grc'>(131)</span> <span class='ocrx_word' id='word_1_178' title='bbox 2544 1319 2654 1375; x_wconf 87' lang='lat' dir='ltr'><strong>Qua</strong></span> <span class='ocrx_word' id='word_1_179' title='bbox 2673 1315 2736 1367; x_wconf 85' lang='lat' dir='ltr'><strong>de</strong></span> <span class='ocrx_word' id='word_1_180' title='bbox 2756 1331 2903 1368; x_wconf 79' lang='lat' dir='ltr'><strong>causa</strong></span> <span class='ocrx_word' id='word_1_181' title='bbox 2923 1333 3053 1370; x_wconf 87' lang='lat' dir='ltr'><strong>nunc</strong></span> <span class='ocrx_word' id='word_1_182' title='bbox 3078 1323 3223 1372; x_wconf 87' lang='lat' dir='ltr'><strong>etiam</strong></span> <span class='ocrx_word' id='word_1_183' title='bbox 3247 1324 3376 1389; x_wconf 86' lang='lat' dir='ltr'><strong>apud</strong></span> <span class='ocrx_word' id='word_1_184' title='bbox 3397 1331 3442 1376; x_wconf 86' lang='lat' dir='ltr'><strong>te</strong></span> <span class='ocrx_word' id='word_1_185' title='bbox 3463 1327 3589 1376; x_wconf 82' lang='lat' dir='ltr'><strong>verba</strong></span> <span class='ocrx_word' id='word_1_186' title='bbox 3617 1328 3709 1390; x_wconf 75' lang='lat' dir='ltr'><strong>facio,</strong></span> 
     </span>
     <span class='ocr_line' id='line_1_24' title="bbox 2226 1429 3710 1504; baseline 0.011 -28"><span class='ocrx_word' id='word_1_187' title='bbox 2226 1441 2322 1478; x_wconf 92' lang='lat' dir='ltr'><strong>non</strong></span> <span class='ocrx_word' id='word_1_188' title='bbox 2353 1429 2549 1492; x_wconf 78' lang='lat' dir='ltr'><strong>ignarus</strong></span> <span class='ocrx_word' id='word_1_189' title='bbox 2587 1430 2690 1481; x_wconf 83' lang='lat' dir='ltr'><strong>sore</strong></span> <span class='ocrx_word' id='word_1_190' title='bbox 2715 1432 2895 1484; x_wconf 81' lang='lat' dir='ltr'><strong>multos</strong></span> <span class='ocrx_word' id='word_1_191' title='bbox 2922 1435 3008 1498; x_wconf 89' lang='lat' dir='ltr'><strong>qui</strong></span> <span class='ocrx_word' id='word_1_192' title='bbox 3033 1449 3158 1488; x_wconf 79' lang='lat' dir='ltr'><strong>meae</strong></span> <span class='ocrx_word' id='word_1_193' title='bbox 3177 1439 3382 1489; x_wconf 83' lang='lat' dir='ltr'><strong>orationi</strong></span> <span class='ocrx_word' id='word_1_194' title='bbox 3418 1439 3648 1504; x_wconf 78' lang='lat' dir='ltr'><strong>invideant,</strong></span> <span class='ocrx_word' id='word_1_195' title='bbox 3673 1444 3710 1492; x_wconf 65' lang='lat' dir='ltr'><strong>is</strong></span> 
     </span>
     <span class='ocr_line' id='line_1_25' title="bbox 2217 1539 3708 1608; baseline 0.009 -21"><span class='ocrx_word' id='word_1_196' title='bbox 2217 1539 2381 1588; x_wconf 85' lang='lat' dir='ltr'><strong>autem</strong></span> <span class='ocrx_word' id='word_1_197' title='bbox 2400 1551 2512 1602; x_wconf 77' lang='lat' dir='ltr'><strong>quae</strong></span> <span class='ocrx_word' id='word_1_198' title='bbox 2537 1552 2566 1589; x_wconf 87' lang='lat' dir='ltr'><strong>a</strong></span> <span class='ocrx_word' id='word_1_199' title='bbox 2589 1543 2640 1590; x_wconf 90' lang='lat' dir='ltr'><strong>te</strong></span> <span class='ocrx_word' id='word_1_200' title='bbox 2661 1543 2884 1605; x_wconf 76' lang='lat' dir='ltr'><strong>agentur,</strong></span> <span class='ocrx_word' id='word_1_201' title='bbox 2903 1546 3319 1608; x_wconf 67' lang='lat' dir='ltr'><strong>congratulatum</strong></span> <span class='ocrx_word' id='word_1_202' title='bbox 3335 1561 3436 1599; x_wconf 81' lang='lat' dir='ltr'><strong>esse</strong></span> <span class='ocrx_word' id='word_1_203' title='bbox 3453 1561 3608 1600; x_wconf 80' lang='lat' dir='ltr'><strong>omnes.</strong></span> <span class='ocrx_word' id='word_1_204' title='bbox 3623 1553 3708 1600; x_wconf 73' lang='lat' dir='ltr'><strong>Nam</strong></span> 
     </span>
     <span class='ocr_line' id='line_1_26' title="bbox 2216 1645 3707 1718; baseline 0.007 -23"><span class='ocrx_word' id='word_1_205' title='bbox 2216 1645 2268 1696; x_wconf 93' lang='lat' dir='ltr'><strong>in</strong></span> <span class='ocrx_word' id='word_1_206' title='bbox 2287 1659 2456 1697; x_wconf 89' lang='lat' dir='ltr'><strong>eorum</strong></span> <span class='ocrx_word' id='word_1_207' title='bbox 2479 1647 2678 1712; x_wconf 88' lang='lat' dir='ltr'><strong>quidem</strong></span> <span class='ocrx_word' id='word_1_208' title='bbox 2691 1685 2707 1710; x_wconf 85' lang='lat'>,</span> <span class='ocrx_word' id='word_1_209' title='bbox 2722 1663 2835 1715; x_wconf 78' lang='lat' dir='ltr'><strong>quae</strong></span> <span class='ocrx_word' id='word_1_210' title='bbox 2857 1651 2986 1702; x_wconf 82' lang='lat' dir='ltr'><strong>dicta</strong></span> <span class='ocrx_word' id='word_1_211' title='bbox 3003 1658 3145 1716; x_wconf 79' lang='lat' dir='ltr'><strong>sunt,</strong></span> <span class='ocrx_word' id='word_1_212' title='bbox 3161 1668 3310 1706; x_wconf 87' lang='grc'>1101110</span> <span class='ocrx_word' id='word_1_213' title='bbox 3329 1656 3583 1708; x_wconf 79' lang='lat' dir='ltr'><strong>societatem</strong></span> <span class='ocrx_word' id='word_1_214' title='bbox 3601 1658 3707 1718; x_wconf 65' lang='lat' dir='ltr'><strong>min</strong></span> 
     </span>
     <span class='ocr_line' id='line_1_27' title="bbox 2217 1754 3704 1828; baseline 0.007 -24"><span class='ocrx_word' id='word_1_215' title='bbox 2217 1754 2480 1806; x_wconf 80' lang='lat' dir='ltr'><strong>utilitatum</strong></span> <span class='ocrx_word' id='word_1_216' title='bbox 2516 1769 2630 1807; x_wconf 80' lang='lat' dir='ltr'><strong>vero</strong></span> <span class='ocrx_word' id='word_1_217' title='bbox 2661 1771 2775 1822; x_wconf 79' lang='lat' dir='ltr'><strong>quae</strong></span> <span class='ocrx_word' id='word_1_218' title='bbox 2819 1757 2934 1810; x_wconf 86' lang='lat' dir='ltr'><strong>inde</strong></span> <span class='ocrx_word' id='word_1_219' title='bbox 2955 1761 3275 1826; x_wconf 80' lang='lat' dir='ltr'><strong>parabuntur,</strong></span> <span class='ocrx_word' id='word_1_220' title='bbox 3319 1777 3457 1815; x_wconf 87' lang='lat' dir='ltr'><strong>nemo</strong></span> <span class='ocrx_word' id='word_1_221' title='bbox 3489 1769 3552 1815; x_wconf 84' lang='lat' dir='ltr'><strong>est</strong></span> <span class='ocrx_word' id='word_1_222' title='bbox 3569 1764 3704 1828; x_wconf 78' lang='lat' dir='ltr'><strong>quinse</strong></span> 
     </span>
     <span class='ocr_line' id='line_1_28' title="bbox 2214 1863 3309 1934; baseline 0.007 -22"><span class='ocrx_word' id='word_1_223' title='bbox 2214 1876 2414 1928; x_wconf 87' lang='lat' dir='ltr'><strong>qnoque</strong></span> <span class='ocrx_word' id='word_1_224' title='bbox 2435 1863 2648 1916; x_wconf 82' lang='lat' dir='ltr'><strong>fructum</strong></span> <span class='ocrx_word' id='word_1_225' title='bbox 2667 1868 3009 1930; x_wconf 87' lang='lat' dir='ltr'><strong>percepturum</strong></span> <span class='ocrx_word' id='word_1_226' title='bbox 3025 1881 3129 1922; x_wconf 83' lang='lat' dir='ltr'><strong>esse</strong></span> <span class='ocrx_word' id='word_1_227' title='bbox 3151 1873 3309 1934; x_wconf 80' lang='lat' dir='ltr'><strong>putet.</strong></span> 
     </span>
    </p>
   </div>
   <div class='ocr_carea' id='block_1_8' title="bbox 448 1961 3705 2047">
    <p class='ocr_par' dir='ltr' id='par_1_9' title="bbox 448 1961 3705 2047">
     <span class='ocr_line' id='line_1_29' title="bbox 448 1961 3705 2047; baseline 0 -21"><span class='ocrx_word' id='word_1_228' title='bbox 448 1983 550 2034; x_wconf 81' lang='lat'><strong>109</strong></span> <span class='ocrx_word' id='word_1_229' title='bbox 633 1986 729 2028; x_wconf 79' lang='lat'><strong>132.</strong></span> <span class='ocrx_word' id='word_1_230' title='bbox 797 1964 1006 2046; x_wconf 83' lang='grc' dir='ltr'><strong>Σκέψαι</strong></span> <span class='ocrx_word' id='word_1_231' title='bbox 1056 1965 1099 2024; x_wconf 90' lang='grc' dir='ltr'><strong>δ’</strong></span> <span class='ocrx_word' id='word_1_232' title='bbox 1142 1967 1211 2033; x_wconf 81' lang='grc' dir='ltr'><strong>ὡς</strong></span> <span class='ocrx_word' id='word_1_233' title='bbox 1255 1961 1475 2045; x_wconf 81' lang='grc' dir='ltr'><strong>αἰσχρὸν</strong></span> <span class='ocrx_word' id='word_1_234' title='bbox 1516 1973 1765 2047; x_wconf 76' lang='grc' dir='ltr'><strong>περιορᾶν</strong></span> <span class='ocrx_word' id='word_1_235' title='bbox 1804 1963 1901 2038; x_wconf 79' lang='grc' dir='ltr'><strong>τὴν</strong></span> <span class='ocrx_word' id='word_1_236' title='bbox 1953 1963 2131 2027; x_wconf 81' lang='grc' dir='ltr'><strong>Ἀσίαν</strong></span> <span class='ocrx_word' id='word_1_237' title='bbox 2155 1979 2190 2020; x_wconf 84' lang='lat' dir='ltr'><strong>a</strong></span> <span class='ocrx_word' id='word_1_238' title='bbox 2283 1973 2390 2020; x_wconf 81' lang='lat'><strong>132.</strong></span> <span class='ocrx_word' id='word_1_239' title='bbox 2414 1970 2583 2032; x_wconf 80' lang='lat' dir='ltr'><strong>cogita</strong></span> <span class='ocrx_word' id='word_1_240' title='bbox 2614 1984 2790 2035; x_wconf 86' lang='lat' dir='ltr'><strong>porro,</strong></span> <span class='ocrx_word' id='word_1_241' title='bbox 2825 1986 2973 2038; x_wconf 87' lang='lat' dir='ltr'><strong>quam</strong></span> <span class='ocrx_word' id='word_1_242' title='bbox 2995 1976 3141 2040; x_wconf 81' lang='lat' dir='ltr'><strong>turpe</strong></span> <span class='ocrx_word' id='word_1_243' title='bbox 3179 1976 3244 2027; x_wconf 84' lang='lat' dir='ltr'><strong>sit</strong></span> <span class='ocrx_word' id='word_1_244' title='bbox 3267 1977 3548 2028; x_wconf 76' lang='lat' dir='ltr'><strong>committere</strong></span> <span class='ocrx_word' id='word_1_245' title='bbox 3579 1975 3705 2027; x_wconf 74' lang='grc'>11111111</span> 
     </span>
    </p>
   </div>
   <div class='ocr_carea' id='block_1_9' title="bbox 474 2051 2125 2669">
    <p class='ocr_par' dir='ltr' id='par_1_10' title="bbox 474 2051 2125 2669">
     <span class='ocr_line' id='line_1_30' title="bbox 552 2051 2125 2136; baseline -0.001 -23"><span class='ocrx_word' id='word_1_246' title='bbox 552 2053 765 2132; x_wconf 85' lang='grc' dir='ltr'><strong>ἄμεινον</strong></span> <span class='ocrx_word' id='word_1_247' title='bbox 799 2053 1132 2135; x_wconf 81' lang='grc' dir='ltr'><strong>πράττουσαν</strong></span> <span class='ocrx_word' id='word_1_248' title='bbox 1160 2057 1253 2124; x_wconf 70' lang='grc' dir='ltr'><strong>τῆς</strong></span> <span class='ocrx_word' id='word_1_249' title='bbox 1282 2051 1545 2134; x_wconf 81' lang='grc' dir='ltr'><strong>Εὐρώπης</strong></span> <span class='ocrx_word' id='word_1_250' title='bbox 1570 2051 1801 2120; x_wconf 72' lang='grc' dir='ltr'><strong>καὶτοὺς</strong></span> <span class='ocrx_word' id='word_1_251' title='bbox 1828 2053 2125 2136; x_wconf 76' lang='grc' dir='ltr'><strong>βαρὸοίρους</strong></span> 
     </span>
     <span class='ocr_line' id='line_1_31' title="bbox 552 2139 2120 2226; baseline -0.001 -23"><span class='ocrx_word' id='word_1_252' title='bbox 552 2142 940 2226; x_wconf 77' lang='grc' dir='ltr'><strong>εὐπορωτέρους</strong></span> <span class='ocrx_word' id='word_1_253' title='bbox 973 2145 1077 2201; x_wconf 89' lang='grc' dir='ltr'><strong>τῶν</strong></span> <span class='ocrx_word' id='word_1_254' title='bbox 1128 2140 1401 2215; x_wconf 80' lang='grc' dir='ltr'><strong>Ἑλλήνων</strong></span> <span class='ocrx_word' id='word_1_255' title='bbox 1454 2139 1637 2215; x_wconf 78' lang='grc' dir='ltr'><strong>ὄντας,</strong></span> <span class='ocrx_word' id='word_1_256' title='bbox 1679 2141 1756 2201; x_wconf 80' lang='grc' dir='ltr'><strong>ἔτι</strong></span> <span class='ocrx_word' id='word_1_257' title='bbox 1784 2139 1839 2200; x_wconf 80' lang='grc' dir='ltr'><strong>δὲ</strong></span> <span class='ocrx_word' id='word_1_258' title='bbox 1866 2140 1986 2210; x_wconf 73' lang='grc' dir='ltr'><strong>τοὺς</strong></span> <span class='ocrx_word' id='word_1_259' title='bbox 2026 2140 2120 2221; x_wconf 82' lang='grc' dir='ltr'><strong>μὲν</strong></span> 
     </span>
     <span class='ocr_line' id='line_1_32' title="bbox 553 2229 2125 2313; baseline -0.001 -21"><span class='ocrx_word' id='word_1_260' title='bbox 553 2233 659 2292; x_wconf 76' lang='grc' dir='ltr'><strong>ἀπὸ</strong></span> <span class='ocrx_word' id='word_1_261' title='bbox 703 2231 879 2312; x_wconf 84' lang='grc' dir='ltr'><strong>Κύρου</strong></span> <span class='ocrx_word' id='word_1_262' title='bbox 908 2231 1005 2304; x_wconf 83' lang='grc' dir='ltr'><strong>τὴν</strong></span> <span class='ocrx_word' id='word_1_263' title='bbox 1049 2229 1219 2313; x_wconf 76' lang='grc' dir='ltr'><strong>ἀρχὴν</strong></span> <span class='ocrx_word' id='word_1_264' title='bbox 1247 2229 1497 2311; x_wconf 79' lang='grc' dir='ltr'><strong>ἔχοντας,</strong></span> <span class='ocrx_word' id='word_1_265' title='bbox 1525 2229 1581 2290; x_wconf 83' lang='grc' dir='ltr'><strong>ὃν</strong></span> <span class='ocrx_word' id='word_1_266' title='bbox 1624 2235 1661 2302; x_wconf 82' lang='grc' dir='ltr'>ἦ</span> <span class='ocrx_word' id='word_1_267' title='bbox 1710 2229 1886 2312; x_wconf 69' lang='grc' dir='ltr'><strong>μήτηρ</strong></span> <span class='ocrx_word' id='word_1_268' title='bbox 1916 2233 1989 2300; x_wconf 86' lang='grc' dir='ltr'><strong>εἰς</strong></span> <span class='ocrx_word' id='word_1_269' title='bbox 2027 2231 2125 2304; x_wconf 82' lang='grc' dir='ltr'><strong>τὴν</strong></span> 
     </span>
     <span class='ocr_line' id='line_1_33' title="bbox 474 2319 2122 2402; baseline 0.001 -24"><span class='ocrx_word' id='word_1_270' title='bbox 474 2339 527 2379; x_wconf 84' lang='lat'><strong>20</strong></span> <span class='ocrx_word' id='word_1_271' title='bbox 548 2321 664 2382; x_wconf 81' lang='grc' dir='ltr'><strong>ὁδὸν</strong></span> <span class='ocrx_word' id='word_1_272' title='bbox 707 2321 950 2394; x_wconf 75' lang='grc' dir='ltr'><strong>ἐξέὸαλε,</strong></span> <span class='ocrx_word' id='word_1_273' title='bbox 988 2320 1236 2401; x_wconf 84' lang='grc' dir='ltr'><strong>βασιλέας</strong></span> <span class='ocrx_word' id='word_1_274' title='bbox 1264 2319 1523 2397; x_wconf 80' lang='grc' dir='ltr'><strong>μεγάλους</strong></span> <span class='ocrx_word' id='word_1_275' title='bbox 1546 2319 2122 2402; x_wconf 83' lang='grc' dir='ltr'><strong>προσαγορευομένους,</strong></span> 
     </span>
     <span class='ocr_line' id='line_1_34' title="bbox 548 2405 2124 2492; baseline -0.004 -20"><span class='ocrx_word' id='word_1_276' title='bbox 548 2411 667 2479; x_wconf 75' lang='grc' dir='ltr'><strong>τοὺς</strong></span> <span class='ocrx_word' id='word_1_277' title='bbox 696 2411 741 2471; x_wconf 88' lang='grc' dir='ltr'><strong>δ’</strong></span> <span class='ocrx_word' id='word_1_278' title='bbox 766 2411 855 2492; x_wconf 80' lang='grc' dir='ltr'><strong>ἀφ’</strong></span> <span class='ocrx_word' id='word_1_279' title='bbox 892 2407 1217 2489; x_wconf 77' lang='grc' dir='ltr'><strong>Ἡρακλέους</strong></span> <span class='ocrx_word' id='word_1_280' title='bbox 1264 2409 1592 2490; x_wconf 77' lang='grc' dir='ltr'><strong>πεφυκότας,</strong></span> <span class='ocrx_word' id='word_1_281' title='bbox 1618 2407 1674 2467; x_wconf 83' lang='grc' dir='ltr'><strong>ὃν</strong></span> <span class='ocrx_word' id='word_1_282' title='bbox 1698 2413 1727 2468; x_wconf 83' lang='grc' dir='ltr'><strong>ὃ</strong></span> <span class='ocrx_word' id='word_1_283' title='bbox 1753 2408 2006 2487; x_wconf 77' lang='grc' dir='ltr'><strong>γεννήσας</strong></span> <span class='ocrx_word' id='word_1_284' title='bbox 2036 2405 2124 2466; x_wconf 72' lang='grc' dir='ltr'><strong>διὰ</strong></span> 
     </span>
     <span class='ocr_line' id='line_1_35' title="bbox 548 2496 2122 2581; baseline -0.003 -21"><span class='ocrx_word' id='word_1_285' title='bbox 548 2500 643 2572; x_wconf 82' lang='grc' dir='ltr'><strong>τὴν</strong></span> <span class='ocrx_word' id='word_1_286' title='bbox 668 2499 859 2581; x_wconf 79' lang='grc' dir='ltr'><strong>ἀρετὴν</strong></span> <span class='ocrx_word' id='word_1_287' title='bbox 894 2501 966 2566; x_wconf 91' lang='grc' dir='ltr'><strong>εἰς</strong></span> <span class='ocrx_word' id='word_1_288' title='bbox 997 2496 1140 2565; x_wconf 72' lang='grc' dir='ltr'><strong>θεοὺς</strong></span> <span class='ocrx_word' id='word_1_289' title='bbox 1168 2496 1429 2576; x_wconf 80' lang='grc' dir='ltr'><strong>ἀνήγαγε,</strong></span> <span class='ocrx_word' id='word_1_290' title='bbox 1459 2496 1842 2576; x_wconf 82' lang='grc' dir='ltr'><strong>ταπεινοτέροις</strong></span> <span class='ocrx_word' id='word_1_291' title='bbox 1870 2497 2122 2575; x_wconf 80' lang='grc' dir='ltr'><strong>ὀνόμασιν</strong></span> 
     </span>
     <span class='ocr_line' id='line_1_36' title="bbox 549 2577 2122 2669; baseline -0.004 -18"><span class='ocrx_word' id='word_1_292' title='bbox 549 2589 585 2663; x_wconf 78' lang='grc' dir='ltr'>ἢ</span> <span class='ocrx_word' id='word_1_293' title='bbox 612 2590 826 2656; x_wconf 84' lang='grc' dir='ltr'><strong>’κείνους</strong></span> <span class='ocrx_word' id='word_1_294' title='bbox 851 2585 1418 2669; x_wconf 80' lang='grc' dir='ltr'><strong>προσαγορευομένους.</strong></span> <span class='ocrx_word' id='word_1_295' title='bbox 1486 2589 1493 2595; x_wconf 72' lang='grc'><em>’</em></span> <span class='ocrx_word' id='word_1_296' title='bbox 1519 2577 1631 2647; x_wconf 70' lang='grc' dir='ltr'><strong>Ὧν</strong></span> <span class='ocrx_word' id='word_1_297' title='bbox 1650 2587 1796 2646; x_wconf 79' lang='grc' dir='ltr'><strong>οὐδὲν</strong></span> <span class='ocrx_word' id='word_1_298' title='bbox 1827 2586 2004 2648; x_wconf 77' lang='grc' dir='ltr'><strong>ἐατέον</strong></span> <span class='ocrx_word' id='word_1_299' title='bbox 2033 2585 2122 2646; x_wconf 75' lang='grc' dir='ltr'><strong>οὗ·</strong></span> 
     </span>
    </p>
   </div>
   <div class='ocr_carea' id='block_1_10' title="bbox 2210 2083 3741 2636">
    <p class='ocr_par' dir='ltr' id='par_1_11' title="bbox 2210 2083 3741 2636">
     <span class='ocr_line' id='line_1_37' title="bbox 2216 2083 3701 2156; baseline 0.004 -21"><span class='ocrx_word' id='word_1_300' title='bbox 2216 2083 2417 2136; x_wconf 88' lang='lat' dir='ltr'><strong>meliore</strong></span> <span class='ocrx_word' id='word_1_301' title='bbox 2439 2086 2716 2139; x_wconf 85' lang='lat' dir='ltr'><strong>conditione</strong></span> <span class='ocrx_word' id='word_1_302' title='bbox 2739 2087 2806 2140; x_wconf 84' lang='lat' dir='ltr'><strong>sit</strong></span> <span class='ocrx_word' id='word_1_303' title='bbox 2843 2102 2991 2154; x_wconf 86' lang='lat' dir='ltr'><strong>quam</strong></span> <span class='ocrx_word' id='word_1_304' title='bbox 3013 2093 3226 2156; x_wconf 82' lang='lat' dir='ltr'><strong>Europa,</strong></span> <span class='ocrx_word' id='word_1_305' title='bbox 3246 2094 3299 2145; x_wconf 92' lang='lat' dir='ltr'><strong>et</strong></span> <span class='ocrx_word' id='word_1_306' title='bbox 3335 2093 3511 2144; x_wconf 83' lang='lat' dir='ltr'><strong>barbari</strong></span> <span class='ocrx_word' id='word_1_307' title='bbox 3532 2093 3701 2153; x_wconf 71' lang='grc'>1111101111-</span> 
     </span>
     <span class='ocr_line' id='line_1_38' title="bbox 2214 2196 3741 2276; baseline 0.003 -25"><span class='ocrx_word' id='word_1_308' title='bbox 2214 2196 2439 2252; x_wconf 77' lang='lat' dir='ltr'><strong>lentiores</strong></span> <span class='ocrx_word' id='word_1_309' title='bbox 2458 2203 2654 2266; x_wconf 79' lang='lat' dir='ltr'><strong>Groecis,</strong></span> <span class='ocrx_word' id='word_1_310' title='bbox 2677 2209 2726 2254; x_wconf 86' lang='lat' dir='ltr'><strong>et</strong></span> <span class='ocrx_word' id='word_1_311' title='bbox 2749 2203 2784 2254; x_wconf 90' lang='lat' dir='ltr'><strong>ii</strong></span> <span class='ocrx_word' id='word_1_312' title='bbox 2815 2204 2902 2268; x_wconf 80' lang='lat' dir='ltr'><strong>qui</strong></span> <span class='ocrx_word' id='word_1_313' title='bbox 2918 2204 2980 2255; x_wconf 83' lang='lat' dir='ltr'><strong>ad</strong></span> <span class='ocrx_word' id='word_1_314' title='bbox 3003 2206 3187 2269; x_wconf 82' lang='lat' dir='ltr'><strong>cyrum</strong></span> <span class='ocrx_word' id='word_1_315' title='bbox 3210 2219 3366 2270; x_wconf 81' lang='lat' dir='ltr'><strong>genus</strong></span> <span class='ocrx_word' id='word_1_316' title='bbox 3383 2205 3590 2268; x_wconf 73' lang='lat' dir='ltr'><strong>referunt,</strong></span> <span class='ocrx_word' id='word_1_317' title='bbox 3606 2217 3702 2267; x_wconf 77' lang='lat' dir='ltr'><strong>quen</strong></span> <span class='ocrx_word' id='word_1_318' title='bbox 3740 2271 3741 2276; x_wconf 7' lang='grc' dir='ltr'>ἵ</span> 
     </span>
     <span class='ocr_line' id='line_1_39' title="bbox 2213 2301 3741 2387; baseline 0 -18"><span class='ocrx_word' id='word_1_319' title='bbox 2213 2323 2366 2369; x_wconf 85' lang='lat' dir='ltr'><strong>mater</strong></span> <span class='ocrx_word' id='word_1_320' title='bbox 2389 2317 2439 2370; x_wconf 93' lang='grc'><strong>111</strong></span> <span class='ocrx_word' id='word_1_321' title='bbox 2462 2320 2591 2370; x_wconf 80' lang='lat' dir='ltr'><strong>viam</strong></span> <span class='ocrx_word' id='word_1_322' title='bbox 2615 2319 2818 2385; x_wconf 76' lang='lat' dir='ltr'><strong>abiecit,</strong></span> <span class='ocrx_word' id='word_1_323' title='bbox 2837 2322 3194 2386; x_wconf 85' lang='lat' dir='ltr'><strong>amplissimum</strong></span> <span class='ocrx_word' id='word_1_324' title='bbox 3218 2322 3472 2387; x_wconf 83' lang='lat' dir='ltr'><strong>imperinm</strong></span> <span class='ocrx_word' id='word_1_325' title='bbox 3487 2321 3652 2372; x_wconf 75' lang='lat' dir='ltr'><strong>habeant</strong></span> <span class='ocrx_word' id='word_1_326' title='bbox 3666 2333 3702 2368; x_wconf 78' lang='grc'><strong>11</strong></span> <span class='ocrx_word' id='word_1_327' title='bbox 3740 2301 3741 2352; x_wconf 77' lang='grc' dir='ltr'>Ῑ</span> 
     </span>
     <span class='ocr_line' id='line_1_40' title="bbox 2212 2436 3741 2504; baseline 0.007 -19"><span class='ocrx_word' id='word_1_328' title='bbox 2212 2449 2348 2499; x_wconf 83' lang='lat' dir='ltr'><strong>reges</strong></span> <span class='ocrx_word' id='word_1_329' title='bbox 2368 2436 2528 2500; x_wconf 82' lang='lat' dir='ltr'><strong>magni</strong></span> <span class='ocrx_word' id='word_1_330' title='bbox 2551 2436 2868 2502; x_wconf 81' lang='lat' dir='ltr'><strong>appellentur,</strong></span> <span class='ocrx_word' id='word_1_331' title='bbox 2890 2437 3110 2490; x_wconf 82' lang='lat' dir='ltr'><strong>Herculis</strong></span> <span class='ocrx_word' id='word_1_332' title='bbox 3124 2441 3292 2490; x_wconf 83' lang='lat' dir='ltr'><strong>autem</strong></span> <span class='ocrx_word' id='word_1_333' title='bbox 3311 2439 3496 2504; x_wconf 80' lang='lat' dir='ltr'><strong>posteri,</strong></span> <span class='ocrx_word' id='word_1_334' title='bbox 3515 2449 3628 2502; x_wconf 84' lang='lat' dir='ltr'><strong>quem</strong></span> <span class='ocrx_word' id='word_1_335' title='bbox 3649 2448 3700 2499; x_wconf 65' lang='grc'>111·</span> <span class='ocrx_word' id='word_1_336' title='bbox 3740 2445 3741 2496; x_wconf 83' lang='grc' dir='ltr'><strong>Ῑ</strong></span> 
     </span>
     <span class='ocr_line' id='line_1_41' title="bbox 2210 2551 3741 2636; baseline -0.002 -32"><span class='ocrx_word' id='word_1_337' title='bbox 2210 2555 2286 2604; x_wconf 84' lang='lat' dir='ltr'><strong>ter</strong></span> <span class='ocrx_word' id='word_1_338' title='bbox 2301 2552 2366 2603; x_wconf 86' lang='lat' dir='ltr'><strong>ob</strong></span> <span class='ocrx_word' id='word_1_339' title='bbox 2385 2554 2616 2605; x_wconf 79' lang='lat' dir='ltr'><strong>virtutem</strong></span> <span class='ocrx_word' id='word_1_340' title='bbox 2649 2555 2774 2605; x_wconf 82' lang='lat' dir='ltr'><strong>inter</strong></span> <span class='ocrx_word' id='word_1_341' title='bbox 2793 2553 2914 2606; x_wconf 82' lang='lat' dir='ltr'><strong>deos</strong></span> <span class='ocrx_word' id='word_1_342' title='bbox 2933 2555 3123 2617; x_wconf 84' lang='lat' dir='ltr'><strong>retulit,</strong></span> <span class='ocrx_word' id='word_1_343' title='bbox 3147 2555 3480 2607; x_wconf 77' lang='lat' dir='ltr'><strong>humilioribus</strong></span> <span class='ocrx_word' id='word_1_344' title='bbox 3497 2551 3699 2604; x_wconf 79' lang='lat' dir='ltr'><strong>nominibus</strong></span> <span class='ocrx_word' id='word_1_345' title='bbox 3740 2595 3741 2636; x_wconf 70' lang='lat'><em>3</em></span> 
     </span>
    </p>
   </div>
   <div class='ocr_carea' id='block_1_11' title="bbox 547 2657 3741 2760">
    <p class='ocr_par' dir='ltr' id='par_1_12' title="bbox 547 2657 3741 2760">
     <span class='ocr_line' id='line_1_42' title="bbox 547 2657 3741 2760; baseline -0.004 -20"><span class='ocrx_word' id='word_1_346' title='bbox 547 2705 649 2748; x_wconf 90' lang='grc' dir='ltr'><strong>τως</strong></span> <span class='ocrx_word' id='word_1_347' title='bbox 669 2683 825 2760; x_wconf 80' lang='grc' dir='ltr'><strong>ἔχειν,</strong></span> <span class='ocrx_word' id='word_1_348' title='bbox 850 2679 968 2737; x_wconf 80' lang='grc' dir='ltr'><strong>ἀλλ’</strong></span> <span class='ocrx_word' id='word_1_349' title='bbox 994 2674 1377 2758; x_wconf 82' lang='grc' dir='ltr'><strong>ἀναστρεπτέον</strong></span> <span class='ocrx_word' id='word_1_350' title='bbox 1406 2674 1497 2736; x_wconf 76' lang='grc' dir='ltr'><strong>καὶ</strong></span> <span class='ocrx_word' id='word_1_351' title='bbox 1527 2675 1881 2755; x_wconf 84' lang='grc' dir='ltr'><strong>μεταστατέον</strong></span> <span class='ocrx_word' id='word_1_352' title='bbox 1911 2675 2123 2737; x_wconf 77' lang='grc' dir='ltr'><strong>ἅπαντα</strong></span> <span class='ocrx_word' id='word_1_353' title='bbox 2141 2668 2188 2734; x_wconf 88' lang='lat' dir='ltr'>b</span> <span class='ocrx_word' id='word_1_354' title='bbox 2211 2660 2501 2711; x_wconf 48' lang='lat' dir='ltr'><strong>mmmmm·</strong></span> <span class='ocrx_word' id='word_1_355' title='bbox 2564 2659 2715 2724; x_wconf 58' lang='lat' dir='ltr'><strong>Atqui</strong></span> <span class='ocrx_word' id='word_1_356' title='bbox 2746 2659 2922 2711; x_wconf 72' lang='lat' dir='ltr'><strong>¹¹⁰¹&#39;um</strong></span> <span class='ocrx_word' id='word_1_357' title='bbox 2945 2660 3072 2711; x_wconf 50' lang='lat' dir='ltr'><strong>&#39;¹²³¹&#39;ss</strong></span> <span class='ocrx_word' id='word_1_358' title='bbox 3095 2663 3164 2712; x_wconf 61' lang='grc' dir='ltr'><strong>ἥδ</strong></span> <span class='ocrx_word' id='word_1_359' title='bbox 3191 2662 3537 2728; x_wconf 59' lang='lat' dir='ltr'><strong>relinquendum</strong></span> <span class='ocrx_word' id='word_1_360' title='bbox 3553 2657 3698 2724; x_wconf 53' lang='lat'><strong>&amp;¹22⁰</strong></span> <span class='ocrx_word' id='word_1_361' title='bbox 3740 2715 3741 2750; x_wconf 25' lang='grc' dir='ltr'><strong>γ</strong></span> 
     </span>
    </p>
   </div>
   <div class='ocr_carea' id='block_1_12' title="bbox 463 2768 2118 2937">
    <p class='ocr_par' dir='ltr' id='par_1_13' title="bbox 463 2768 2118 2937">
     <span class='ocr_line' id='line_1_43' title="bbox 463 2768 879 2834; baseline -0.012 0"><span class='ocrx_word' id='word_1_362' title='bbox 463 2795 517 2834; x_wconf 76' lang='lat'><strong>25</strong></span> <span class='ocrx_word' id='word_1_363' title='bbox 545 2774 694 2830; x_wconf 86' lang='grc' dir='ltr'><strong>ταῦτ’</strong></span> <span class='ocrx_word' id='word_1_364' title='bbox 718 2768 879 2829; x_wconf 88' lang='grc' dir='ltr'><strong>ἐστίν.</strong></span> 
     </span>
     <span class='ocr_line' id='line_1_44' title="bbox 628 2848 2118 2937; baseline -0.003 -16"><span class='ocrx_word' id='word_1_365' title='bbox 628 2880 726 2921; x_wconf 86' lang='grc'>133.</span> <span class='ocrx_word' id='word_1_366' title='bbox 772 2848 853 2920; x_wconf 74' lang='grc' dir='ltr'><strong>Εῧ</strong></span> <span class='ocrx_word' id='word_1_367' title='bbox 881 2858 925 2916; x_wconf 84' lang='grc' dir='ltr'><strong>δ’</strong></span> <span class='ocrx_word' id='word_1_368' title='bbox 954 2854 1061 2916; x_wconf 76' lang='grc' dir='ltr'><strong>ἴσθι</strong></span> <span class='ocrx_word' id='word_1_369' title='bbox 1090 2853 1253 2933; x_wconf 83' lang='grc' dir='ltr'><strong>μηδὲν</strong></span> <span class='ocrx_word' id='word_1_370' title='bbox 1282 2854 1343 2915; x_wconf 81' lang='grc' dir='ltr'><strong>ἄν</strong></span> <span class='ocrx_word' id='word_1_371' title='bbox 1375 2879 1441 2934; x_wconf 86' lang='grc' dir='ltr'><strong>με</strong></span> <span class='ocrx_word' id='word_1_372' title='bbox 1476 2853 1674 2917; x_wconf 85' lang='grc' dir='ltr'><strong>τούτων</strong></span> <span class='ocrx_word' id='word_1_373' title='bbox 1704 2854 2118 2937; x_wconf 82' lang='grc' dir='ltr'><strong>ἐπιχειρήσαντά</strong></span> 
     </span>
    </p>
   </div>
   <div class='ocr_carea' id='block_1_13' title="bbox 461 2945 2122 3474">
    <p class='ocr_par' dir='ltr' id='par_1_14' title="bbox 461 2945 2122 3474">
     <span class='ocr_line' id='line_1_45' title="bbox 547 2945 2122 3029; baseline -0.003 -18"><span class='ocrx_word' id='word_1_374' title='bbox 547 2975 605 3011; x_wconf 93' lang='grc' dir='ltr'><strong>σε</strong></span> <span class='ocrx_word' id='word_1_375' title='bbox 637 2949 853 3027; x_wconf 83' lang='grc' dir='ltr'><strong>πείθειν,</strong></span> <span class='ocrx_word' id='word_1_376' title='bbox 884 2949 929 3006; x_wconf 87' lang='grc' dir='ltr'><strong>εἰ</strong></span> <span class='ocrx_word' id='word_1_377' title='bbox 957 2945 1265 3007; x_wconf 86' lang='grc' dir='ltr'><strong>δυναστείαν</strong></span> <span class='ocrx_word' id='word_1_378' title='bbox 1293 2945 1449 3024; x_wconf 90' lang='grc' dir='ltr'><strong>μόνον</strong></span> <span class='ocrx_word' id='word_1_379' title='bbox 1483 2945 1575 3006; x_wconf 79' lang='grc' dir='ltr'><strong>καὶ</strong></span> <span class='ocrx_word' id='word_1_380' title='bbox 1603 2948 1827 3006; x_wconf 90' lang='grc' dir='ltr'><strong>πλοῦτον</strong></span> <span class='ocrx_word' id='word_1_381' title='bbox 1861 2946 2040 3029; x_wconf 78' lang='grc' dir='ltr'><strong>ἐώρων</strong></span> <span class='ocrx_word' id='word_1_382' title='bbox 2068 2945 2122 3018; x_wconf 78' lang='grc' dir='ltr'><strong>ἐξ</strong></span> 
     </span>
     <span class='ocr_line' id='line_1_46' title="bbox 546 3034 2120 3119; baseline -0.004 -18"><span class='ocrx_word' id='word_1_383' title='bbox 546 3043 717 3101; x_wconf 78' lang='grc' dir='ltr'><strong>αὐτῶν</strong></span> <span class='ocrx_word' id='word_1_384' title='bbox 755 3036 1119 3118; x_wconf 86' lang='grc' dir='ltr'><strong>γενησόμενον·</strong></span> <span class='ocrx_word' id='word_1_385' title='bbox 1160 3041 1389 3116; x_wconf 75' lang='grc' dir='ltr'><strong>ἡγοῦμαι</strong></span> <span class='ocrx_word' id='word_1_386' title='bbox 1430 3035 1533 3119; x_wconf 77' lang='grc' dir='ltr'><strong>γὰρ</strong></span> <span class='ocrx_word' id='word_1_387' title='bbox 1562 3035 1629 3096; x_wconf 76' lang='grc' dir='ltr'><strong>τά</strong></span> <span class='ocrx_word' id='word_1_388' title='bbox 1665 3060 1725 3116; x_wconf 89' lang='grc' dir='ltr'><strong>γε</strong></span> <span class='ocrx_word' id='word_1_389' title='bbox 1764 3041 1984 3097; x_wconf 87' lang='grc' dir='ltr'><strong>τοιαῦτα</strong></span> <span class='ocrx_word' id='word_1_390' title='bbox 2028 3034 2120 3096; x_wconf 75' lang='grc' dir='ltr'><strong>καὶ</strong></span> 
     </span>
     <span class='ocr_line' id='line_1_47' title="bbox 543 3125 2114 3209; baseline -0.002 -18"><span class='ocrx_word' id='word_1_391' title='bbox 543 3136 632 3191; x_wconf 88' lang='grc' dir='ltr'><strong>νῦν</strong></span> <span class='ocrx_word' id='word_1_392' title='bbox 658 3153 739 3190; x_wconf 88' lang='grc' dir='ltr'><strong>σοι</strong></span> <span class='ocrx_word' id='word_1_393' title='bbox 766 3128 932 3188; x_wconf 83' lang='grc' dir='ltr'><strong>πλείω</strong></span> <span class='ocrx_word' id='word_1_394' title='bbox 958 3131 1063 3187; x_wconf 85' lang='grc' dir='ltr'><strong>τῶν</strong></span> <span class='ocrx_word' id='word_1_395' title='bbox 1091 3129 1285 3186; x_wconf 75' lang='grc' dir='ltr'><strong>ἱκανῶν</strong></span> <span class='ocrx_word' id='word_1_396' title='bbox 1308 3125 1567 3209; x_wconf 74' lang='grc' dir='ltr'><strong>ὑπάρχειν</strong></span> <span class='ocrx_word' id='word_1_397' title='bbox 1589 3126 1681 3186; x_wconf 85' lang='grc' dir='ltr'><strong>καὶ</strong></span> <span class='ocrx_word' id='word_1_398' title='bbox 1708 3125 1910 3198; x_wconf 74' lang='grc' dir='ltr'><strong>πολλὴν</strong></span> <span class='ocrx_word' id='word_1_399' title='bbox 1942 3127 2114 3200; x_wconf 79' lang='grc' dir='ltr'><strong>ἀπλη·</strong></span> 
     </span>
     <span class='ocr_line' id='line_1_48' title="bbox 461 3213 2118 3299; baseline -0.001 -19"><span class='ocrx_word' id='word_1_400' title='bbox 461 3245 515 3285; x_wconf 82' lang='lat'><strong>:30</strong></span> <span class='ocrx_word' id='word_1_401' title='bbox 544 3221 692 3280; x_wconf 88' lang='grc' dir='ltr'><strong>στίαν</strong></span> <span class='ocrx_word' id='word_1_402' title='bbox 730 3218 867 3299; x_wconf 66' lang='grc' dir='ltr'><strong>ἔχειν</strong></span> <span class='ocrx_word' id='word_1_403' title='bbox 905 3216 1046 3283; x_wconf 83' lang='grc' dir='ltr'><strong>ὅστις</strong></span> <span class='ocrx_word' id='word_1_404' title='bbox 1070 3224 1398 3296; x_wconf 84' lang='grc' dir='ltr'><strong>προαιρεῖται</strong></span> <span class='ocrx_word' id='word_1_405' title='bbox 1426 3215 1737 3276; x_wconf 86' lang='grc' dir='ltr'><strong>κινδυνεύειν</strong></span> <span class='ocrx_word' id='word_1_406' title='bbox 1757 3213 2118 3291; x_wconf 79' lang='grc' dir='ltr'><strong>ὥστ’ἢταῦτα</strong></span> 
     </span>
     <span class='ocr_line' id='line_1_49' title="bbox 544 3305 2120 3389; baseline -0.003 -20"><span class='ocrx_word' id='word_1_407' title='bbox 544 3308 725 3369; x_wconf 76' lang='grc' dir='ltr'><strong>λαὸεῗν</strong></span> <span class='ocrx_word' id='word_1_408' title='bbox 746 3306 781 3379; x_wconf 84' lang='grc' dir='ltr'>ἢ</span> <span class='ocrx_word' id='word_1_409' title='bbox 802 3309 1115 3388; x_wconf 75' lang='grc' dir='ltr'><strong>στερηθῆναι</strong></span> <span class='ocrx_word' id='word_1_410' title='bbox 1131 3310 1225 3376; x_wconf 74' lang='grc' dir='ltr'><strong>τῆς</strong></span> <span class='ocrx_word' id='word_1_411' title='bbox 1246 3308 1435 3386; x_wconf 71' lang='grc' dir='ltr'><strong>ψυχῆς.</strong></span> <span class='ocrx_word' id='word_1_412' title='bbox 1472 3307 1585 3381; x_wconf 78' lang='grc'>(134)</span> <span class='ocrx_word' id='word_1_413' title='bbox 1604 3305 1764 3366; x_wconf 79' lang='grc' dir='ltr'><strong>Ἀλλὰ</strong></span> <span class='ocrx_word' id='word_1_414' title='bbox 1786 3305 1889 3388; x_wconf 76' lang='grc' dir='ltr'><strong>γὰρ</strong></span> <span class='ocrx_word' id='word_1_415' title='bbox 1910 3309 1968 3366; x_wconf 80' lang='grc' dir='ltr'><strong>οὗ</strong></span> <span class='ocrx_word' id='word_1_416' title='bbox 1991 3306 2120 3389; x_wconf 83' lang='grc' dir='ltr'><strong>πρὸς</strong></span> 
     </span>
     <span class='ocr_line' id='line_1_50' title="bbox 541 3393 2112 3474; baseline 0 -18"><span class='ocrx_word' id='word_1_417' title='bbox 541 3397 637 3466; x_wconf 78' lang='grc' dir='ltr'><strong>τὰς</strong></span> <span class='ocrx_word' id='word_1_418' title='bbox 664 3396 861 3458; x_wconf 90' lang='grc' dir='ltr'><strong>τούτων</strong></span> <span class='ocrx_word' id='word_1_419' title='bbox 888 3395 1101 3468; x_wconf 79' lang='grc' dir='ltr'><strong>κτήσεις</strong></span> <span class='ocrx_word' id='word_1_420' title='bbox 1126 3393 1433 3472; x_wconf 64' lang='grc' dir='ltr'><strong>ἀποθλίψας</strong></span> <span class='ocrx_word' id='word_1_421' title='bbox 1466 3401 1718 3474; x_wconf 77' lang='grc' dir='ltr'><strong>ποιοῦμαι</strong></span> <span class='ocrx_word' id='word_1_422' title='bbox 1752 3395 1871 3464; x_wconf 75' lang='grc' dir='ltr'><strong>τοὺς</strong></span> <span class='ocrx_word' id='word_1_423' title='bbox 1898 3395 2112 3474; x_wconf 80' lang='grc' dir='ltr'><strong>λόγους,</strong></span> 
     </span>
    </p>
   </div>
   <div class='ocr_carea' id='block_1_14' title="bbox 2211 2765 3386 2824">
    <p class='ocr_par' dir='ltr' id='par_1_15' title="bbox 2211 2765 3386 2824">
     <span class='ocr_line' id='line_1_51' title="bbox 2211 2765 3386 2824; baseline 0.003 -5"><span class='ocrx_word' id='word_1_424' title='bbox 2211 2766 2318 2819; x_wconf 82' lang='lat' dir='ltr'><strong>haec</strong></span> <span class='ocrx_word' id='word_1_425' title='bbox 2337 2765 2498 2817; x_wconf 78' lang='lat' dir='ltr'><strong>omnia</strong></span> <span class='ocrx_word' id='word_1_426' title='bbox 2515 2765 2796 2817; x_wconf 79' lang='lat' dir='ltr'><strong>invertenda</strong></span> <span class='ocrx_word' id='word_1_427' title='bbox 2813 2771 2863 2816; x_wconf 86' lang='grc'><strong>01</strong></span> <span class='ocrx_word' id='word_1_428' title='bbox 2880 2765 3235 2822; x_wconf 76' lang='lat' dir='ltr'><strong>commovenda</strong></span> <span class='ocrx_word' id='word_1_429' title='bbox 3253 2777 3386 2824; x_wconf 86' lang='lat' dir='ltr'><strong>sunt.</strong></span> 
     </span>
    </p>
   </div>
   <div class='ocr_carea' id='block_1_15' title="bbox 2205 2871 3741 3460">
    <p class='ocr_par' dir='ltr' id='par_1_16' title="bbox 2205 2871 3741 3460">
     <span class='ocr_line' id='line_1_52' title="bbox 2282 2871 3741 2938; baseline 0.001 -15"><span class='ocrx_word' id='word_1_430' title='bbox 2282 2877 2387 2923; x_wconf 85' lang='grc'>133.</span> <span class='ocrx_word' id='word_1_431' title='bbox 2425 2873 2634 2923; x_wconf 89' lang='grc'>0111111110</span> <span class='ocrx_word' id='word_1_432' title='bbox 2660 2876 2822 2927; x_wconf 80' lang='lat' dir='ltr'><strong>autem</strong></span> <span class='ocrx_word' id='word_1_433' title='bbox 2845 2877 3058 2928; x_wconf 75' lang='lat' dir='ltr'><strong>statuere</strong></span> <span class='ocrx_word' id='word_1_434' title='bbox 3081 2876 3238 2928; x_wconf 78' lang='lat' dir='ltr'><strong>debes</strong></span> <span class='ocrx_word' id='word_1_435' title='bbox 3266 2892 3346 2930; x_wconf 91' lang='lat' dir='ltr'><strong>me</strong></span> <span class='ocrx_word' id='word_1_436' title='bbox 3361 2877 3474 2928; x_wconf 83' lang='lat' dir='ltr'><strong>nihil</strong></span> <span class='ocrx_word' id='word_1_437' title='bbox 3494 2871 3700 2938; x_wconf 74' lang='lat' dir='ltr'><strong>hujusmodi</strong></span> <span class='ocrx_word' id='word_1_438' title='bbox 3740 2915 3741 2918; x_wconf 59' lang='grc'><strong>,</strong></span> 
     </span>
     <span class='ocr_line' id='line_1_53' title="bbox 2209 2971 3741 3050; baseline 0 -26"><span class='ocrx_word' id='word_1_439' title='bbox 2209 2974 2298 3024; x_wconf 84' lang='lat' dir='ltr'><strong>tibi</strong></span> <span class='ocrx_word' id='word_1_440' title='bbox 2326 2985 2586 3027; x_wconf 81' lang='lat' dir='ltr'><strong>suasurum</strong></span> <span class='ocrx_word' id='word_1_441' title='bbox 2607 2975 2784 3039; x_wconf 76' lang='lat' dir='ltr'><strong>fuisse,</strong></span> <span class='ocrx_word' id='word_1_442' title='bbox 2819 2976 2862 3027; x_wconf 87' lang='lat' dir='ltr'><strong>si</strong></span> <span class='ocrx_word' id='word_1_443' title='bbox 2885 2975 3142 3041; x_wconf 85' lang='lat' dir='ltr'><strong>imperium</strong></span> <span class='ocrx_word' id='word_1_444' title='bbox 3163 2979 3359 3032; x_wconf 82' lang='lat' dir='ltr'><strong>tantum</strong></span> <span class='ocrx_word' id='word_1_445' title='bbox 3385 2980 3433 3029; x_wconf 86' lang='lat' dir='ltr'><strong>et</strong></span> <span class='ocrx_word' id='word_1_446' title='bbox 3451 2976 3612 3027; x_wconf 78' lang='lat' dir='ltr'><strong>divitias</strong></span> <span class='ocrx_word' id='word_1_447' title='bbox 3627 2971 3700 3024; x_wconf 64' lang='lat' dir='ltr'><strong>inte</strong></span> <span class='ocrx_word' id='word_1_448' title='bbox 3740 2981 3741 3050; x_wconf 63' lang='lat' dir='ltr'><strong>f</strong></span> 
     </span>
     <span class='ocr_line' id='line_1_54' title="bbox 2209 3081 3741 3160; baseline -0.001 -26"><span class='ocrx_word' id='word_1_449' title='bbox 2209 3081 2438 3136; x_wconf 83' lang='lat' dir='ltr'><strong>vidissem</strong></span> <span class='ocrx_word' id='word_1_450' title='bbox 2471 3085 2722 3149; x_wconf 83' lang='lat' dir='ltr'><strong>parandas.</strong></span> <span class='ocrx_word' id='word_1_451' title='bbox 2790 3085 3011 3136; x_wconf 81' lang='lat' dir='ltr'><strong>Arbitror</strong></span> <span class='ocrx_word' id='word_1_452' title='bbox 3031 3087 3158 3137; x_wconf 89' lang='lat' dir='ltr'><strong>enim</strong></span> <span class='ocrx_word' id='word_1_453' title='bbox 3185 3091 3240 3139; x_wconf 81' lang='lat' dir='ltr'><strong>te</strong></span> <span class='ocrx_word' id='word_1_454' title='bbox 3269 3088 3369 3153; x_wconf 78' lang='lat' dir='ltr'><strong>jam</strong></span> <span class='ocrx_word' id='word_1_455' title='bbox 3396 3101 3515 3138; x_wconf 85' lang='lat' dir='ltr'><strong>nunc</strong></span> <span class='ocrx_word' id='word_1_456' title='bbox 3539 3081 3698 3136; x_wconf 65' lang='lat' dir='ltr'><strong>ommim</strong></span> <span class='ocrx_word' id='word_1_457' title='bbox 3740 3093 3741 3160; x_wconf 53' lang='lat' dir='ltr'>J</span> 
     </span>
     <span class='ocr_line' id='line_1_55' title="bbox 2207 3184 3741 3260; baseline -0.003 -23"><span class='ocrx_word' id='word_1_458' title='bbox 2207 3187 2362 3250; x_wconf 90' lang='lat' dir='ltr'><strong>copiis</strong></span> <span class='ocrx_word' id='word_1_459' title='bbox 2375 3187 2543 3237; x_wconf 82' lang='lat' dir='ltr'><strong>harum</strong></span> <span class='ocrx_word' id='word_1_460' title='bbox 2562 3199 2722 3236; x_wconf 88' lang='lat' dir='ltr'><strong>rerum</strong></span> <span class='ocrx_word' id='word_1_461' title='bbox 2749 3184 2861 3250; x_wconf 83' lang='lat' dir='ltr'><strong>plus</strong></span> <span class='ocrx_word' id='word_1_462' title='bbox 2875 3199 3022 3250; x_wconf 88' lang='lat' dir='ltr'><strong>quam</strong></span> <span class='ocrx_word' id='word_1_463' title='bbox 3042 3186 3162 3238; x_wconf 83' lang='lat' dir='ltr'><strong>satis</strong></span> <span class='ocrx_word' id='word_1_464' title='bbox 3179 3192 3263 3238; x_wconf 78' lang='lat' dir='ltr'><strong>est</strong></span> <span class='ocrx_word' id='word_1_465' title='bbox 3284 3185 3697 3247; x_wconf 58' lang='grc' dir='ltr'>0111111ωο000,ωο-</span> <span class='ocrx_word' id='word_1_466' title='bbox 3740 3185 3741 3260; x_wconf 59' lang='lat' dir='ltr'>J</span> 
     </span>
     <span class='ocr_line' id='line_1_56' title="bbox 2207 3271 3741 3350; baseline 0 -16"><span class='ocrx_word' id='word_1_467' title='bbox 2207 3297 2302 3348; x_wconf 88' lang='lat' dir='ltr'><strong>que</strong></span> <span class='ocrx_word' id='word_1_468' title='bbox 2322 3297 2522 3348; x_wconf 84' lang='lat' dir='ltr'><strong>prorsus</strong></span> <span class='ocrx_word' id='word_1_469' title='bbox 2553 3283 2892 3348; x_wconf 74' lang='lat' dir='ltr'><strong>inexplebilem</strong></span> <span class='ocrx_word' id='word_1_470' title='bbox 2916 3297 3053 3347; x_wconf 85' lang='lat' dir='ltr'><strong>esse,</strong></span> <span class='ocrx_word' id='word_1_471' title='bbox 3087 3285 3170 3348; x_wconf 88' lang='lat' dir='ltr'><strong>qui</strong></span> <span class='ocrx_word' id='word_1_472' title='bbox 3193 3285 3364 3336; x_wconf 86' lang='lat' dir='ltr'><strong>subire</strong></span> <span class='ocrx_word' id='word_1_473' title='bbox 3393 3282 3618 3350; x_wconf 84' lang='lat' dir='ltr'><strong>periculum</strong></span> <span class='ocrx_word' id='word_1_474' title='bbox 3637 3289 3697 3327; x_wconf 74' lang='grc'>1101</span> <span class='ocrx_word' id='word_1_475' title='bbox 3740 3271 3741 3334; x_wconf 65' lang='grc' dir='ltr'>ζ</span> 
     </span>
     <span class='ocr_line' id='line_1_57' title="bbox 2205 3379 3741 3460; baseline -0.003 -27"><span class='ocrx_word' id='word_1_476' title='bbox 2205 3386 2422 3446; x_wconf 86' lang='lat' dir='ltr'><strong>recuset,</strong></span> <span class='ocrx_word' id='word_1_477' title='bbox 2444 3397 2541 3447; x_wconf 85' lang='lat' dir='ltr'><strong>quo</strong></span> <span class='ocrx_word' id='word_1_478' title='bbox 2559 3387 2643 3432; x_wconf 86' lang='lat' dir='ltr'><strong>aut</strong></span> <span class='ocrx_word' id='word_1_479' title='bbox 2665 3381 2726 3433; x_wconf 86' lang='lat' dir='ltr'><strong>iis</strong></span> <span class='ocrx_word' id='word_1_480' title='bbox 2756 3382 2970 3446; x_wconf 77' lang='lat' dir='ltr'><strong>potiatur</strong></span> <span class='ocrx_word' id='word_1_481' title='bbox 2990 3387 3073 3432; x_wconf 83' lang='lat' dir='ltr'><strong>ant</strong></span> <span class='ocrx_word' id='word_1_482' title='bbox 3096 3382 3198 3432; x_wconf 77' lang='lat' dir='ltr'><strong>vita</strong></span> <span class='ocrx_word' id='word_1_483' title='bbox 3217 3382 3450 3448; x_wconf 82' lang='lat' dir='ltr'><strong>privetur.</strong></span> <span class='ocrx_word' id='word_1_484' title='bbox 3511 3379 3613 3444; x_wconf 74' lang='grc'>(134)</span> <span class='ocrx_word' id='word_1_485' title='bbox 3631 3379 3695 3436; x_wconf 73' lang='lat' dir='ltr'><strong>Ego</strong></span> <span class='ocrx_word' id='word_1_486' title='bbox 3740 3391 3741 3460; x_wconf 23' lang='grc' dir='ltr'>ζ</span> 
     </span>
    </p>
   </div>
   <div class='ocr_carea' id='block_1_16' title="bbox 544 3479 3741 3565">
    <p class='ocr_par' dir='ltr' id='par_1_17' title="bbox 544 3479 3741 3565">
     <span class='ocr_line' id='line_1_58' title="bbox 544 3479 3741 3565; baseline -0.004 -21"><span class='ocrx_word' id='word_1_487' title='bbox 544 3486 660 3547; x_wconf 80' lang='grc' dir='ltr'><strong>ἀλλ’</strong></span> <span class='ocrx_word' id='word_1_488' title='bbox 721 3486 950 3562; x_wconf 83' lang='grc' dir='ltr'><strong>οἰόμενος</strong></span> <span class='ocrx_word' id='word_1_489' title='bbox 1000 3486 1060 3543; x_wconf 87' lang='grc' dir='ltr'><strong>ἐκ</strong></span> <span class='ocrx_word' id='word_1_490' title='bbox 1108 3481 1304 3543; x_wconf 88' lang='grc' dir='ltr'><strong>τούτων</strong></span> <span class='ocrx_word' id='word_1_491' title='bbox 1368 3483 1621 3565; x_wconf 70' lang='grc' dir='ltr'><strong>μεγίστην</strong></span> <span class='ocrx_word' id='word_1_492' title='bbox 1670 3508 1753 3544; x_wconf 74' lang='grc' dir='ltr'><strong>σοι</strong></span> <span class='ocrx_word' id='word_1_493' title='bbox 1794 3484 1886 3545; x_wconf 69' lang='grc' dir='ltr'><strong>καὶ</strong></span> <span class='ocrx_word' id='word_1_494' title='bbox 1932 3484 2120 3545; x_wconf 64' lang='lat' dir='ltr'><strong>mm-</strong></span> <span class='ocrx_word' id='word_1_495' title='bbox 2141 3501 2177 3542; x_wconf 75' lang='grc' dir='ltr'><strong>ο</strong></span> <span class='ocrx_word' id='word_1_496' title='bbox 2201 3495 2316 3534; x_wconf 80' lang='lat' dir='ltr'><strong>vero</strong></span> <span class='ocrx_word' id='word_1_497' title='bbox 2339 3495 2437 3532; x_wconf 89' lang='lat' dir='ltr'><strong>non</strong></span> <span class='ocrx_word' id='word_1_498' title='bbox 2470 3481 2542 3531; x_wconf 86' lang='lat' dir='ltr'><strong>ita</strong></span> <span class='ocrx_word' id='word_1_499' title='bbox 2577 3480 2683 3531; x_wconf 77' lang='lat' dir='ltr'><strong>haec</strong></span> <span class='ocrx_word' id='word_1_500' title='bbox 2714 3479 2852 3542; x_wconf 85' lang='lat' dir='ltr'><strong>dico,</strong></span> <span class='ocrx_word' id='word_1_501' title='bbox 2885 3484 2941 3530; x_wconf 88' lang='grc'><strong>111</strong></span> <span class='ocrx_word' id='word_1_502' title='bbox 2968 3480 3305 3544; x_wconf 81' lang='lat' dir='ltr'><strong>possessiones</strong></span> <span class='ocrx_word' id='word_1_503' title='bbox 3333 3491 3490 3530; x_wconf 85' lang='lat' dir='ltr'><strong>eorum</strong></span> <span class='ocrx_word' id='word_1_504' title='bbox 3519 3481 3696 3540; x_wconf 65' lang='lat' dir='ltr'><strong>apecm2</strong></span> <span class='ocrx_word' id='word_1_505' title='bbox 3740 3489 3741 3530; x_wconf 77' lang='lat'>3</span> 
     </span>
    </p>
   </div>
   <div class='ocr_carea' id='block_1_17' title="bbox 435 3571 2114 4104">
    <p class='ocr_par' dir='ltr' id='par_1_18' title="bbox 435 3571 2114 4104">
     <span class='ocr_line' id='line_1_59' title="bbox 435 3571 2108 3653; baseline -0.002 -19"><span class='ocrx_word' id='word_1_506' title='bbox 435 3627 447 3634; x_wconf 91' lang='lat'><strong>.</strong></span> <span class='ocrx_word' id='word_1_507' title='bbox 544 3599 672 3648; x_wconf 91' lang='grc' dir='ltr'><strong>στην</strong></span> <span class='ocrx_word' id='word_1_508' title='bbox 702 3574 1013 3653; x_wconf 88' lang='grc' dir='ltr'><strong>γενήσεσθαι</strong></span> <span class='ocrx_word' id='word_1_509' title='bbox 1044 3571 1215 3642; x_wconf 80' lang='grc' dir='ltr'><strong>δόξαν.</strong></span> <span class='ocrx_word' id='word_1_510' title='bbox 1262 3572 1524 3650; x_wconf 88' lang='grc' dir='ltr'><strong>Ἐνθυμοῦ</strong></span> <span class='ocrx_word' id='word_1_511' title='bbox 1554 3573 1597 3631; x_wconf 89' lang='grc' dir='ltr'><strong>δ’</strong></span> <span class='ocrx_word' id='word_1_512' title='bbox 1628 3571 1708 3630; x_wconf 83' lang='grc' dir='ltr'><strong>ὅτι</strong></span> <span class='ocrx_word' id='word_1_513' title='bbox 1735 3572 1795 3632; x_wconf 80' lang='grc' dir='ltr'><strong>τὸ</strong></span> <span class='ocrx_word' id='word_1_514' title='bbox 1824 3571 1923 3652; x_wconf 81' lang='grc' dir='ltr'><strong>μὲν</strong></span> <span class='ocrx_word' id='word_1_515' title='bbox 1952 3577 2108 3652; x_wconf 88' lang='grc' dir='ltr'><strong>σῶμα</strong></span> 
     </span>
     <span class='ocr_line' id='line_1_60' title="bbox 458 3659 2112 3742; baseline -0.002 -18"><span class='ocrx_word' id='word_1_516' title='bbox 458 3684 511 3724; x_wconf 76' lang='lat'><strong>35</strong></span> <span class='ocrx_word' id='word_1_517' title='bbox 539 3665 723 3738; x_wconf 84' lang='grc' dir='ltr'><strong>θνητὸν</strong></span> <span class='ocrx_word' id='word_1_518' title='bbox 756 3663 980 3730; x_wconf 85' lang='grc' dir='ltr'><strong>ἅπαντες</strong></span> <span class='ocrx_word' id='word_1_519' title='bbox 1010 3661 1222 3742; x_wconf 81' lang='grc' dir='ltr'><strong>ἔχομεν,</strong></span> <span class='ocrx_word' id='word_1_520' title='bbox 1252 3660 1390 3720; x_wconf 81' lang='grc' dir='ltr'><strong>κατὰ</strong></span> <span class='ocrx_word' id='word_1_521' title='bbox 1419 3659 1589 3734; x_wconf 77' lang='grc' dir='ltr'><strong>δὲτὴν</strong></span> <span class='ocrx_word' id='word_1_522' title='bbox 1612 3660 1842 3730; x_wconf 82' lang='grc' dir='ltr'><strong>εὗδοξίαν</strong></span> <span class='ocrx_word' id='word_1_523' title='bbox 1870 3661 1962 3723; x_wconf 77' lang='grc' dir='ltr'><strong>καὶ</strong></span> <span class='ocrx_word' id='word_1_524' title='bbox 1993 3661 2112 3731; x_wconf 75' lang='grc' dir='ltr'><strong>τοὺς</strong></span> 
     </span>
     <span class='ocr_line' id='line_1_61' title="bbox 542 3748 2111 3844; baseline -0.003 -29"><span class='ocrx_word' id='word_1_525' title='bbox 542 3754 783 3822; x_wconf 81' lang='grc' dir='ltr'><strong>ἐπαίνους</strong></span> <span class='ocrx_word' id='word_1_526' title='bbox 809 3751 901 3813; x_wconf 77' lang='grc' dir='ltr'><strong>καὶ</strong></span> <span class='ocrx_word' id='word_1_527' title='bbox 925 3751 1018 3823; x_wconf 80' lang='grc' dir='ltr'><strong>τὴν</strong></span> <span class='ocrx_word' id='word_1_528' title='bbox 1043 3749 1224 3832; x_wconf 84' lang='grc' dir='ltr'><strong>φήμην</strong></span> <span class='ocrx_word' id='word_1_529' title='bbox 1254 3748 1344 3809; x_wconf 75' lang='grc' dir='ltr'><strong>καὶ</strong></span> <span class='ocrx_word' id='word_1_530' title='bbox 1364 3749 1457 3823; x_wconf 78' lang='grc' dir='ltr'><strong>τὴν</strong></span> <span class='ocrx_word' id='word_1_531' title='bbox 1480 3749 1695 3828; x_wconf 88' lang='grc' dir='ltr'><strong>μνήμην</strong></span> <span class='ocrx_word' id='word_1_532' title='bbox 1721 3749 1816 3824; x_wconf 79' lang='grc' dir='ltr'><strong>τὴν</strong></span> <span class='ocrx_word' id='word_1_533' title='bbox 1845 3754 1922 3833; x_wconf 80' lang='grc' dir='ltr'><strong>τῷ</strong></span> <span class='ocrx_word' id='word_1_534' title='bbox 1939 3751 2111 3844; x_wconf 51' lang='grc' dir='ltr'><strong>χρόνε)</strong></span> 
     </span>
     <span class='ocr_line' id='line_1_62' title="bbox 542 3838 2114 3927; baseline -0.006 -21"><span class='ocrx_word' id='word_1_535' title='bbox 542 3844 1146 3927; x_wconf 80' lang='grc' dir='ltr'><strong>συμπαρακολουθοῦσαν</strong></span> <span class='ocrx_word' id='word_1_536' title='bbox 1187 3839 1471 3908; x_wconf 79' lang='grc' dir='ltr'><strong>ἀθανασίας</strong></span> <span class='ocrx_word' id='word_1_537' title='bbox 1506 3838 2006 3918; x_wconf 70' lang='grc' dir='ltr'><strong>μεταλαμὸάνομεν,</strong></span> <span class='ocrx_word' id='word_1_538' title='bbox 2051 3845 2114 3912; x_wconf 83' lang='grc' dir='ltr'><strong>ἡς</strong></span> 
     </span>
     <span class='ocr_line' id='line_1_63' title="bbox 541 3919 2108 4015; baseline -0.003 -21"><span class='ocrx_word' id='word_1_539' title='bbox 541 3933 679 4005; x_wconf 76' lang='grc' dir='ltr'><strong>ἄξιον</strong></span> <span class='ocrx_word' id='word_1_540' title='bbox 699 3930 1034 4015; x_wconf 82' lang='grc' dir='ltr'><strong>ὀρεγομένους</strong></span> <span class='ocrx_word' id='word_1_541' title='bbox 1051 3933 1167 3989; x_wconf 83' lang='grc' dir='ltr'><strong>καθ’</strong></span> <span class='ocrx_word' id='word_1_542' title='bbox 1196 3928 1314 3988; x_wconf 76' lang='grc' dir='ltr'><strong>ὅσον</strong></span> <span class='ocrx_word' id='word_1_543' title='bbox 1340 3919 1486 3988; x_wconf 70' lang='grc' dir='ltr'><strong>οἷοίτ’</strong></span> <span class='ocrx_word' id='word_1_544' title='bbox 1506 3927 1664 4007; x_wconf 81' lang='grc' dir='ltr'><strong>ἐσμὲν</strong></span> <span class='ocrx_word' id='word_1_545' title='bbox 1680 3932 1849 3988; x_wconf 78' lang='grc' dir='ltr'><strong>ὁτιοῦν</strong></span> <span class='ocrx_word' id='word_1_546' title='bbox 1864 3926 2108 4008; x_wconf 79' lang='grc' dir='ltr'><strong>πάσχειν.</strong></span> 
     </span>
     <span class='ocr_line' id='line_1_64' title="bbox 541 4016 2110 4104; baseline -0.007 -17"><span class='ocrx_word' id='word_1_547' title='bbox 541 4028 655 4104; x_wconf 75' lang='grc'>(130)</span> <span class='ocrx_word' id='word_1_548' title='bbox 692 4023 851 4091; x_wconf 82' lang='grc' dir='ltr'><strong>Ἷδοις</strong></span> <span class='ocrx_word' id='word_1_549' title='bbox 880 4024 925 4081; x_wconf 88' lang='grc' dir='ltr'><strong>δ’</strong></span> <span class='ocrx_word' id='word_1_550' title='bbox 954 4020 1018 4080; x_wconf 80' lang='grc' dir='ltr'><strong>ἂν</strong></span> <span class='ocrx_word' id='word_1_551' title='bbox 1036 4017 1127 4080; x_wconf 70' lang='grc' dir='ltr'><strong>καὶ</strong></span> <span class='ocrx_word' id='word_1_552' title='bbox 1161 4023 1265 4078; x_wconf 86' lang='grc' dir='ltr'><strong>τῶν</strong></span> <span class='ocrx_word' id='word_1_553' title='bbox 1294 4020 1514 4078; x_wconf 83' lang='grc' dir='ltr'><strong>ἰδιωτῶν</strong></span> <span class='ocrx_word' id='word_1_554' title='bbox 1543 4016 1663 4085; x_wconf 73' lang='grc' dir='ltr'><strong>τοὺς</strong></span> <span class='ocrx_word' id='word_1_555' title='bbox 1690 4017 2110 4086; x_wconf 80' lang='grc' dir='ltr'><strong>ἐπιεικεστάτους</strong></span> 
     </span>
    </p>
   </div>
   <div class='ocr_carea' id='block_1_18' title="bbox 2199 3569 3741 3748">
    <p class='ocr_par' dir='ltr' id='par_1_19' title="bbox 2199 3569 3741 3748">
     <span class='ocr_line' id='line_1_65' title="bbox 2200 3569 3741 3646; baseline -0.008 -13"><span class='ocrx_word' id='word_1_556' title='bbox 2200 3582 2284 3633; x_wconf 82' lang='lat' dir='ltr'><strong>sed</strong></span> <span class='ocrx_word' id='word_1_557' title='bbox 2304 3581 2437 3646; x_wconf 85' lang='lat' dir='ltr'><strong>quod</strong></span> <span class='ocrx_word' id='word_1_558' title='bbox 2455 3594 2514 3631; x_wconf 84' lang='lat' dir='ltr'><strong>ex</strong></span> <span class='ocrx_word' id='word_1_559' title='bbox 2533 3580 2609 3630; x_wconf 78' lang='lat' dir='ltr'><strong>liis</strong></span> <span class='ocrx_word' id='word_1_560' title='bbox 2630 3581 2680 3630; x_wconf 86' lang='lat' dir='ltr'><strong>te</strong></span> <span class='ocrx_word' id='word_1_561' title='bbox 2703 3581 2870 3644; x_wconf 87' lang='lat' dir='ltr'><strong>putem</strong></span> <span class='ocrx_word' id='word_1_562' title='bbox 2888 3578 3153 3629; x_wconf 80' lang='lat' dir='ltr'><strong>maximum</strong></span> <span class='ocrx_word' id='word_1_563' title='bbox 3171 3579 3566 3640; x_wconf 71' lang='lat' dir='ltr'><strong>clarissimumque</strong></span> <span class='ocrx_word' id='word_1_564' title='bbox 3579 3574 3696 3624; x_wconf 85' lang='grc'>11111111-</span> <span class='ocrx_word' id='word_1_565' title='bbox 3740 3569 3741 3640; x_wconf 38' lang='grc'><strong>1</strong></span> 
     </span>
     <span class='ocr_line' id='line_1_66' title="bbox 2199 3676 3741 3748; baseline -0.01 -16"><span class='ocrx_word' id='word_1_566' title='bbox 2199 3683 2350 3746; x_wconf 73' lang='lat' dir='ltr'><strong>phuni</strong></span> <span class='ocrx_word' id='word_1_567' title='bbox 2362 3683 2752 3730; x_wconf 84' lang='lat' dir='ltr'><strong>consecuturum.</strong></span> <span class='ocrx_word' id='word_1_568' title='bbox 2819 3676 3016 3740; x_wconf 79' lang='lat' dir='ltr'><strong>cogites</strong></span> <span class='ocrx_word' id='word_1_569' title='bbox 3030 3676 3176 3727; x_wconf 78' lang='lat' dir='ltr'><strong>velim</strong></span> <span class='ocrx_word' id='word_1_570' title='bbox 3191 3676 3397 3728; x_wconf 80' lang='lat' dir='ltr'><strong>mortale</strong></span> <span class='ocrx_word' id='word_1_571' title='bbox 3413 3686 3563 3738; x_wconf 83' lang='lat' dir='ltr'><strong>eorpus</strong></span> <span class='ocrx_word' id='word_1_572' title='bbox 3577 3679 3695 3720; x_wconf 75' lang='grc'>0111110·</span> <span class='ocrx_word' id='word_1_573' title='bbox 3740 3695 3741 3748; x_wconf 58' lang='lat'>3</span> 
     </span>
    </p>
   </div>
   <div class='ocr_carea' id='block_1_19' title="bbox 2201 3777 3741 4065">
    <p class='ocr_par' dir='ltr' id='par_1_20' title="bbox 2201 3759 3741 4066">
     <span class='ocr_line' id='line_1_67' title="bbox 2201 3777 3705 3850; baseline -0.008 -10"><span class='ocrx_word' id='word_1_574' title='bbox 2201 3803 2290 3840; x_wconf 85' lang='lat' dir='ltr'><strong>nos</strong></span> <span class='ocrx_word' id='word_1_575' title='bbox 2301 3788 2476 3840; x_wconf 80' lang='grc'>11311010</span> <span class='ocrx_word' id='word_1_576' title='bbox 2486 3823 2501 3850; x_wconf 91' lang='grc'><strong>,</strong></span> <span class='ocrx_word' id='word_1_577' title='bbox 2518 3786 2605 3838; x_wconf 85' lang='lat' dir='ltr'><strong>sed</strong></span> <span class='ocrx_word' id='word_1_578' title='bbox 2617 3785 2765 3850; x_wconf 87' lang='lat' dir='ltr'><strong>gloria</strong></span> <span class='ocrx_word' id='word_1_579' title='bbox 2778 3823 2792 3847; x_wconf 90' lang='lat'>‚</span> <span class='ocrx_word' id='word_1_580' title='bbox 2813 3783 3054 3847; x_wconf 76' lang='grc'>1301111100,</span> <span class='ocrx_word' id='word_1_581' title='bbox 3075 3785 3200 3834; x_wconf 81' lang='lat' dir='ltr'><strong>rama</strong></span> <span class='ocrx_word' id='word_1_582' title='bbox 3215 3781 3272 3837; x_wconf 75' lang='lat' dir='ltr'><strong>&#39;et</strong></span> <span class='ocrx_word' id='word_1_583' title='bbox 3285 3783 3512 3836; x_wconf 80' lang='lat' dir='ltr'><strong>memoriae</strong></span> <span class='ocrx_word' id='word_1_584' title='bbox 3524 3777 3705 3846; x_wconf 72' lang='lat' dir='ltr'><strong>perpetui·</strong></span> 
     </span>
     <span class='ocr_line' id='line_1_68' title="bbox 2201 3889 3741 3957; baseline -0.008 -12"><span class='ocrx_word' id='word_1_585' title='bbox 2201 3897 2300 3946; x_wconf 82' lang='lat' dir='ltr'><strong>tate</strong></span> <span class='ocrx_word' id='word_1_586' title='bbox 2319 3893 2420 3945; x_wconf 87' lang='lat' dir='ltr'><strong>fieri</strong></span> <span class='ocrx_word' id='word_1_587' title='bbox 2443 3897 2690 3957; x_wconf 81' lang='lat' dir='ltr'><strong>compotes</strong></span> <span class='ocrx_word' id='word_1_588' title='bbox 2713 3889 3114 3955; x_wconf 66' lang='lat' dir='ltr'><strong>immortalitatis»,</strong></span> <span class='ocrx_word' id='word_1_589' title='bbox 3137 3890 3284 3953; x_wconf 70' lang='lat' dir='ltr'><strong>cuius</strong></span> <span class='ocrx_word' id='word_1_590' title='bbox 3315 3889 3551 3955; x_wconf 75' lang='lat' dir='ltr'><strong>cupiditate</strong></span> <span class='ocrx_word' id='word_1_591' title='bbox 3575 3891 3692 3934; x_wconf 60' lang='lat' dir='ltr'><strong>cuine!fl</strong></span> <span class='ocrx_word' id='word_1_592' title='bbox 3740 3923 3741 3944; x_wconf 42' lang='lat'>2</span> 
     </span>
     <span class='ocr_line' id='line_1_69' title="bbox 2202 3987 3741 4065; baseline -0.01 -11"><span class='ocrx_word' id='word_1_593' title='bbox 2202 4003 2330 4054; x_wconf 79' lang='lat' dir='ltr'><strong>vires</strong></span> <span class='ocrx_word' id='word_1_594' title='bbox 2341 4001 2636 4065; x_wconf 69' lang='lat' dir='ltr'><strong>exserendae,</strong></span> <span class='ocrx_word' id='word_1_595' title='bbox 2647 3999 2764 4050; x_wconf 86' lang='lat' dir='ltr'><strong>nulli</strong></span> <span class='ocrx_word' id='word_1_596' title='bbox 2775 3999 2984 4063; x_wconf 83' lang='lat' dir='ltr'><strong>labores,</strong></span> <span class='ocrx_word' id='word_1_597' title='bbox 2997 3999 3128 4050; x_wconf 88' lang='lat' dir='ltr'><strong>nulla</strong></span> <span class='ocrx_word' id='word_1_598' title='bbox 3137 3997 3352 4063; x_wconf 83' lang='lat' dir='ltr'><strong>pericula</strong></span> <span class='ocrx_word' id='word_1_599' title='bbox 3367 3993 3593 4050; x_wconf 76' lang='lat' dir='ltr'><strong>recusanda</strong></span> <span class='ocrx_word' id='word_1_600' title='bbox 3600 3987 3692 4040; x_wconf 81' lang='lat' dir='ltr'><strong>sunl-</strong></span> <span class='ocrx_word' id='word_1_601' title='bbox 3740 4023 3741 4058; x_wconf 61' lang='lat'>÷</span> 
     </span>
    </p>
   </div>
   <div class='ocr_carea' id='block_1_20' title="bbox 448 4103 3741 4285">
    <p class='ocr_par' dir='ltr' id='par_1_21' title="bbox 448 4103 3741 4285">
     <span class='ocr_line' id='line_1_70' title="bbox 448 4103 3741 4196; baseline -0.009 -21"><span class='ocrx_word' id='word_1_602' title='bbox 448 4136 502 4175; x_wconf 79' lang='grc'><strong>10</strong></span> <span class='ocrx_word' id='word_1_603' title='bbox 537 4115 667 4196; x_wconf 76' lang='grc' dir='ltr'><strong>ὑπὲρ</strong></span> <span class='ocrx_word' id='word_1_604' title='bbox 696 4114 857 4174; x_wconf 82' lang='grc' dir='ltr'><strong>ἄλλου</strong></span> <span class='ocrx_word' id='word_1_605' title='bbox 892 4110 985 4190; x_wconf 80' lang='grc' dir='ltr'><strong>μὲν</strong></span> <span class='ocrx_word' id='word_1_606' title='bbox 1024 4108 1225 4176; x_wconf 78' lang='grc' dir='ltr'><strong>οὐδενὸς</strong></span> <span class='ocrx_word' id='word_1_607' title='bbox 1257 4109 1322 4167; x_wconf 75' lang='grc' dir='ltr'><strong>ἂν</strong></span> <span class='ocrx_word' id='word_1_608' title='bbox 1355 4108 1416 4168; x_wconf 82' lang='grc' dir='ltr'><strong>τὸ</strong></span> <span class='ocrx_word' id='word_1_609' title='bbox 1458 4111 1550 4180; x_wconf 74' lang='grc' dir='ltr'><strong>ζῆν</strong></span> <span class='ocrx_word' id='word_1_610' title='bbox 1586 4103 2110 4185; x_wconf 83' lang='grc' dir='ltr'><strong>ἀντικαταλλαξαμέ-</strong></span> <span class='ocrx_word' id='word_1_611' title='bbox 2203 4110 2333 4176; x_wconf 82' lang='grc'>(135)</span> <span class='ocrx_word' id='word_1_612' title='bbox 2363 4113 2485 4160; x_wconf 85' lang='lat' dir='ltr'><strong>Nam</strong></span> <span class='ocrx_word' id='word_1_613' title='bbox 2519 4107 2817 4173; x_wconf 83' lang='lat' dir='ltr'><strong>privatorum</strong></span> <span class='ocrx_word' id='word_1_614' title='bbox 2841 4106 3090 4156; x_wconf 85' lang='lat' dir='ltr'><strong>hominum</strong></span> <span class='ocrx_word' id='word_1_615' title='bbox 3116 4105 3330 4169; x_wconf 87' lang='lat' dir='ltr'><strong>optimos</strong></span> <span class='ocrx_word' id='word_1_616' title='bbox 3355 4114 3548 4170; x_wconf 83' lang='lat' dir='ltr'><strong>quosque</strong></span> <span class='ocrx_word' id='word_1_617' title='bbox 3569 4105 3690 4148; x_wconf 68' lang='grc'>0011183</span> <span class='ocrx_word' id='word_1_618' title='bbox 3740 4163 3741 4166; x_wconf 9' lang='lat'>¹</span> 
     </span>
     <span class='ocr_line' id='line_1_71' title="bbox 535 4193 3698 4285; baseline -0.008 -7"><span class='ocrx_word' id='word_1_619' title='bbox 535 4230 678 4277; x_wconf 64' lang='grc' dir='ltr'><strong>νοῦς,</strong></span> <span class='ocrx_word' id='word_1_620' title='bbox 707 4195 837 4285; x_wconf 61' lang='grc' dir='ltr'>ὑπὲρ</span> <span class='ocrx_word' id='word_1_621' title='bbox 867 4199 921 4261; x_wconf 70' lang='grc' dir='ltr'><strong>δὲ</strong></span> <span class='ocrx_word' id='word_1_622' title='bbox 948 4206 1039 4259; x_wconf 67' lang='grc' dir='ltr'><strong>τοῦ</strong></span> <span class='ocrx_word' id='word_1_623' title='bbox 1075 4202 1253 4280; x_wconf 65' lang='grc' dir='ltr'>τυχεῖν</span> <span class='ocrx_word' id='word_1_624' title='bbox 1290 4200 1455 4270; x_wconf 67' lang='grc' dir='ltr'><strong>καλῆς</strong></span> <span class='ocrx_word' id='word_1_625' title='bbox 1496 4195 1645 4270; x_wconf 72' lang='grc' dir='ltr'><strong>δόξης</strong></span> <span class='ocrx_word' id='word_1_626' title='bbox 1668 4195 2017 4268; x_wconf 71' lang='grc' dir='ltr'><strong>ἅπθθνήσκεῑν</strong></span> <span class='ocrx_word' id='word_1_627' title='bbox 2051 4197 2106 4254; x_wconf 64' lang='grc' dir='ltr'><strong>ἓν</strong></span> <span class='ocrx_word' id='word_1_628' title='bbox 2135 4193 2174 4259; x_wconf 82' lang='lat' dir='ltr'>d</span> <span class='ocrx_word' id='word_1_629' title='bbox 2199 4216 2331 4267; x_wconf 79' lang='lat' dir='ltr'><strong>nulla</strong></span> <span class='ocrx_word' id='word_1_630' title='bbox 2345 4215 2434 4266; x_wconf 84' lang='lat' dir='ltr'><strong>alia</strong></span> <span class='ocrx_word' id='word_1_631' title='bbox 2453 4228 2506 4264; x_wconf 88' lang='lat' dir='ltr'><strong>re</strong></span> <span class='ocrx_word' id='word_1_632' title='bbox 2525 4215 2674 4264; x_wconf 79' lang='lat' dir='ltr'><strong>vitam</strong></span> <span class='ocrx_word' id='word_1_633' title='bbox 2698 4214 3095 4275; x_wconf 85' lang='lat' dir='ltr'><strong>commutare‚at</strong></span> <span class='ocrx_word' id='word_1_634' title='bbox 3106 4211 3398 4275; x_wconf 73' lang='lat' dir='ltr'><strong>adipiscendi</strong></span> <span class='ocrx_word' id='word_1_635' title='bbox 3409 4205 3568 4260; x_wconf 81' lang='lat' dir='ltr'><strong>honesti</strong></span> <span class='ocrx_word' id='word_1_636' title='bbox 3584 4197 3698 4253; x_wconf 79' lang='lat' dir='ltr'><strong>nomi·</strong></span> 
     </span>
    </p>
   </div>
   <div class='ocr_carea' id='block_1_21' title="bbox 448 4282 2108 4817">
    <p class='ocr_par' dir='ltr' id='par_1_22' title="bbox 448 4282 2108 4817">
     <span class='ocr_line' id='line_1_72' title="bbox 534 4282 2108 4370; baseline -0.008 -16"><span class='ocrx_word' id='word_1_637' title='bbox 534 4295 641 4361; x_wconf 78' lang='grc' dir='ltr'><strong>τοῖς</strong></span> <span class='ocrx_word' id='word_1_638' title='bbox 666 4293 914 4370; x_wconf 85' lang='grc' dir='ltr'><strong>πολέμοις</strong></span> <span class='ocrx_word' id='word_1_639' title='bbox 938 4289 1238 4361; x_wconf 82' lang='grc' dir='ltr'><strong>ἐθέλοντας,</strong></span> <span class='ocrx_word' id='word_1_640' title='bbox 1279 4287 1412 4355; x_wconf 70' lang='grc' dir='ltr'><strong>ὅλως</strong></span> <span class='ocrx_word' id='word_1_641' title='bbox 1441 4283 1496 4344; x_wconf 81' lang='grc' dir='ltr'><strong>δὲ</strong></span> <span class='ocrx_word' id='word_1_642' title='bbox 1524 4282 1643 4351; x_wconf 76' lang='grc' dir='ltr'><strong>τοὺς</strong></span> <span class='ocrx_word' id='word_1_643' title='bbox 1672 4283 1766 4363; x_wconf 83' lang='grc' dir='ltr'><strong>μὲν</strong></span> <span class='ocrx_word' id='word_1_644' title='bbox 1795 4288 1955 4362; x_wconf 79' lang='grc' dir='ltr'><strong>τιμῆς</strong></span> <span class='ocrx_word' id='word_1_645' title='bbox 1991 4285 2108 4342; x_wconf 85' lang='grc' dir='ltr'><strong>ἐπι·</strong></span> 
     </span>
     <span class='ocr_line' id='line_1_73' title="bbox 536 4369 2108 4460; baseline -0.007 -19"><span class='ocrx_word' id='word_1_646' title='bbox 536 4386 823 4460; x_wconf 90' lang='grc' dir='ltr'><strong>θυμοῦντας</strong></span> <span class='ocrx_word' id='word_1_647' title='bbox 863 4378 945 4439; x_wconf 77' lang='grc' dir='ltr'><strong>ἀεὶ</strong></span> <span class='ocrx_word' id='word_1_648' title='bbox 975 4379 1203 4454; x_wconf 84' lang='grc' dir='ltr'><strong>μείζονος</strong></span> <span class='ocrx_word' id='word_1_649' title='bbox 1232 4369 1295 4450; x_wconf 69' lang='grc' dir='ltr'><strong>ἧς</strong></span> <span class='ocrx_word' id='word_1_650' title='bbox 1326 4393 1533 4456; x_wconf 76' lang='grc' dir='ltr'><strong>εχουσιν</strong></span> <span class='ocrx_word' id='word_1_651' title='bbox 1563 4373 1666 4432; x_wconf 82' lang='grc' dir='ltr'><strong>ὖπὸ</strong></span> <span class='ocrx_word' id='word_1_652' title='bbox 1706 4371 1916 4432; x_wconf 84' lang='grc' dir='ltr'><strong>πάντων</strong></span> <span class='ocrx_word' id='word_1_653' title='bbox 1957 4375 2108 4432; x_wconf 82' lang='grc' dir='ltr'><strong>ἐπαι·</strong></span> 
     </span>
     <span class='ocr_line' id='line_1_74' title="bbox 535 4459 2106 4549; baseline -0.006 -19"><span class='ocrx_word' id='word_1_654' title='bbox 535 4469 835 4549; x_wconf 86' lang='grc' dir='ltr'><strong>νουμένους,</strong></span> <span class='ocrx_word' id='word_1_655' title='bbox 874 4467 993 4535; x_wconf 70' lang='grc' dir='ltr'><strong>τοὺς</strong></span> <span class='ocrx_word' id='word_1_656' title='bbox 1026 4465 1079 4526; x_wconf 80' lang='grc' dir='ltr'><strong>δὲ</strong></span> <span class='ocrx_word' id='word_1_657' title='bbox 1102 4465 1233 4546; x_wconf 81' lang='grc' dir='ltr'><strong>πρὸς</strong></span> <span class='ocrx_word' id='word_1_658' title='bbox 1258 4465 1389 4524; x_wconf 81' lang='grc' dir='ltr'><strong>ἄλλο</strong></span> <span class='ocrx_word' id='word_1_659' title='bbox 1414 4486 1466 4522; x_wconf 93' lang='grc' dir='ltr'><strong>τι</strong></span> <span class='ocrx_word' id='word_1_660' title='bbox 1497 4465 1601 4522; x_wconf 88' lang='grc' dir='ltr'><strong>τῶν</strong></span> <span class='ocrx_word' id='word_1_661' title='bbox 1625 4461 1787 4522; x_wconf 85' lang='grc' dir='ltr'><strong>ὄντων</strong></span> <span class='ocrx_word' id='word_1_662' title='bbox 1822 4459 2106 4534; x_wconf 82' lang='grc' dir='ltr'><strong>ἀπλήστως</strong></span> 
     </span>
     <span class='ocr_line' id='line_1_75' title="bbox 448 4539 2104 4637; baseline -0.007 -17"><span class='ocrx_word' id='word_1_663' title='bbox 448 4579 503 4621; x_wconf 74' lang='grc'><strong>45</strong></span> <span class='ocrx_word' id='word_1_664' title='bbox 534 4557 887 4637; x_wconf 84' lang='grc' dir='ltr'><strong>διακειμένους</strong></span> <span class='ocrx_word' id='word_1_665' title='bbox 946 4553 1359 4636; x_wconf 77' lang='grc' dir='ltr'><strong>ἀκρατεστέρους</strong></span> <span class='ocrx_word' id='word_1_666' title='bbox 1418 4551 1510 4611; x_wconf 83' lang='grc' dir='ltr'><strong>καὶ</strong></span> <span class='ocrx_word' id='word_1_667' title='bbox 1568 4548 1918 4632; x_wconf 82' lang='grc' dir='ltr'><strong>φαυλοτέρους</strong></span> <span class='ocrx_word' id='word_1_668' title='bbox 1971 4539 2104 4609; x_wconf 74' lang='grc' dir='ltr'><strong>εἷναι</strong></span> 
     </span>
     <span class='ocr_line' id='line_1_76' title="bbox 534 4639 2104 4724; baseline -0.008 -14"><span class='ocrx_word' id='word_1_669' title='bbox 534 4651 829 4716; x_wconf 85' lang='grc' dir='ltr'><strong>δοκοῦντας.</strong></span> <span class='ocrx_word' id='word_1_670' title='bbox 928 4647 1049 4724; x_wconf 80' lang='grc'>(130)</span> <span class='ocrx_word' id='word_1_671' title='bbox 1081 4646 1161 4706; x_wconf 87' lang='grc' dir='ltr'><strong>Τὸ</strong></span> <span class='ocrx_word' id='word_1_672' title='bbox 1193 4643 1247 4703; x_wconf 82' lang='grc' dir='ltr'><strong>δὲ</strong></span> <span class='ocrx_word' id='word_1_673' title='bbox 1277 4640 1521 4722; x_wconf 81' lang='grc' dir='ltr'><strong>μέγιστον</strong></span> <span class='ocrx_word' id='word_1_674' title='bbox 1549 4643 1653 4699; x_wconf 85' lang='grc' dir='ltr'><strong>τῶν</strong></span> <span class='ocrx_word' id='word_1_675' title='bbox 1686 4639 1996 4722; x_wconf 84' lang='grc' dir='ltr'><strong>εἰρημένων,</strong></span> <span class='ocrx_word' id='word_1_676' title='bbox 2023 4639 2104 4699; x_wconf 82' lang='grc' dir='ltr'><strong>ὅτι</strong></span> 
     </span>
     <span class='ocr_line' id='line_1_77' title="bbox 532 4726 2104 4817; baseline -0.008 -19"><span class='ocrx_word' id='word_1_677' title='bbox 532 4737 809 4817; x_wconf 71' lang='grc' dir='ltr'><strong>συμὸαίνει</strong></span> <span class='ocrx_word' id='word_1_678' title='bbox 830 4741 922 4796; x_wconf 89' lang='grc' dir='ltr'><strong>τοῦ</strong></span> <span class='ocrx_word' id='word_1_679' title='bbox 948 4734 1043 4813; x_wconf 82' lang='grc' dir='ltr'><strong>μὲν</strong></span> <span class='ocrx_word' id='word_1_680' title='bbox 1070 4731 1298 4793; x_wconf 84' lang='grc' dir='ltr'><strong>πλούτου</strong></span> <span class='ocrx_word' id='word_1_681' title='bbox 1321 4731 1411 4807; x_wconf 77' lang='grc' dir='ltr'><strong>καὶ</strong></span> <span class='ocrx_word' id='word_1_682' title='bbox 1433 4733 1537 4789; x_wconf 87' lang='grc' dir='ltr'><strong>τῶν</strong></span> <span class='ocrx_word' id='word_1_683' title='bbox 1564 4730 1877 4788; x_wconf 88' lang='grc' dir='ltr'><strong>δυναστειῶν</strong></span> <span class='ocrx_word' id='word_1_684' title='bbox 1904 4726 2104 4787; x_wconf 87' lang='grc' dir='ltr'><strong>πολλά-</strong></span> 
     </span>
    </p>
   </div>
   <div class='ocr_carea' id='block_1_22' title="bbox 2193 4301 3690 4599">
    <p class='ocr_par' dir='ltr' id='par_1_23' title="bbox 2193 4301 3690 4599">
     <span class='ocr_line' id='line_1_78' title="bbox 2197 4301 3690 4384; baseline -0.011 -12"><span class='ocrx_word' id='word_1_685' title='bbox 2197 4322 2274 4372; x_wconf 76' lang='lat' dir='ltr'><strong>nis</strong></span> <span class='ocrx_word' id='word_1_686' title='bbox 2289 4321 2438 4384; x_wconf 84' lang='lat' dir='ltr'><strong>gratia</strong></span> <span class='ocrx_word' id='word_1_687' title='bbox 2456 4320 2506 4370; x_wconf 89' lang='lat' dir='ltr'><strong>in</strong></span> <span class='ocrx_word' id='word_1_688' title='bbox 2523 4319 2664 4370; x_wconf 86' lang='lat' dir='ltr'><strong>bellis</strong></span> <span class='ocrx_word' id='word_1_689' title='bbox 2679 4317 2965 4368; x_wconf 83' lang='lat' dir='ltr'><strong>occumbere</strong></span> <span class='ocrx_word' id='word_1_690' title='bbox 2977 4330 3072 4368; x_wconf 83' lang='lat' dir='ltr'><strong>non</strong></span> <span class='ocrx_word' id='word_1_691' title='bbox 3089 4316 3339 4381; x_wconf 77' lang='lat' dir='ltr'><strong>dubiture3</strong></span> <span class='ocrx_word' id='word_1_692' title='bbox 3358 4314 3538 4376; x_wconf 84' lang='lat' dir='ltr'><strong>denique</strong></span> <span class='ocrx_word' id='word_1_693' title='bbox 3551 4319 3618 4358; x_wconf 80' lang='lat' dir='ltr'><strong>eos</strong></span> <span class='ocrx_word' id='word_1_694' title='bbox 3629 4301 3690 4366; x_wconf 80' lang='lat' dir='ltr'><strong>qui</strong></span> 
     </span>
     <span class='ocr_line' id='line_1_79' title="bbox 2197 4405 3686 4491; baseline -0.009 -13"><span class='ocrx_word' id='word_1_695' title='bbox 2197 4440 2386 4491; x_wconf 83' lang='lat' dir='ltr'><strong>semper</strong></span> <span class='ocrx_word' id='word_1_696' title='bbox 2405 4425 2626 4476; x_wconf 88' lang='lat' dir='ltr'><strong>tenentur</strong></span> <span class='ocrx_word' id='word_1_697' title='bbox 2645 4422 2877 4486; x_wconf 79' lang='lat' dir='ltr'><strong>augendoe</strong></span> <span class='ocrx_word' id='word_1_698' title='bbox 2899 4421 3064 4485; x_wconf 76' lang='lat' dir='ltr'><strong>gloriae</strong></span> <span class='ocrx_word' id='word_1_699' title='bbox 3091 4421 3284 4485; x_wconf 84' lang='lat' dir='ltr'><strong>studio,</strong></span> <span class='ocrx_word' id='word_1_700' title='bbox 3307 4419 3478 4472; x_wconf 78' lang='lat' dir='ltr'><strong>laudari</strong></span> <span class='ocrx_word' id='word_1_701' title='bbox 3503 4416 3554 4466; x_wconf 83' lang='lat' dir='ltr'><strong>ab</strong></span> <span class='ocrx_word' id='word_1_702' title='bbox 3577 4405 3686 4460; x_wconf 79' lang='lat' dir='ltr'><strong>omni·</strong></span> 
     </span>
     <span class='ocr_line' id='line_1_80' title="bbox 2193 4519 3684 4599; baseline -0.016 -12"><span class='ocrx_word' id='word_1_703' title='bbox 2193 4536 2313 4597; x_wconf 83' lang='lat' dir='ltr'><strong>bus;</strong></span> <span class='ocrx_word' id='word_1_704' title='bbox 2338 4535 2422 4599; x_wconf 89' lang='lat' dir='ltr'><strong>qui</strong></span> <span class='ocrx_word' id='word_1_705' title='bbox 2447 4537 2613 4584; x_wconf 83' lang='lat' dir='ltr'><strong>autem</strong></span> <span class='ocrx_word' id='word_1_706' title='bbox 2637 4532 2838 4582; x_wconf 83' lang='lat' dir='ltr'><strong>aliarum</strong></span> <span class='ocrx_word' id='word_1_707' title='bbox 2865 4544 3026 4582; x_wconf 90' lang='grc'>10111111</span> <span class='ocrx_word' id='word_1_708' title='bbox 3049 4530 3197 4581; x_wconf 83' lang='grc'>11111113</span> <span class='ocrx_word' id='word_1_709' title='bbox 3219 4528 3470 4595; x_wconf 81' lang='lat' dir='ltr'><strong>cupiditate</strong></span> <span class='ocrx_word' id='word_1_710' title='bbox 3488 4519 3684 4574; x_wconf 77' lang='lat' dir='ltr'><strong>ducantur,</strong></span> 
     </span>
    </p>
   </div>
   <div class='ocr_carea' id='block_1_23' title="bbox 2193 4622 3688 4808">
    <p class='ocr_par' dir='ltr' id='par_1_24' title="bbox 2193 4622 3688 4808">
     <span class='ocr_line' id='line_1_81' title="bbox 2193 4622 3688 4704; baseline -0.014 -7"><span class='ocrx_word' id='word_1_711' title='bbox 2193 4646 2284 4698; x_wconf 84' lang='lat' dir='ltr'><strong>hos</strong></span> <span class='ocrx_word' id='word_1_712' title='bbox 2309 4649 2359 4696; x_wconf 87' lang='lat' dir='ltr'><strong>et</strong></span> <span class='ocrx_word' id='word_1_713' title='bbox 2379 4641 2803 4696; x_wconf 86' lang='lat' dir='ltr'><strong>incontinentiores</strong></span> <span class='ocrx_word' id='word_1_714' title='bbox 2824 4641 2874 4692; x_wconf 87' lang='lat' dir='ltr'><strong>et</strong></span> <span class='ocrx_word' id='word_1_715' title='bbox 2893 4639 3148 4704; x_wconf 80' lang='lat' dir='ltr'><strong>nequiores</strong></span> <span class='ocrx_word' id='word_1_716' title='bbox 3164 4639 3346 4690; x_wconf 83' lang='lat' dir='ltr'><strong>baberi.</strong></span> <span class='ocrx_word' id='word_1_717' title='bbox 3379 4633 3498 4700; x_wconf 82' lang='grc'>(136)</span> <span class='ocrx_word' id='word_1_718' title='bbox 3517 4622 3688 4681; x_wconf 78' lang='lat' dir='ltr'><strong>Etmui·</strong></span> 
     </span>
     <span class='ocr_line' id='line_1_82' title="bbox 2195 4723 3688 4808; baseline -0.015 -6"><span class='ocrx_word' id='word_1_719' title='bbox 2195 4763 2331 4802; x_wconf 87' lang='lat' dir='ltr'><strong>mum</strong></span> <span class='ocrx_word' id='word_1_720' title='bbox 2354 4753 2429 4800; x_wconf 86' lang='lat' dir='ltr'><strong>est</strong></span> <span class='ocrx_word' id='word_1_721' title='bbox 2448 4748 2572 4798; x_wconf 82' lang='lat' dir='ltr'><strong>inter</strong></span> <span class='ocrx_word' id='word_1_722' title='bbox 2599 4758 2658 4796; x_wconf 87' lang='lat' dir='ltr'><strong>ea</strong></span> <span class='ocrx_word' id='word_1_723' title='bbox 2678 4757 2789 4808; x_wconf 84' lang='lat' dir='ltr'><strong>quae</strong></span> <span class='ocrx_word' id='word_1_724' title='bbox 2807 4743 2937 4804; x_wconf 84' lang='lat' dir='ltr'><strong>dixi,</strong></span> <span class='ocrx_word' id='word_1_725' title='bbox 2979 4741 3110 4805; x_wconf 82' lang='lat' dir='ltr'><strong>quod</strong></span> <span class='ocrx_word' id='word_1_726' title='bbox 3147 4753 3278 4804; x_wconf 83' lang='lat' dir='ltr'><strong>saepe</strong></span> <span class='ocrx_word' id='word_1_727' title='bbox 3299 4735 3462 4789; x_wconf 83' lang='lat' dir='ltr'><strong>accidit</strong></span> <span class='ocrx_word' id='word_1_728' title='bbox 3480 4734 3528 4782; x_wconf 92' lang='lat' dir='ltr'><strong>ut</strong></span> <span class='ocrx_word' id='word_1_729' title='bbox 3557 4723 3688 4790; x_wconf 79' lang='lat' dir='ltr'><strong>opibus</strong></span> 
     </span>
    </p>
   </div>
   <div class='ocr_carea' id='block_1_24' title="bbox 530 4815 3685 4914">
    <p class='ocr_par' dir='ltr' id='par_1_25' title="bbox 530 4815 3685 4914">
     <span class='ocr_line' id='line_1_83' title="bbox 530 4815 3685 4914; baseline -0.003 -30"><span class='ocrx_word' id='word_1_730' title='bbox 530 4853 611 4898; x_wconf 80' lang='grc' dir='ltr'><strong>κις</strong></span> <span class='ocrx_word' id='word_1_731' title='bbox 638 4827 756 4896; x_wconf 78' lang='grc' dir='ltr'><strong>τοὺς</strong></span> <span class='ocrx_word' id='word_1_732' title='bbox 780 4825 992 4908; x_wconf 73' lang='grc' dir='ltr'><strong>ἐχθροὺς</strong></span> <span class='ocrx_word' id='word_1_733' title='bbox 1024 4823 1230 4904; x_wconf 86' lang='grc' dir='ltr'><strong>κυρίους</strong></span> <span class='ocrx_word' id='word_1_734' title='bbox 1250 4821 1547 4902; x_wconf 83' lang='grc' dir='ltr'><strong>γίγνεσθαι,</strong></span> <span class='ocrx_word' id='word_1_735' title='bbox 1587 4823 1680 4890; x_wconf 75' lang='grc' dir='ltr'><strong>τῆς</strong></span> <span class='ocrx_word' id='word_1_736' title='bbox 1710 4818 1754 4875; x_wconf 86' lang='grc' dir='ltr'><strong>δ’</strong></span> <span class='ocrx_word' id='word_1_737' title='bbox 1787 4815 1986 4884; x_wconf 81' lang='grc' dir='ltr'><strong>εὐνοίας</strong></span> <span class='ocrx_word' id='word_1_738' title='bbox 2012 4820 2104 4889; x_wconf 68' lang='grc' dir='ltr'><strong>τῆς</strong></span> <span class='ocrx_word' id='word_1_739' title='bbox 2127 4848 2163 4890; x_wconf 77' lang='grc' dir='ltr'><strong>θ</strong></span> <span class='ocrx_word' id='word_1_740' title='bbox 2186 4853 2332 4914; x_wconf 78' lang='lat' dir='ltr'><strong>atque</strong></span> <span class='ocrx_word' id='word_1_741' title='bbox 2349 4845 2564 4911; x_wconf 81' lang='lat' dir='ltr'><strong>imperiis</strong></span> <span class='ocrx_word' id='word_1_742' title='bbox 2591 4843 2754 4894; x_wconf 78' lang='lat' dir='ltr'><strong>hostes</strong></span> <span class='ocrx_word' id='word_1_743' title='bbox 2791 4841 3060 4906; x_wconf 76' lang='lat' dir='ltr'><strong>potiantur-3</strong></span> <span class='ocrx_word' id='word_1_744' title='bbox 3082 4839 3164 4890; x_wconf 83' lang='lat' dir='ltr'><strong>sed</strong></span> <span class='ocrx_word' id='word_1_745' title='bbox 3204 4832 3524 4889; x_wconf 70' lang='lat' dir='ltr'><strong>benevolentiae</strong></span> <span class='ocrx_word' id='word_1_746' title='bbox 3551 4824 3685 4875; x_wconf 68' lang='lat' dir='ltr'><strong>civium</strong></span> 
     </span>
    </p>
   </div>
   <div class='ocr_carea' id='block_1_25' title="bbox 452 4905 2102 5261">
    <p class='ocr_par' dir='ltr' id='par_1_26' title="bbox 452 4905 2102 5261">
     <span class='ocr_line' id='line_1_84' title="bbox 533 4905 2099 5002; baseline -0.01 -21"><span class='ocrx_word' id='word_1_747' title='bbox 533 4922 680 5002; x_wconf 77' lang='grc' dir='ltr'><strong>παρὰ</strong></span> <span class='ocrx_word' id='word_1_748' title='bbox 714 4925 816 4980; x_wconf 86' lang='grc' dir='ltr'><strong>τῶν</strong></span> <span class='ocrx_word' id='word_1_749' title='bbox 845 4920 1072 4979; x_wconf 85' lang='grc' dir='ltr'><strong>πολιτῶν</strong></span> <span class='ocrx_word' id='word_1_750' title='bbox 1101 4913 1191 4975; x_wconf 83' lang='grc' dir='ltr'><strong>καὶ</strong></span> <span class='ocrx_word' id='word_1_751' title='bbox 1226 4917 1330 4970; x_wconf 89' lang='grc' dir='ltr'><strong>τῶν</strong></span> <span class='ocrx_word' id='word_1_752' title='bbox 1365 4911 1541 4970; x_wconf 84' lang='grc' dir='ltr'><strong>ἄλλων</strong></span> <span class='ocrx_word' id='word_1_753' title='bbox 1575 4911 1679 4967; x_wconf 87' lang='grc' dir='ltr'><strong>τῶν</strong></span> <span class='ocrx_word' id='word_1_754' title='bbox 1709 4905 2099 4989; x_wconf 85' lang='grc' dir='ltr'><strong>προειρημένων</strong></span> 
     </span>
     <span class='ocr_line' id='line_1_85' title="bbox 452 4993 2102 5091; baseline -0.011 -19"><span class='ocrx_word' id='word_1_755' title='bbox 452 5040 505 5080; x_wconf 84' lang='lat'><strong>50</strong></span> <span class='ocrx_word' id='word_1_756' title='bbox 531 5013 757 5091; x_wconf 79' lang='grc' dir='ltr'><strong>μηδένας</strong></span> <span class='ocrx_word' id='word_1_757' title='bbox 783 5010 972 5076; x_wconf 82' lang='grc' dir='ltr'><strong>ἄλλους</strong></span> <span class='ocrx_word' id='word_1_758' title='bbox 1006 5001 1419 5066; x_wconf 86' lang='grc' dir='ltr'><strong>καταλείπεσθαι</strong></span> <span class='ocrx_word' id='word_1_759' title='bbox 1446 4994 1798 5079; x_wconf 89' lang='grc' dir='ltr'><strong>κληρονόμους</strong></span> <span class='ocrx_word' id='word_1_760' title='bbox 1824 4996 1963 5068; x_wconf 78' lang='grc' dir='ltr'><strong>πλὴν</strong></span> <span class='ocrx_word' id='word_1_761' title='bbox 1986 4993 2102 5064; x_wconf 77' lang='grc' dir='ltr'><strong>τοὺς</strong></span> 
     </span>
     <span class='ocr_line' id='line_1_86' title="bbox 530 5082 2102 5182; baseline -0.011 -21"><span class='ocrx_word' id='word_1_762' title='bbox 530 5102 582 5172; x_wconf 83' lang='grc' dir='ltr'><strong>ἐξ</strong></span> <span class='ocrx_word' id='word_1_763' title='bbox 602 5105 756 5180; x_wconf 81' lang='grc' dir='ltr'><strong>ἡμῶν</strong></span> <span class='ocrx_word' id='word_1_764' title='bbox 782 5097 1076 5182; x_wconf 84' lang='grc' dir='ltr'><strong>γεγονότας.</strong></span> <span class='ocrx_word' id='word_1_765' title='bbox 1185 5089 1349 5153; x_wconf 67' lang='lat' dir='ltr'><strong>‘ssot’</strong></span> <span class='ocrx_word' id='word_1_766' title='bbox 1373 5089 1681 5172; x_wconf 82' lang='grc' dir='ltr'><strong>ᾐσχυνόμην</strong></span> <span class='ocrx_word' id='word_1_767' title='bbox 1714 5083 1777 5144; x_wconf 77' lang='grc' dir='ltr'><strong>ἂν</strong></span> <span class='ocrx_word' id='word_1_768' title='bbox 1802 5087 1847 5143; x_wconf 90' lang='grc' dir='ltr'><strong>εἰ</strong></span> <span class='ocrx_word' id='word_1_769' title='bbox 1876 5082 1950 5162; x_wconf 80' lang='grc' dir='ltr'><strong>μὴ</strong></span> <span class='ocrx_word' id='word_1_770' title='bbox 1977 5084 2102 5144; x_wconf 85' lang='grc' dir='ltr'><strong>τού-</strong></span> 
     </span>
     <span class='ocr_line' id='line_1_87' title="bbox 529 5174 2100 5261; baseline -0.011 -10"><span class='ocrx_word' id='word_1_771' title='bbox 529 5215 633 5251; x_wconf 90' lang='grc' dir='ltr'><strong>των</strong></span> <span class='ocrx_word' id='word_1_772' title='bbox 670 5193 823 5252; x_wconf 80' lang='grc' dir='ltr'><strong>ἕνεκα</strong></span> <span class='ocrx_word' id='word_1_773' title='bbox 862 5185 1232 5249; x_wconf 77' lang='grc' dir='ltr'><strong>συνεὸούλευον</strong></span> <span class='ocrx_word' id='word_1_774' title='bbox 1268 5180 1361 5242; x_wconf 78' lang='grc' dir='ltr'><strong>καὶ</strong></span> <span class='ocrx_word' id='word_1_775' title='bbox 1396 5177 1491 5253; x_wconf 79' lang='grc' dir='ltr'><strong>τὴν</strong></span> <span class='ocrx_word' id='word_1_776' title='bbox 1528 5174 1805 5261; x_wconf 88' lang='grc' dir='ltr'><strong>στρατείαν</strong></span> <span class='ocrx_word' id='word_1_777' title='bbox 1838 5179 2100 5235; x_wconf 88' lang='grc' dir='ltr'><strong>ποιεῖσθαι</strong></span> 
     </span>
    </p>
   </div>
   <div class='ocr_carea' id='block_1_26' title="bbox 428 5268 2100 5449">
    <p class='ocr_par' dir='ltr' id='par_1_27' title="bbox 428 5268 2100 5449">
     <span class='ocr_line' id='line_1_88' title="bbox 428 5268 1585 5355; baseline -0.016 -6"><span class='ocrx_word' id='word_1_778' title='bbox 428 5280 727 5353; x_wconf 79' lang='grc' dir='ltr'>11οταύτην</span> <span class='ocrx_word' id='word_1_779' title='bbox 754 5279 845 5340; x_wconf 75' lang='grc' dir='ltr'><strong>κα).</strong></span> <span class='ocrx_word' id='word_1_780' title='bbox 866 5281 1113 5355; x_wconf 87' lang='grc' dir='ltr'><strong>πολεμεῖν</strong></span> <span class='ocrx_word' id='word_1_781' title='bbox 1143 5273 1234 5334; x_wconf 81' lang='grc' dir='ltr'><strong>καὶ</strong></span> <span class='ocrx_word' id='word_1_782' title='bbox 1258 5268 1585 5335; x_wconf 77' lang='grc' dir='ltr'><strong>κινδυνεύειν.</strong></span> 
     </span>
     <span class='ocr_line' id='line_1_89' title="bbox 614 5351 2100 5449; baseline -0.013 -19"><span class='ocrx_word' id='word_1_783' title='bbox 614 5389 708 5430; x_wconf 87' lang='grc'>137.</span> <span class='ocrx_word' id='word_1_784' title='bbox 750 5367 909 5430; x_wconf 76' lang='grc' dir='ltr'><strong>Οὕτω</strong></span> <span class='ocrx_word' id='word_1_785' title='bbox 936 5369 981 5426; x_wconf 86' lang='grc' dir='ltr'><strong>δ’</strong></span> <span class='ocrx_word' id='word_1_786' title='bbox 1016 5366 1205 5449; x_wconf 76' lang='grc' dir='ltr'><strong>ἄριστα</strong></span> <span class='ocrx_word' id='word_1_787' title='bbox 1258 5361 1527 5446; x_wconf 80' lang='grc' dir='ltr'><strong>βουλεύσει</strong></span> <span class='ocrx_word' id='word_1_788' title='bbox 1577 5357 1698 5442; x_wconf 77' lang='grc' dir='ltr'><strong>περὶ</strong></span> <span class='ocrx_word' id='word_1_789' title='bbox 1754 5355 1978 5435; x_wconf 77' lang='grc' dir='ltr'><strong>τούτων,</strong></span> <span class='ocrx_word' id='word_1_790' title='bbox 2035 5351 2100 5428; x_wconf 83' lang='grc' dir='ltr'><strong>ἢν</strong></span> 
     </span>
    </p>
   </div>
   <div class='ocr_carea' id='block_1_27' title="bbox 2190 4921 3741 5202">
    <p class='ocr_par' dir='ltr' id='par_1_28' title="bbox 2190 4921 3741 5202">
     <span class='ocr_line' id='line_1_90' title="bbox 2191 4921 3741 5010; baseline -0.023 -8"><span class='ocrx_word' id='word_1_791' title='bbox 2191 4952 2241 5002; x_wconf 89' lang='lat' dir='ltr'><strong>et</strong></span> <span class='ocrx_word' id='word_1_792' title='bbox 2263 4954 2529 5000; x_wconf 81' lang='lat' dir='ltr'><strong>ceterorum</strong></span> <span class='ocrx_word' id='word_1_793' title='bbox 2549 4957 2658 5010; x_wconf 75' lang='lat' dir='ltr'><strong>quae</strong></span> <span class='ocrx_word' id='word_1_794' title='bbox 2701 4941 3076 4994; x_wconf 83' lang='lat' dir='ltr'><strong>memoravimus</strong></span> <span class='ocrx_word' id='word_1_795' title='bbox 3093 4977 3110 5002; x_wconf 91' lang='lat'>,</span> <span class='ocrx_word' id='word_1_796' title='bbox 3141 4953 3238 4990; x_wconf 90' lang='lat' dir='ltr'><strong>non</strong></span> <span class='ocrx_word' id='word_1_797' title='bbox 3276 4937 3354 4988; x_wconf 85' lang='lat' dir='ltr'><strong>alii</strong></span> <span class='ocrx_word' id='word_1_798' title='bbox 3379 4928 3564 4985; x_wconf 77' lang='lat' dir='ltr'><strong>haeredes</strong></span> <span class='ocrx_word' id='word_1_799' title='bbox 3581 4921 3685 4973; x_wconf 73' lang='lat' dir='ltr'><strong>relin-</strong></span> <span class='ocrx_word' id='word_1_800' title='bbox 3740 4937 3741 4940; x_wconf 38' lang='lat'>¹</span> 
     </span>
     <span class='ocr_line' id='line_1_91' title="bbox 2191 5025 3686 5117; baseline -0.011 -16"><span class='ocrx_word' id='word_1_801' title='bbox 2191 5055 2401 5117; x_wconf 86' lang='lat' dir='ltr'><strong>quantur</strong></span> <span class='ocrx_word' id='word_1_802' title='bbox 2422 5061 2568 5112; x_wconf 85' lang='lat' dir='ltr'><strong>quam</strong></span> <span class='ocrx_word' id='word_1_803' title='bbox 2593 5045 2728 5096; x_wconf 87' lang='lat' dir='ltr'><strong>liberi</strong></span> <span class='ocrx_word' id='word_1_804' title='bbox 2746 5058 2774 5095; x_wconf 91' lang='lat' dir='ltr'><strong>e</strong></span> <span class='ocrx_word' id='word_1_805' title='bbox 2796 5043 2936 5093; x_wconf 86' lang='lat' dir='ltr'><strong>nobis</strong></span> <span class='ocrx_word' id='word_1_806' title='bbox 2957 5041 3207 5105; x_wconf 78' lang='lat' dir='ltr'><strong>procreati.</strong></span> <span class='ocrx_word' id='word_1_807' title='bbox 3269 5043 3431 5099; x_wconf 79' lang='lat' dir='ltr'><strong>Quare,</strong></span> <span class='ocrx_word' id='word_1_808' title='bbox 3445 5030 3522 5082; x_wconf 82' lang='lat' dir='ltr'><strong>nisi</strong></span> <span class='ocrx_word' id='word_1_809' title='bbox 3535 5025 3686 5092; x_wconf 55' lang='lat' dir='ltr'><strong>pffll’t‘f</strong></span> 
     </span>
     <span class='ocr_line' id='line_1_92' title="bbox 2190 5120 3684 5202; baseline -0.018 0"><span class='ocrx_word' id='word_1_810' title='bbox 2190 5151 2297 5202; x_wconf 82' lang='lat' dir='ltr'><strong>haec</strong></span> <span class='ocrx_word' id='word_1_811' title='bbox 2343 5147 2698 5200; x_wconf 78' lang='lat' dir='ltr'><strong>consuluissem</strong></span> <span class='ocrx_word' id='word_1_812' title='bbox 2743 5142 2959 5194; x_wconf 80' lang='lat' dir='ltr'><strong>militiam</strong></span> <span class='ocrx_word' id='word_1_813' title='bbox 3003 5141 3130 5191; x_wconf 85' lang='lat' dir='ltr'><strong>hanc</strong></span> <span class='ocrx_word' id='word_1_814' title='bbox 3169 5133 3497 5201; x_wconf 75' lang='lat' dir='ltr'><strong>suscipiendam</strong></span> <span class='ocrx_word' id='word_1_815' title='bbox 3527 5135 3614 5177; x_wconf 60' lang='grc' dir='ltr'><strong>ωε</strong></span> <span class='ocrx_word' id='word_1_816' title='bbox 3646 5120 3684 5166; x_wconf 67' lang='grc' dir='ltr'><strong>θῑ</strong></span> 
     </span>
    </p>
   </div>
   <div class='ocr_carea' id='block_1_28' title="bbox 2129 5239 3460 5328">
    <p class='ocr_par' dir='ltr' id='par_1_29' title="bbox 2129 5239 3460 5328">
     <span class='ocr_line' id='line_1_93' title="bbox 2129 5239 3460 5328; baseline -0.017 -25"><span class='ocrx_word' id='word_1_817' title='bbox 2129 5287 2165 5328; x_wconf 69' lang='lat' dir='ltr'>a</span> <span class='ocrx_word' id='word_1_818' title='bbox 2189 5251 2370 5302; x_wconf 86' lang='lat' dir='ltr'><strong>bellum</strong></span> <span class='ocrx_word' id='word_1_819' title='bbox 2393 5245 2655 5313; x_wconf 81' lang='lat' dir='ltr'><strong>gerendum</strong></span> <span class='ocrx_word' id='word_1_820' title='bbox 2679 5247 2729 5296; x_wconf 89' lang='lat' dir='ltr'><strong>et</strong></span> <span class='ocrx_word' id='word_1_821' title='bbox 2749 5241 3078 5295; x_wconf 84' lang='lat' dir='ltr'><strong>dimicandum</strong></span> <span class='ocrx_word' id='word_1_822' title='bbox 3092 5275 3109 5304; x_wconf 89' lang='lat'>,</span> <span class='ocrx_word' id='word_1_823' title='bbox 3133 5239 3460 5291; x_wconf 80' lang='lat' dir='ltr'><strong>erubescerem.</strong></span> 
     </span>
    </p>
   </div>
   <div class='ocr_carea' id='block_1_29' title="bbox 2253 5319 3677 5408">
    <p class='ocr_par' dir='ltr' id='par_1_30' title="bbox 2253 5319 3677 5408">
     <span class='ocr_line' id='line_1_94' title="bbox 2253 5319 3677 5408; baseline -0.019 -2"><span class='ocrx_word' id='word_1_824' title='bbox 2253 5361 2356 5408; x_wconf 77' lang='grc'>137.</span> <span class='ocrx_word' id='word_1_825' title='bbox 2391 5355 2470 5406; x_wconf 89' lang='lat' dir='ltr'><strong>sic</strong></span> <span class='ocrx_word' id='word_1_826' title='bbox 2494 5355 2656 5404; x_wconf 85' lang='lat' dir='ltr'><strong>autem</strong></span> <span class='ocrx_word' id='word_1_827' title='bbox 2683 5351 2760 5402; x_wconf 75' lang='lat' dir='ltr'><strong>liis</strong></span> <span class='ocrx_word' id='word_1_828' title='bbox 2779 5350 2842 5401; x_wconf 83' lang='lat' dir='ltr'><strong>de</strong></span> <span class='ocrx_word' id='word_1_829' title='bbox 2863 5349 3012 5400; x_wconf 86' lang='lat' dir='ltr'><strong>rebus</strong></span> <span class='ocrx_word' id='word_1_830' title='bbox 3029 5346 3292 5398; x_wconf 81' lang='lat' dir='ltr'><strong>rectissime</strong></span> <span class='ocrx_word' id='word_1_831' title='bbox 3312 5339 3480 5392; x_wconf 73' lang='lat' dir='ltr'><strong>statues</strong></span> <span class='ocrx_word' id='word_1_832' title='bbox 3493 5367 3508 5394; x_wconf 85' lang='lat'>‚</span> <span class='ocrx_word' id='word_1_833' title='bbox 3533 5327 3566 5376; x_wconf 78' lang='lat' dir='ltr'><strong>si</strong></span> <span class='ocrx_word' id='word_1_834' title='bbox 3585 5319 3677 5382; x_wconf 69' lang='lat'>0⁰8³·</span> 
     </span>
    </p>
   </div>
  </div>
 </body>
</html>
