3825 5842
133 462 354 543 (aa-au)

133 598 221 655 ffl’
238 596 298 659 ὡς
313 588 757 673 ὠφεληθησόμενον
784 588 875 649 καὶ
897 588 1186 666 φυλάξοντα
1211 588 1277 649 τὰ
1301 593 1455 651 αὑτοῦ
1482 591 1613 672 χρή-

133 706 258 758 ματα,
295 681 380 738 οὐκ
405 678 535 758 ἔχων
573 676 678 757 ὄτω
715 674 820 756 χρὴ
851 679 1049 755 μᾶλλον
1090 678 1274 737 τούτου
1319 684 1612 739 πιστεῦσαι.

133 772 173 873 (sl
199 770 428 847 Ἡγοῢμαι
467 766 563 839 δὲ,
598 790 642 825 ω
669 765 847 846 ἄνδρες
873 765 1140 839 δικασταί,
1179 767 1513 879 Φιλοκράτει
1525 766 1616 826 δύο

133 850 331 915 εἶναικαὶ
355 854 504 931 μόνας
532 853 829 932 ἀπολογίας·
859 853 1140 935 προσήκειν
1179 853 1280 935 γὰρ
1310 856 1452 936 αὐτῶ
1483 858 1616 915 ἀπο-

133 947 172 1001 δε
175 955 210 1011 ῖς
192 946 256 1001 ἀι
292 942 322 1013 ἢ
361 941 552 1021 ἑτέρους
603 940 816 1021 ἔχοντας
855 940 922 999 τὰ
971 941 1309 1021 Ἐργοκλέους
1344 942 1616 1022 χρήματα,

81 1046 117 1083 ⁴⁰
134 1033 319 1101 ἢάδίκως
341 1029 638 1089 ἀπολωλότα
664 1032 853 1087 ἐκεῖνον
883 1029 972 1088 καὶ
994 1026 1140 1088 οὐδὲν
1170 1030 1494 1110 ὑφῃρημένον
1513 1032 1616 1087 τῶν

135 1118 340 1198 ὑμετέρων
359 1118 469 1178 οὐδὲ
498 1116 968 1198 δεδωροδοκηκότα.
1055 1118 1123 1177 Εἰ
1146 1114 1200 1176 δὲ
1229 1116 1422 1177 τούτων
1455 1116 1615 1193 μηδέ·

134 1230 243 1285 τερον
263 1204 481 1278 ποιήσει,
521 1205 759 1265 δέδοκται
787 1204 1267 1285 καταψηφίζεσθαι,
1291 1206 1382 1264 καὶ
1411 1203 1484 1281 μὴ
1515 1209 1620 1270 τοῖς

136 1294 204 1368 μὲν
226 1293 347 1374 παρὰ
368 1299 464 1353 τῶν
501 1294 674 1352 ἄλλων
700 1292 1059 1370 λαμὸάνουσιν
1087 1292 1404 1373 ὀργίζεσθαι,
1432 1292 1536 1359 τοῖς
1565 1294 1616 1351 δὲ

137 1381 214 1437 τὰ·
209 1385 284 1457 ’,με
273 1382 378 1460 τερ’
405 1383 570 1440 αὐτῶν
593 1380 792 1475 ἔχουσι
819 1378 1130 1458 συγγνώμην
1159 1379 1317 1461 ἔχειν.

77 1480 136 1531 182
192 1491 226 1527 s.
258 1469 339 1535 Τίς
363 1471 406 1527 δ’
433 1470 525 1528 οὔκ
573 1459 706 1527 οἶδεν
735 1467 1020 1540 Ἀθηναίων
1059 1467 1174 1548 τρία
1220 1468 1450 1527 τάλαντα
1495 1468 1618 1547 παρ’

135 1558 411 1663 Ἐργοκλέους
433 1556 850 1637 μεσεγγυηθέντα
878 1564 981 1622 τοῖς
1014 1555 1276 1635 λέγουσιν,
1300 1560 1346 1616 εἰ
1386 1557 1620 1616 δύναιντο

135 1646 206 1701 016-
191 1646 250 1703 ,ὸν
274 1650 420 1705 σῶσαι
453 1644 546 1703 καὶ
572 1644 649 1723 μὴ
677 1646 1012 1725 κατηγορεῗν;
1039 1643 1088 1703 οἳ
1121 1644 1299 1717 ἐπειδὴ
1329 1643 1502 1751 ἑώρων
1526 1643 1620 1717 τὴν

133 1732 204 1803 :gis
209 1730 332 1809 τέραν
350 1732 497 1812 ὀργὴν
525 1736 868 1811 τιμωρεῖσθαι
889 1730 1276 1810 βουλομένην,’
1249 1732 1474 1811 ησυχίαν
1495 1686 1620 1810 ἦγόν

134 1819 199 1874 καὶ
222 1820 298 1877 οὐκ
323 1820 540 1897 ἐτόλμων
563 1828 700 1900 σφᾶς
717 1819 902 1886 αὐτοὺς
923 1822 1169 1899 φανεροὺς
1193 1822 1427 1890 ποιῆσαι.
1513 1819 1621 1879 Καὶ

133 1902 176 1961 τὸ
195 1905 269 1981 μὲν
301 1910 486 1987 πρῶτον
528 1898 678 1973 οὗτος
720 1908 778 1965 οὗ
807 1904 1140 1983 κομιζόμενος
1179 1905 1304 1985 παρ’
1341 1908 1510 1966 αὐτῶν
1554 1907 1622 1966 τὰ

87 2009 108 2049 ι
133 1992 329 2070 χρήματα
350 1995 550 2071 μηνύειν
573 1994 675 2074 ἔφη
699 1998 766 2071 τῇ
787 1992 953 2052 πόλει·
975 1995 1040 2074 (7)
1067 1993 1245 2066 ἐπειδὴ
1270 1992 1324 2053 δὲ
1343 1995 1433 2054 καὶ
1457 2018 1620 2054 ταυτα

136 2080 338 2161 ἀπείληφε
360 2081 443 2140 καὶ
466 2104 571 2141 των
593 2081 769 2140 ἄλλων
795 2082 898 2139 τῶν
919 2080 1112 2140 ἐκείνου
1134 2081 1306 2161 κύριος
1329 2082 1622 2161 γεγένηται,

135 2169 186 2232 εἰς
205 2174 328 2227 τοῦτο
346 2170 532 2247 τόλμης
553 2167 896 2242 ἕλήλυθεν,“
857 2191 992 2227 ωστε
1023 2168 1288 2251 μάρτυρας
1313 2170 1624 2252 πεπόρισται

135 2252 171 2310 οἳ
187 2257 550 2338 μαρτυρήσωσιν
574 2259 768 2338 αὐτῶ*
727 2281 809 2335 ως
831 2246 896 2329 ἦν
916 2256 1203 2335 ἔχθιστος”
1175 2256 1417 2317 απᾶντων
1433 2258 1623 2340 ανθρώ·

136 2363 218 2397 πων
237 2344 484 2455 Ἐργοκλεῖ.
515 2344 708 2407 Καίτοι
731 2343 890 2403 οἴεσθ’
911 2342 973 2403 ἂν
1001 2344 1176 2419 αὐτὸν,
1201 2335 1244 2404 ὦ
1276 2345 1509 2428 ἄνδρες
1480 2368 1623 2405 οικα·

138 2430 242 2501 σταί,
266 2435 324 2499 εἷς
343 2438 484 2493 τοῦτο
524 2434 720 2512 μανίας
754 2431 1114 2514 ἇφικέσθαι,“’
1075 2456 1212 2492 ωστε
1248 2433 1625 2515 Θρασυὸούλου

137 2525 473 2596 πρατῆγοῦντος
514 2519 608 2580 καὶ
666 2517 1006 2600 Ἐργοκλέους
1055 2523 1196 2601 αὐτῷ
1255 2520 1625 2603 διαφερομένω

138 2604 397 2678 ἐθελοντὴνε
379 2611 662 2679 υποστῆναι
687 2606 1036 2688 τριήραρχον,
1085 2611 1208 2676 Πῶς
1230 2608 1382 2691 γὰρ
1355 2633 1419 2668 αν
1442 2615 1624 2669 θᾶττον

85 2699 118 2736 ¹⁰
135 2688 334 2766 ἆπῶλετο,
353 2696 385 2766 ἧ
402 2719 508 2762 πως
527 2694 594 2755 ἂν
623 2696 825 2771 μᾶλλον
848 2694 1186 2774 ἐπηρεάζετος

191 2798 226 2838 a.
261 2781 376 2859 Περὶ
413 2784 504 2857 μὲν
531 2772 626 2841 ουν
671 2780 866 2840 τούτων
906 2782 1063 2840 ἱκανὰ
1113 2781 1180 2841 τὰ
1209 2784 1476 2863 εἰρημένα·
1519 2783 1624 2863 ἔγω

139 2864 172 2920 δ’
189 2868 294 2937 ὑμᾶς
317 2866 474 2938 ἇξῖῶ“
455 2880 574 2948 υμῖν
624 2870 799 2935 αὐτοῖς
829 2872 1110 2949 βοηθῆσαι,
1141 2870 1230 2930 καὶ
1252 2870 1385 2930 πολυ
1426 2874 1624 2950 μᾶλλον

139 2974 222 3018 ’ἕως
255 2958 530 3026 ἀδικοῦντας
563 2962 909 3039 τιμωρεῖσθαι
948 2957 984 3030 ἢ
1028 2958 1143 3025 τοὺς
1185 2958 1253 3018 τὰ
1297 2964 1390 3032 τῆς
1429 2960 1626 3029 πόλεως

137 3036 296 3117 ἔχοντας
333 3046 564 3114 ἐλεεινοὺς
605 3050 868 3124 ἡγεῖσθαι.
972 3046 1138 3107 Οὐδὲν
1183 3046 1284 3126 γὰρ
1327 3052 1430 3107 τῶν
1469 3054 1624 3109 αὑτου

137 3132 380 3209 καταθήσει,
399 3134 528 3193 ἀλλὰ
549 3134 620 3193 τὰ
644 3132 871 3213 ὑμέτερα
891 3137 1011 3212 ὑμῖν
1030 3136 1202 3203 αὗτοῖς
1225 3134 1505 3213 ἀποδώσει,
1536 3137 1626 3196 καὶ

136 3214 270 3295 πολλῷ
291 3219 438 3278 πλείω
479 3222 629 3280 αὐτῶ
667 3218 862 3279 τούτων
903 3220 1190 3302 περιέσται.
1299 3222 1364 3302 (ο)
1393 3222 1500 3283 Καὶ
1523 3223 1624 3305 γὰρ

137 3298 181 3355 ἂν
210 3305 282 3361 καὶ
301 3306 446 3366 δεινὸν
483 3308 594 3381 εἴη,
624 3332 670 3366 ω
698 3306 878 3389 ἄνδρες
906 3308 1186 3385 δικασταί,
1221 3311 1266 3367 εἰ
1290 3318 1395 3377 τοῖς
1420 3310 1514 3388 μὲν
1545 3312 1620 3390 μὴ

89 3388 158 3435 ¹⁵
137 3392 374 3467 ιυναμένοις
401 3396 466 3455 τὰ
493 3395 704 3477 σφέτερ’
735 3396 906 3455 αὐτῶν
930 3397 1182 3477 εἰσφέρειν
1212 3398 1501 3477 ὀργίζοισθε
1535 3400 1626 3458 καὶ

136 3498 202 3543 τας
223 3480 368 3549 οὐσίας
388 3488 551 3543 αὖτῶν
575 3488 650 3552 ὣς
675 3484 992 3543 ἀδικούντων
1017 3482 1315 3560 δημεύοιτε,
1344 3483 1460 3553 τους
1483 3484 1535 3545 δὲ
1559 3484 1626 3544 τὰ

141 3563 298 3673 ὕει-ἕτερ’
325 3572 482 3629 αὐτῶν
525 3570 746 3652 ἔχοντας
783 3570 858 3648 μὴ
882 3574 1222 3651 τιμωροῖσθε,
1263 3571 1398 3631 ἀλλὰ
1445 3576 1544 3631 τῶν
1571 3596 1626 3631 τε

135 3656 362 3728 χρημάτων
407 3660 778 3740 ἀποστεροῖσθε
823 3658 914 3717 καὶ
963 3657 1170 3726 τούτους
1232 3659 1627 3741 χαλεπωτέρους

137 3738 298 3820 ἐχθροὺς
319 3744 493 3824 ἔχοιτε.
579 3748 674 3825 (ιο)
703 3744 850 3814 εἘως
872 3744 974 3826 γὰρ
997 3744 1060 3805 ἂν
1084 3746 1149 3805 τὰ
1167 3746 1394 3827 ὑμέτερα
1425 3746 1628 3827 ἔχοντες

137 3827 268 3906 σφίσιν
305 3836 464 3904 αὐτοῖς
512 3836 807 3907 ξυνειδῶσιν
821 3880 838 3909 ,
889 3834 1131 3894 οὐδέποτε
1175 3837 1296 3912 ὑμῖν
1339 3834 1626 3895 παύσονται

138 3925 458 3997 κακονοοῦντες,
496 3924 794 4001 νομίζοντες
837 3920 931 3989 τὰς
975 3946 1068 3993 της
1116 3922 1317 3992 πόλεως
1343 3924 1626 4005 δυστυχίας

83 4016 121 4057 ¹⁴)
136 4002 256 4074 μόνας
277 4010 571 4091 ἀπαλλαγὴν
595 4002 734 4071 εἶναι
750 4013 852 4069 τῶν
885 4008 1010 4091 πρὸς
1037 4010 1222 4079 αὐτοὺς
1241 4011 1588 4092 πραγμάτων.

192 4112 246 4152 11.
280 4094 526 4211 Ἧγουμαι
561 4098 626 4174 δ’,
649 4123 696 4158 ω
725 4098 900 4178 ανδρες
927 4097 1200 4173 δικασταί,
1227 4101 1286 4158 06
1325 4099 1480 4178 μόνον
1509 4098 1627 4181 περὶ

135 4180 366 4256 χρημᾶτιιιν
385 4188 524 4269 αύτῷ
545 4186 831 4269 προσήκειν
854 4186 1189 4264 ἀγωνίζεσθαι
1203 4233 1220 4265 ,
1239 4188 1376 4247 ἀλλὰ
1399 4211 1491 4246 και
1509 4210 1628 4268 περι

137 4269 200 4321 τῶ·
220 4268 434 4346 σώματος
454 4273 780 4334 κινδυνεύειν.
867 4272 974 4334 Καὶ
1001 4272 1104 4355 γὰρ
1130 4273 1194 4333 ἂν
1217 4298 1308 4333 και
1331 4274 1492 4334 δεινον
1513 4274 1594 4347 εἴη
1609 4318 1626 4348 ,

137 4350 168 4405 ῑῖ
191 4356 229 4411 οἱ
258 4355 340 4433 μὲν
375 4359 437 4419 τὰ
469 4366 572 4421 τῶν
609 4364 828 4421 ἰδιωτῶν
865 4359 1203 4440 απολλύμενα
1243 4384 1348 4428 τοις
1381 4360 1598 4421 κλέπτα·
1587 4386 1628 4429 ις

139 4442 362 4513 συνειδότες
375 4452 476 4517 τοῖς
493 4452 672 4517 αὐτοῖς
692 4448 978 4527 ἐνέχοιντο,
998 4440 1143 4516 οὗτος
1165 4446 1220 4507 δὲ
1237 4447 1303 4508 τὰ
1295 4453 1412 4561 *τῆς
1431 4450 1630 4517 πόλεως

138 4522 361 4606 Emathi
392 4536 633 4605 συνειδὼς
670 4536 943 4596 κλέπτοντι
981 4536 1070 4595 καὶ
1113 4536 1200 4596 ἐπι
1235 4540 1341 4605 τοῖς
1370 4536 1630 4616 ὑμετέροις

93 4613 161 4661 ξ’
142 4620 444 4702 ξωρῠδοκουντι
472 4623 548 4702 μὴ
579 4630 676 4697 τῆς
712 4626 870 4695 αὑτῆς
896 4622 1150 4705 τιμωρίας
1184 4622 1462 4703 τυγχάνοι,
1493 4620 1629 4682 α’λλὰ

143 4690 240 4760 ἆθλα
259 4707 394 4769 λαίῦοι
417 4710 510 4785 τὴν
533 4712 623 4771 ὑπ’
647 4711 842 4771 ἐκείνου
865 4714 1296 4790 καταλειφθεῖσαν
1315 4710 1492 4771 οὐσίαν
1516 4712 1630 4770 ἀντὶ

146 4790 358 4873 ξῗςαῦτοῑῐ
384 4798 650 4880 πονηρίας.
699 4801 826 4912 ?(12)
861 4796 1022 4867 Ἄξιοι
1055 4800 1102 4857 δ’
1135 4802 1255 4877 ὑμῖν
1289 4802 1416 4857 εἰσιν
1444 4801 1627 4879 ὀργῆς,

149 4874 364 4957 ωινδρες
338 4887 586 4945 οικασται
647 4878 812 4947 Ουτοι
827 4910 948 4967 γαρ,
969 4885 1054 4945 ὅτε
1075 4886 1364 4967 Ἐργοκλῆς
1383 4887 1628 4964 ἐκρίνετο,

153 4960 188 5014 ἓν
207 4968 262 5044 τῷ
285 4970 416 5053 δήμῳ
439 4974 720 5056 περιιόντες
747 4975 978 5054 ἔλεγον*
949 4999 1019 5043 ως
1046 4976 1373 5035 πεντακόσιοι
1405 4976 1502 5053 μὲν
1536 4979 1628 5035 αὗ-

153 5053 392 5153 {fiscinam
426 5064 483 5119 ἐκ
516 5086 608 5121 του
613 5064 908 5173 Πειραιῶς
948 5062 1345 5140 δεδεκασμένοι,
1376 5062 1632 5131 ἑξακόσιοι

817 458 1064 520 LYSIAE
1107 459 1414 521 CONTRA
1455 460 2000 523 PHILOCRATEM
2043 463 2496 525 PERORATIO.

3142 482 3253 534 217

1705 602 1803 651 tius
1823 600 2065 652 commodi
2082 602 2472 666 importaturam,
2491 616 2697 667 suasque
2715 606 2945 668 pecunias
2962 606 3207 665 admittis&
3214 624 3259 661 a·

1706 690 1868 739 turum
1885 690 2185 754 diligentius,
2204 692 2446 742 neminem
2468 692 2650 742 scilicet
2670 693 2909 756 reperiens
2926 696 3005 745 cui
3026 696 3259 758 maiorem

1705 775 1850 826 tidem
1867 776 2131 829 adhiberet.
2198 780 2266 841 (5)
2294 778 2528 829 Existimo
2547 782 2736 843 autem,
2765 780 2979 845 iudices,
3004 784 3261 835 Philocrati

1705 862 1827 913 duas
1849 865 2051 927 relinqui
2072 866 2307 916 duntaxat
2331 865 2618 916 defensionis
2637 868 2847 918 rationes
2876 889 2888 919 ε
2914 872 3001 919 aut
3026 871 3155 921 enim
3172 872 3263 935 ipsi

1707 952 2181 1002 commonstrandum
2208 967 2309 1003 esse
2327 954 2445 1003 alios
2462 955 2640 1005 habere
2678 957 2887 1018 Ergoclis
2906 959 3155 1022 pecunias,
3178 966 3262 1009 aut

1707 1035 1842 1085 illum
1873 1052 1958 1099 per
1996 1040 2220 1101 injuriam
2256 1041 2517 1103 interiisse,
2562 1042 2777 1105 nihilque
2820 1043 2882 1093 de
2904 1046 3076 1095 vestris
3112 1048 3261 1096 surri—

1707 1124 1893 1189 puisse,
1919 1124 2007 1176 nec
2042 1128 2322 1178 muneribus
2344 1129 2487 1179 fuisse
2508 1133 2807 1193 corruptum.
2873 1133 3052 1189 Quodsi
3088 1134 3261 1185 borum

1707 1216 1931 1264 neutrum
1945 1214 2109 1265 fecerit
2124 1252 2139 1277 ,
2154 1217 2291 1267 vobis
2308 1218 2468 1267 ratum
2488 1220 2551 1268 sit
2572 1218 2717 1267 istum
2739 1208 3086 1284 condemnare,
3108 1236 3263 1285 neque

1709 1300 1778 1351 eis
1803 1301 1997 1364 quidem
2016 1303 2100 1365 qui
2127 1304 2189 1353 ab
2214 1304 2319 1355 aliis
2346 1304 2526 1367 aliquid
2548 1306 2787 1369 accipiunt
2818 1311 3162 1372 succenseatis,
3194 1310 3262 1359 eis

1709 1390 1872 1438 autem
1891 1390 1976 1452 qui
2003 1391 2187 1441 vestras
2204 1406 2280 1441 ιω
2303 1392 2483 1443 habent
2504 1394 2799 1445 condonetis.

1773 1485 1820 1527 6.
1880 1478 2001 1536 Quis
2031 1492 2149 1528 vero
2188 1479 2377 1541 ignorat
2416 1482 2806 1545 Atheniensium,
2850 1484 2943 1533 tria
2976 1485 3159 1535 talenta
3198 1486 3261 1537 ab

1711 1562 1904 1625 ErgocIe
1929 1561 2074 1613 fuisse
2092 1564 2309 1627 deposita
2343 1564 2471 1629 apud
2492 1566 2703 1628 aliquem
2734 1566 2891 1617 danda
2916 1571 3201 1629 oratoribus,
3221 1572 3263 1621 si

1709 1640 1973 1703 potuissent
1995 1641 2153 1704 ipsum
2180 1655 2209 1692 e
2232 1642 2447 1705 periculo
2463 1642 2693 1707 liberare,
2726 1644 2805 1695 vel
2828 1659 3053 1697 accusare
3082 1648 3261 1698 noluis-

1709 1728 1848 1775 sent?
1884 1727 1979 1785 Qui
2015 1729 2269 1790 postquam
2290 1730 2624 1791 persenserunt
2658 1729 3029 1793 indignationem
3054 1736 3263 1783 vestram

1711 1803 1773 1853 ad
1819 1817 1986 1867 poenas
2026 1805 2353 1868 exposcendas
2392 1819 2493 1857 esse
2536 1808 2911 1870 paratissimam,
2951 1810 3263 1875 destiterunt,

1709 1892 1866 1942 neque
1899 1881 2003 1931 ausi
2040 1883 2155 1932 sunt
2197 1896 2249 1933 se
2279 1883 2406 1947 ipsos
2440 1884 2659 1947 prodere.
2724 1888 2786 1935 Et
2824 1888 3034 1949 primum
3069 1888 3265 1951 quidem

1715 1956 2029 2020 Philocrates,
2062 1961 2263 2022 pecunia
2304 1972 2335 2009 a
2364 1956 2611 2024 sequestro
2652 1975 2749 2012 non
2790 1964 3037 2028 restituta,
3075 1966 3263 2018 minita-

1711 2036 1852 2085 batur
1886 2049 1939 2085 se
1966 2049 2159 2086 omnem
2184 2050 2287 2087 rem
2330 2037 2513 2088 civitati
2541 2038 2967 2103 denuntiaturum;
3000 2046 3069 2106 (7)
3096 2058 3264 2095 verum

1711 2120 1796 2169 nbi
1834 2121 1885 2170 et
1923 2121 2047 2171 banc
2090 2123 2361 2185 receperat,
2390 2123 2440 2173 et
2470 2122 2517 2173 in
2560 2124 2719 2173 cetera
2745 2126 2957 2187 Ergoeiis
2994 2127 3120 2178 bona
3157 2143 3265 2180 suc·

1713 2205 1943 2266 cesserat,
1964 2216 2022 2253 eo
2056 2203 2368 2265 impudentiae
2390 2205 2549 2267 venit,
2586 2207 2642 2255 ut
2668 2210 2957 2270 compararit
2988 2211 3159 2274 testes,
3179 2214 3265 2275 qui

1713 2286 2003 2337 testarentur
2028 2286 2187 2349 ipsum
2226 2286 2369 2338 fuisse
2410 2301 2475 2337 ex
2506 2288 2729 2339 omnibus
2778 2293 3066 2343 mortalibus
3114 2298 3265 2357 Ergo·

1713 2372 1776 2421 cli
1820 2372 2215 2423 inimicissimum.
2308 2375 2537 2423 Attamen
2568 2376 2831 2439 putetisne,
2868 2377 3082 2441 iudices,
3116 2380 3265 2433 istum

1714 2470 1925 2519 eousque
1960 2458 2102 2507 fuisse
2124 2458 2343 2507 insanum
2358 2492 2373 2518 ,
2399 2460 2481 2522 ut,
2504 2459 2773 2523 imperante
2789 2462 3106 2527 Thrasybulo,
3122 2466 3267 2528 atque

1717 2544 1911 2605 Ergocle
1933 2543 2021 2593 sibi
2050 2544 2261 2603 infenso,
2280 2546 2450 2607 sponte
2475 2546 2681 2596 voluerit
2705 2548 2913 2597 triremis
2933 2551 3267 2612 praefecturam

1713 2628 1985 2690 suscipere?
2004 2629 2114 2685 Qua
2148 2626 2278 2678 enim
2306 2628 2492 2678 ratione
2513 2628 2603 2679 sibi
2628 2630 2827 2681 celerius
2852 2633 3111 2695 perniciem
3129 2650 3267 2687 com-

1713 2724 1909 2775 parare,
1930 2714 2018 2761 aut
2036 2711 2267 2775 insignius
2292 2710 2523 2762 damnum
2549 2713 2639 2763 sibi
2660 2726 2898 2766 arcessere
2922 2718 3188 2779 potuisset?

1777 2801 1824 2844 8.
1859 2796 1933 2843 De
1958 2793 2033 2843 bis
2063 2794 2207 2856 igitur
2225 2806 2282 2843 ea
2304 2807 2415 2858 quae
2433 2794 2565 2844 dicta
2589 2796 2703 2845 sunt
2732 2795 2993 2847 sufficiunt.
3058 2803 3158 2862 Ego
3175 2814 3266 2852 au-

1715 2878 1814 2926 tem
1831 2889 1919 2925 vos
1936 2890 2021 2925 oro
2038 2878 2095 2926 ut
2115 2876 2466 2940 vobismetipsis
2495 2878 2795 2940 opitulemini
2810 2914 2825 2939 ,
2853 2880 3103 2957 multoque
3118 2886 3269 2949 magis

1713 2971 1879 3021 poenas
1896 2959 2155 3022 reposcatis
2178 2972 2207 3008 a
2226 2958 2469 3021 flagitiosis
2496 2960 2795 3023 bominibus,
2816 2976 2964 3026 quam
2977 2978 3059 3015 eos
3080 2979 3269 3018 censea-

1713 3036 1776 3085 tis
1811 3035 2111 3085 miseratione
2145 3035 2313 3099 dignos
2346 3037 2429 3100 qui
2464 3037 2679 3099 publicas
2712 3038 3089 3092 interverterunt
3118 3057 3267 3107 pecu-

1713 3115 1833 3163 nias.
1897 3113 2026 3165 Nihil
2052 3113 2180 3163 enim
2196 3114 2285 3163 iste
2309 3113 2371 3164 de
2391 3114 2490 3163 suis
2505 3114 2769 3165 traditurus
2794 3118 2893 3179 est,
2915 3118 3000 3169 sed
3020 3120 3159 3171 vobis
3178 3135 3266 3173 ve—

1714 3201 1814 3251 stra
1831 3197 2102 3249 redditurus
2113 3215 2127 3259 ;
2152 3197 2331 3260 quibus
2351 3200 2513 3247 tamen
2530 3197 2669 3261 longe
2690 3198 2829 3261 plura
2849 3200 2939 3262 ipsi
2956 3203 3268 3265 superfutura

1714 3285 1844 3334 sunt.
1907 3284 1978 3345 (9)
1998 3281 2251 3345 indignum
2267 3281 2397 3331 enim
2414 3282 2563 3343 foret,
2578 3281 2789 3344 judices,
2812 3282 2882 3346 si,
2907 3298 3059 3347 quum
3079 3286 3147 3337 eis
3163 3302 3269 3340 suc·

1715 3370 1950 3421 censeatis
1961 3367 2126 3430 quiex
2142 3367 2342 3429 privatis
2369 3366 2573 3417 fortunis
2592 3366 2774 3418 tributa
2792 3368 2983 3431 publica
3000 3374 3271 3434 persolvere

1715 3453 1983 3515 nequeant,
2025 3464 2289 3514 eorumque
2306 3464 2383 3502 res
2404 3451 2657 3502 familiares
2672 3488 2687 3514 ,
2728 3454 2960 3516 tanquam
2986 3454 3269 3527 delinquen·

1715 3535 1839 3583 tium
1859 3534 1910 3583 in
1930 3546 2045 3595 vos,
2063 3534 2317 3597 publicetis
2333 3571 2350 3597 ,
2379 3546 2461 3585 eos
2482 3532 2757 3584 dimiseritis
2786 3535 3049 3597 impunitos
3080 3540 3163 3603 qui
3185 3554 3269 3604 pe-

1715 3619 1908 3670 cuniam
1930 3620 2171 3683 publicam
2197 3620 2434 3682 retinent,
2458 3619 2644 3683 ipsique
2668 3621 2841 3671 vestris
2872 3623 3141 3685 spoliemini
3168 3627 3269 3677 for-

1715 3706 1875 3766 tunis,
1899 3705 2095 3767 istisque
2127 3704 2424 3767 gravioribus
2446 3704 2606 3755 adbuc
2644 3704 2851 3756 inimicis
2882 3708 3102 3758 utamini.
3170 3710 3269 3774 (10)

1714 3786 1957 3845 Quamdiu
1975 3786 2104 3837 enim
2119 3786 2209 3836 sibi
2222 3786 2403 3836 conscii
2422 3785 2597 3836 fuerint
2622 3787 2842 3849 pecuniae
2856 3791 3029 3839 voetrae
3050 3788 3269 3854 direptae,

1713 3870 1898 3919 tamdiu
1926 3870 2151 3920 infestum
2170 3870 2220 3919 in
2236 3883 2324 3918 vos
2340 3869 2557 3918 animum
2578 3868 2755 3918 habere
2776 3883 2874 3920 non
2898 3870 3154 3936 desistent,
3178 3873 3271 3923 rati

1715 3952 1941 4002 nimirum
1978 3967 2064 4017 per
2098 3953 2226 4003 solas
2259 3952 2470 4003 civitatis
2493 3950 2793 4001 calamitates
2813 3964 2865 4001 se
2892 3966 3029 4015 posse
3058 3953 3269 4005 abomni

1713 4030 1977 4093 quaestione
2002 4030 2213 4080 liberari.

1781 4114 1854 4158 tl.
1887 4107 2123 4171 Equidem
2155 4106 2393 4169 arbitror,
2431 4105 2645 4169 judices,
2682 4106 2911 4168 oportere
2957 4110 3015 4157 ut
3046 4108 3137 4159 iste
3172 4122 3273 4161 non

1713 4196 1858 4247 modo
1878 4196 1931 4245 in
1954 4197 2282 4256 fortunarum,
2337 4208 2508 4244 verum
2543 4194 2687 4243 etiam
2730 4194 2779 4243 in
2816 4196 2983 4259 capitis
3018 4196 3273 4249 discrimen

1713 4284 1998 4335 adducatur.
2064 4286 2229 4346 Neque
2264 4282 2393 4332 enim
2428 4281 2733 4333 tolerandum
2759 4285 2913 4343 esset,
2943 4284 3015 4345 si,
3051 4299 3204 4347 quum
3236 4286 3272 4335 ii

1714 4372 1796 4433 qui
1823 4369 2011 4419 furibus
2042 4368 2218 4417 conscii
2240 4370 2353 4419 sunt
2383 4368 2453 4418 rei
2488 4381 2519 4417 a
2548 4368 2746 4429 privatis
2768 4368 3045 4419 bominibus
3070 4370 3271 4435 ablatoe,

1715 4457 1883 4507 eodem
1899 4457 2036 4505 reatu
2052 4456 2321 4515 teneantur,
2338 4454 2427 4505 iste
2448 4468 2562 4505 vero
2580 4455 2767 4517 Ergocli
2787 4456 3006 4507 conscius
3024 4456 3274 4509 facultates

1716 4545 1932 4607 publicas
1966 4543 2291 4593 intervertenti
2318 4544 2367 4591 et
2391 4542 2441 4591 in
2477 4544 2693 4593 vestrum
2721 4542 3064 4594 detrimentum
3098 4557 3271 4594 mune·

1717 4632 1846 4681 ribus
1865 4632 2109 4693 corrumpi
2149 4644 2201 4681 se
2241 4630 2523 4691 sustinenti,
2560 4644 2657 4680 non
2691 4630 2880 4680 easdem
2917 4644 3083 4694 poenas
3105 4631 3271 4694 daret,

1717 4720 1802 4769 sed
1835 4733 1936 4769 suae
1966 4719 2282 4781 improbitatis
2309 4719 2561 4780 praemium
2590 4718 2827 4780 auferret,
2848 4718 3063 4769 fortunas
3092 4720 3155 4769 ab
3189 4720 3273 4770 illo

1719 4807 1922 4857 relictas.
1990 4807 2089 4869 (12)
2116 4806 2350 4857 Philocles
2386 4806 2567 4855 scilicet
2602 4807 2650 4855 et
2692 4805 2797 4867 eius
2835 4806 3030 4856 assecla}
3064 4808 3273 4857 vestram

1718 4894 2088 4957 indignationem
2125 4894 2351 4957 consequi
2383 4894 2647 4955 merentur,
2677 4892 2862 4955 judices
2892 4913 2904 4943 ε
2933 4895 3045 4957 qui,
3081 4894 3272 4956 quando

1718 4983 1940 5044 Ergocles
1962 4995 2121 5031 coram
2146 4980 2325 5045 populo
2351 4980 2679 5044 indicabatur,
2704 4980 3016 5044 praedicantes
3038 4981 3263 5030 circumi-

1718 5072 1826 5120 rent
1843 5070 2126 5133 quingentos
2140 5070 2267 5120 viros
2292 5083 2353 5120 ex
2374 5068 2552 5119 Piraeeo
2565 5068 2665 5119 suis
2678 5069 2927 5130 corruptos
2944 5080 3043 5117 esse
3057 5068 3270 5118 muneri-

154 5130 192 5189 '⁴²
208 5138 276 5197 καὶ
299 5146 439 5223 χίλιοι
473 5152 533 5210 ἐκ
558 5156 650 5209 τοῦ
691 5150 886 5219 αστεος·
917 5152 1116 5228 μαλλον
1146 5150 1200 5209 δὲ
1229 5173 1632 5231 προσεποιουντο
1719 5158 1837 5221 bus,
1863 5160 1911 5210 et
1956 5173 2019 5210 ex
2054 5158 2173 5210 urbe
2194 5158 2325 5210 mille
2368 5160 2417 5209 et
2456 5157 2734 5218 sexcentoS,
2756 5156 3191 5220 profiterenturque
3220 5170 3275 5207 se

155 5226 352 5290 ἰττεύειν
375 5257 471 5302 τοις
493 5238 762 5319 χρήμασιν
789 5236 824 5309 ἢ
848 5238 1067 5299 δεδιέναι
1093 5239 1162 5299 τὰ
1190 5243 1361 5317 αὖτῶν
1390 5238 1628 5319 ἇμαρτῆ·

1719 5247 1950 5311 majorem
1986 5259 2122 5310 spem
2153 5247 2331 5297 habere
2352 5260 2412 5297 ex
2436 5246 2649 5310 pecuniis
2669 5258 2819 5310 quam
2839 5245 3027 5295 metum
3048 5256 3111 5295 ex
3142 5244 3269 5295 deli-
