3825 5842
122 473 363 553 {no-m)

868 472 1040 534 ISAEI
1082 472 1205 532 ΟΒ.
1246 473 1349 534 DE
1390 472 1710 535 HAGNIAE
1750 424 2254 536 HEOEDITATE.

3153 490 3262 545 ua

70 630 87 665 s
106 606 202 687 περὶ
218 608 397 679 αὐτῶν,
419 602 525 685 ἔχω
548 604 593 663 δ’
611 601 717 683 ἐγὼ
734 602 819 662 τὸν
841 606 1031 682 κλῆρον
1050 602 1479 682 ἐπιδικασάμενος
1492 604 1620 684 παρ’
1663 613 1673 685 Ῑ
1708 611 1805 662 diei
1832 612 1936 663 ausi
1973 626 2070 662 non
2109 613 2224 663 sunt
2248 578 2443 664 mecum
2461 614 2552 665 hac
2573 612 2634 664 de
2651 612 2918 665 hereditate
2933 599 3235 666 'contendere
3255 652 3270 677 ‚

112 698 233 772 ὑμῖν,
256 692 502 773 ἐξελέγχω
539 692 597 752 δὲ
617 698 798 752 τοῦτον
827 692 1047 770 μηδέπω
1075 690 1167 750 καὶ
1200 691 1425 772 τήμερον
1452 691 1621 772 ἔχοντ’

110 784 245 842 εἰπεῖν
272 782 301 840 ὅ
320 805 369 841 τι
396 786 423 839 ὁ
445 782 569 848 παῖς
606 780 783 861 Ἁγνίᾳ
804 779 1057 861 προσήκει
1080 780 1195 838 κατ’
1218 779 1538 861 ἀγχιστείαν,
1573 778 1626 838 τί

110 872 173 928 ἔτι
191 871 261 929 δεῖ
283 871 457 947 μαθεῖν
488 873 624 947 ὑμᾶς
645 866 681 940 ἢ
708 867 761 927 τί
785 869 989 927 ποθεῖτε
1014 866 1236 927 ἀκούσαι
1258 868 1376 948 περὶ
1398 867 1625 942 τούτων;

109 956 298 1036 ἐγὼμὲν
330 958 429 1037 γὰρ
463 960 535 1025 ὣς
574 950 632 1016 εὖ
659 961 928 1039 φρονοῦσιν
960 960 1080 1034 ὑμῖν
1108 954 1262 1015 ἱκανὰ
1288 956 1355 1015 τὰ
1379 956 1627 1038 εἰρημένα

108 1044 288 1121 νομίζω.

170 1153 232 1194 sc.
270 1122 435 1200 Οὗτος
461 1120 629 1191 τοίνυν
659 1130 848 1215 ῥαδίως
876 1129 909 1191 ὅ
931 1156 981 1191 τι
1006 1132 1068 1192 ἂν
1106 1130 1243 1213 τύχῃ
1284 1130 1625 1213 ψευδόμενος,

114 1218 289 1293 mit-1¹52
312 1224 469 1279 αὑτοῦ
488 1221 737 1299 πονηρίαν
760 1219 1003 1298 οὐδεμίαν
1023 1220 1213 1298 ζημίαν
1237 1212 1367 1279 εἶναι
1386 1220 1627 1299 νομίζων,

110 1310 254 1391 τολμᾷ
266 1332 328 1385 με
351 1307 651 1368 διαδοίλλειν
674 1307 811 1367 ἄλλα
831 1332 889 1367 τε
911 1308 1100 1381 πολλοί,
1115 1307 1236 1388 περὶ
1258 1298 1328 1367 ὧν
1342 1307 1629 1385 ποιήσομαι

68 1416 95 1452 ,ο
111 1395 203 1463 τοὺς
220 1398 387 1475 λόγους
410 1397 585 1477 τοίχα,
608 1395 701 1455 καὶ
726 1395 835 1455 νυνὶ
861 1394 1003 1475 λέγει
1026 1398 1094 1464 ὣς
1117 1396 1503 1473 ἐκοινωσοίμεθα
1526 1396 1630 1475 ἐγώ

112 1506 155 1541 τε
172 1483 248 1541 καὶ
266 1486 624 1565 Στρατοκλῆς,
641 1482 729 1543 τὸν
755 1485 931 1562 ἀγῶνα
954 1482 1166 1543 εἰσιέναι
1184 1481 1304 1564 περὶ
1322 1488 1413 1543 τοῦ
1434 1482 1629 1567 κλήρου

112 1571 367 1648 μέλλοντες.
390 1571 469 1633 ⁶0
496 1568 669 1647 μόνοις
681 1576 807 1649 ἡμῖν
825 1575 927 1631 τῶν
941 1572 1287 1654 ἀμφισὸητεῗν
1305 1596 1631 1653 παρεσκευα-

112 1659 283 1737 σμένων
334 1662 427 1721 οὐκ
481 1661 621 1734 ἐνῆν,
664 1659 1138 1739 διομολογήσασθαι
1179 1659 1309 1742 πρὸς
1353 1660 1629 1734 ἀλλήλους.

113 1750 183 1825 (ιι)
208 1753 283 1829 Γῇ
318 1748 409 1826 μὲν
445 1746 553 1829 γὰρ
596 1748 918 1809 Εὗὸουλίδου
956 1748 1171 1830 θυγατρὶ
1205 1749 1299 1808 καὶ
1325 1752 1393 1829 τῇ
1430 1747 1631 1828 Ἁγνίου

114 1834 243 1917 μητρὶ
264 1836 383 1917 πρὸς
406 1841 553 1914 ἡμᾶς
571 1835 968 1915 ἁγωνιζομέναις
982 1882 999 1912 ,
1028 1836 1102 1915 μὴ
1126 1836 1265 1896 κατὰ
1283 1834 1445 1895 ταύτὸ
1468 1838 1630 1917 ἀμφι-

114 1922 414 2000 σὸητούσαις,
460 1926 584 1995 ἐνῆν
620 1922 940 1996 ποιήσασθαι
983 1923 1265 1997 συνθήκας,
1308 1922 1370 1981 ἂν
1404 1924 1441 1995 ἦ
1482 1922 1631 2004 ἑτέρα

116 2020 233 2091 νικᾷ,
250 2010 472 2089 μετεῖναί
493 2033 543 2068 τι
562 2009 652 2068 καὶ
675 2014 743 2090 τῇ
770 2010 1075 2090 ἡττηθείσῃ·
1096 2010 1339 2077 καδίσκος
1356 2010 1459 2089 γὰρ
1478 2008 1634 2087 ἔμελ-

68 2104 89 2153 6
115 2097 183 2155 λεν
207 2097 407 2179 ἑκατέρᾳ
442 2096 772 2168 τεθήσεσθαι.
856 2100 907 2160 Τ
909 2096 938 2156 δ
968 2098 1013 2157 δ’
1044 2098 1295 2179 ἡμέτερον
1315 2099 1373 2157 οὐ
1406 2102 1633 2157 τοιοῦτον

117 2177 181 2259 ἦν,
196 2188 295 2243 ἀλλ’
312 2186 363 2245 ἓν
380 2186 439 2245 τὸ
452 2183 617 2265 γένος,
634 2184 727 2244 δύο
745 2183 797 2244 δὲ
817 2184 989 2257 λήξεις
1004 2234 1020 2259 ,
1038 2185 1354 2268 ἡμικληρίου
1376 2183 1607 2266 ἑκατέρῳ
1619 2207 1633 2222 ·

114 2280 197 2339 τοῖς
214 2272 260 2333 δὲ
281 2272 411 2333 κατὰ
431 2270 604 2333 ταύτὰ
622 2272 1035 2353 ἀμφισὸητοῦσιν
1060 2262 1136 2341 εἷς
1158 2272 1355 2333 τίθεται
1373 2272 1633 2345 καδίσκος,

115 2350 161 2417 οὗ
178 2362 256 2419 οὐκ
269 2359 327 2419 διν
342 2352 407 2433 ἦν
424 2359 519 2419 τὸν
539 2360 632 2437 μὲν
652 2364 927 2435 ἡττᾶσθαι,
946 2360 1033 2419 τὸν
1056 2360 1112 2419 δὲ
1129 2370 1297 2435 νικᾶν,
1317 2359 1431 2419 ἀλλ’
1450 2358 1637 2437 ὁμοίως

116 2448 381 2529 ἀμφοτέροις
400 2440 467 2521 ἦν
495 2451 527 2505 ὃ
562 2447 713 2515 αὐτὸς
739 2447 994 2521 κίνδυνος,
1020 2446 1144 2507 ὥστ’
1178 2450 1272 2507 οὗκ
1306 2450 1423 2521 ἐνῆν
1452 2470 1636 2506 κοινω-

114 2536 205 2592 νίαν
224 2537 323 2594 οὐδὲ
340 2535 673 2614 διομολογίαν
688 2534 1007 2606 ποιήσασθαι
1024 2535 1144 2616 περὶ
1165 2538 1353 2596 αὐτῶν.
1374 2536 1469 2614 (22)
1494 2534 1636 2596 Ἀλλ’

76 2639 93 2673 ⁵
120 2613 256 2697 οὗτος,
316 2624 491 2695 ἐπειδὴ
558 2623 895 2703 Στρατοκλῆς
966 2622 1268 2697 ἐτελεύτησε
1322 2622 1442 2705 πρὶν
1499 2622 1637 2699 γενέ·

118 2714 213 2767 σθαι
235 2717 315 2769 τοῦ
334 2711 649 2793 ἡμικληρίου
670 2710 764 2777 τὰς
785 2710 955 2782 λήξεις
972 2714 1124 2789 ἡμῶν
1150 2709 1379 2793 ἑκατέρῳ
1393 2758 1411 2785 ,
1438 2708 1529 2769 καὶ
1551 2712 1638 2770 οὗ·

116 2794 202 2854 κέτ’
227 2790 283 2871 ἦν
302 2800 551 2877 μετουσία
576 2804 649 2881 τῷ
669 2801 998 2879 Στρατοκλεῖ
1018 2797 1213 2859 τούτοιν
1242 2798 1361 2858 οὐδὲ
1383 2802 1459 2877 τῷ
1490 2798 1639 2857 παιδὶ

116 2888 223 2963 τῷδε
244 2888 319 2945 διὰ
350 2888 435 2948 τὸν
466 2887 646 2966 νόμον,
680 2888 795 2945 ἀλλ’
819 2886 1014 2965 ἐγίνετο
1042 2888 1112 2953 εἷς
1140 2885 1233 2965 ἐμὲ
1260 2891 1295 2959 ἠ
1319 2886 1639 2966 κληρονομία

118 2978 211 3031 κατ’
246 2976 541 3055 ἀγχιστείαν
582 2976 813 3049 πάντων,
855 2978 900 3033 εἰ
937 2974 1215 3054 νικήσαιμι
1250 2974 1366 3043 τοὺς
1406 2974 1639 3056 ἔχοντας,

116 3061 201 3118 τότ’
237 3063 328 3135 ἤδη
366 3064 592 3125 πλάττει
631 3068 798 3123 ταῦτα
840 3061 929 3123 καὶ
969 3074 1299 3145 μηχανᾶται,
1338 3066 1640 3145 προσδοκῶν

119 3148 277 3217 τούτοις
312 3160 413 3219 τοῖς
453 3152 632 3231 λόγοις
656 3150 842 3233 ῥᾳδίως
890 3154 1023 3229 ὑμᾶς
1074 3151 1423 3224 ἐξαπατῆσαι.
1509 3150 1639 3213 ’Ότι

118 3235 155 3291 δ’
172 3238 255 3316 οὐχ
278 3229 429 3298 οἶόντ’
452 3231 521 3313 ἦν
544 3238 739 3298 τούτων
768 3238 1032 3318 γίγνεσθαι
1058 3238 1222 3313 οὐδέν,
1243 3240 1380 3299 ἀλλὰ
1400 3238 1639 3319 διῄρηται

70 3322 209 3379 10220‘
228 3324 431 3385 ἕκαστον
452 3326 579 3405 περὶ
601 3328 787 3398 αὐτῶν,
817 3327 876 3382 ἐκ
908 3332 1001 3385 τοῦ
1022 3326 1182 3405 νόμου
1219 3329 1412 3405 γνῶναι
1443 3328 1636 3410 ῥᾴδιον.

121 3410 237 3471 Δαὸὲ
254 3414 299 3472 δ’
319 3417 489 3483 αὐτοῖς
514 3413 607 3473 καὶ
626 3412 969 3492 ἀναγίνωσκε.

738 3562 983 3609 ΝΟΜΟΣ.

182 3695 242 3736 23.
278 3666 389 3758 ’Ἆρ’
414 3678 539 3756 ὑμῖν
568 3675 775 3755 ὁνόμος
806 3677 947 3738 δοκεῖ
979 3678 1140 3738 ποιεῖν
1182 3676 1414 3747 ἐξουσίαν
1456 3701 1641 3739 κοινω-

123 3760 227 3835 νίας,
254 3766 359 3823 ἀλλ’
390 3768 487 3825 οὐκ
514 3764 755 3845 ἄντικρυς
782 3765 970 3824 οὑτωσὶ
996 3775 1101 3824 πᾶν
1128 3765 1444 3840 τούναντίον,
1474 3768 1521 3825 εί
1549 3766 1640 3826 καὶ

123 3850 167 3907 τὸ
186 3852 409 3935 πρότερον
441 3857 649 3935 ὓπῆρχε
680 3852 953 3927 κοινωνία,
982 3854 1323 3937 προστάττει,
1356 3856 1639 3938 διαρρήδην

124 3940 309 3999 κελεύων
334 3946 423 4001 τοῦ
465 3940 653 4024 μέρους
680 3938 898 4002 ἕκαστον
926 3940 1211 4022 λαγχάνειν
1251 3941 1342 4001 καὶ
1369 3950 1475 4011 τοῖς
1502 3942 1639 4003 κατὰ

123 4027 249 4085 ταύτὸ
280 4030 666 4110 ἀμφισὸητοῦσι
696 4030 851 4097 τιθεὶς
878 4027 969 4089 ἕνα
998 4030 1245 4090 καδίσκον
1274 4030 1365 4089 καὶ
1393 4030 1484 4099 τὰς
1520 4036 1639 4090 ἐπι-

125 4114 321 4184 δικασίας
347 4123 525 4177 τοῦτον
563 4117 653 4178 τὸν
691 4118 883 4199 τρόπον
899 4122 1096 4196 ποιῶν;
1124 4116 1195 4178 ‘O
1232 4118 1313 4193 δέ,
1344 4125 1508 4179 ταῦτα
1535 4122 1639 4179 τῶν

74 4218 106 4256 1⁶,
122 4200 261 4278 νόμων
283 4206 537 4284 λεγόντων
565 4204 655 4266 καὶ
682 4207 774 4265 οὐκ
797 4205 1008 4278 ἐνούσης
1030 4204 1266 4285 γενέσθαι
1288 4206 1639 4287 διομολογίας,

125 4288 253 4358 οὕτως
285 4295 480 4373 ἀλόγως
508 4303 730 4375 πρᾶγμα
773 4296 1078 4367 τηλικοῦτον
1120 4293 1413 4375 ψεύσασθαι
1456 4292 1641 4353 τετόλ-

126 4398 280 4448 μηκεν.
364 4379 453 4461 (2⁴)
482 4382 563 4440 Οὗ
593 4380 747 4458 μόνον
780 4380 835 4439 δὲ
862 4386 1015 4440 τοῦτο
1042 4379 1347 4459 πεποίηκεν,
1380 4378 1517 4438 ἀλλὰ
1550 4380 1640 4439 καὶ

126 4462 171 4519 τὸ
191 4464 379 4526 πάντων
409 4467 781 4529 ἐναντιώτατον
806 4478 1027 4549 πρᾶγμα
1054 4468 1275 4551 εἴρηκεν,
1298 4459 1641 4549 ᾧπροσέχετε

125 4548 193 4609 τὸν
228 4560 355 4628 νοῦν,
396 4546 441 4615 ὦ
490 4556 685 4639 ἄνδρες.
769 4557 920 4631 Φησὶ
956 4556 1058 4639 γὰρ
1098 4557 1421 4636 ὁμολογῆσαί
1457 4578 1523 4625 με
1549 4562 1639 4615 τοῦ

130 4638 287 4719 κλήρου
310 4646 383 4723 τῷ
418 4645 569 4703 παιδὶ
604 4644 661 4704 τὸ
694 4645 1009 4725 ἦμικλήριον
1048 4644 1386 4722 μεταδώσειν,
1418 4646 1461 4703 εἶ
1492 4644 1643 4717 νική-

132 4746 253 4804 σαιμί
274 4731 384 4799 τοὺς
412 4732 626 4811 ἔχοντας
650 4734 823 4795 αὖτόν.
914 4733 1099 4795 Καίτοι
1124 4736 1167 4793 εἷ
1192 4732 1286 4811 μέν
1306 4756 1357 4792 τι
1385 4732 1475 4793 καὶ
1500 4736 1641 4815 αὐτῷ

134 4822 261 4887 μετῆν
284 4818 413 4878 κατὰ
438 4822 501 4879 τὸ
526 4821 695 4896 γένος,
720 4826 787 4890 ὡς
813 4814 957 4890 οὗτος
981 4822 1152 4899 λέγει,
1180 4822 1232 4881 τί
1267 4821 1370 4881 ἔδει
1406 4820 1641 4900 γενέσθαι

84 4914 119 4951 ²¹³
136 4899 289 4976 ταύτην
312 4910 483 4976 αὐτοῖς
506 4910 631 4990 παρ’
652 4913 779 4988 ἐμοῦ
802 4910 897 4983 τὴν
917 4908 1219 4989 ὁμολογίαν;
1246 4902 1309 4985 ἦν
1332 4906 1433 4989 γὰρ
1454 4909 1643 4987 ὁμοίοις

138 4990 206 5047 καὶ
228 4992 406 5063 τούτοις
432 4996 659 5055 ἐπίδικον
682 4998 741 5058 τὸ
769 5000 1105 5081 ἡμικλήριον,
1128 4998 1176 5057 εί
1200 5020 1303 5079 περ
1330 5000 1513 5070 ’ἀληθῆ
1551 4996 1639 5057 λέ·

140 5096 295 5149 *so-actv.
374 5084 462 5161 (25)
490 5086 557 5144 Et
578 5082 630 5143 δὲ
652 5082 726 5162 μὴ
750 5090 1006 5165 προσῆκεν
1032 5087 1205 5154 αὐτοῖς
1224 5090 1316 5159 τῆς
1339 5086 1640 5166 ἀγχιστείας

145 5164 288 5237 μηδὲν,
313 5168 393 5227 διὰ
431 5171 484 5231 τί
528 5170 587 5231 ἂν
631 5172 942 5249 μεταδώσειν
980 5174 1297 5255 ὡμολόγουν,
1337 5178 1439 5234 τῶν
1466 5174 1637 5253 νόμων

146 5247 237 5322 spol
257 5256 451 5323 πάντων
478 5260 649 5325 αὐτῶν
673 5261 965 5323 δεδωκότων
1006 5262 1101 5337 τὴν
1127 5262 1505 5345 κληρονομίαν;
1542 5263 1639 5322 πό-

1710 695 1893 747 egoque
1909 683 2010 746 ipse
2028 684 2152 733 hanc
2173 684 2488 734 hereditatem
2519 685 2560 735 si
2577 686 2719 735 teneo
2735 698 2766 734 a
2783 685 2922 735 vobis
2939 685 3060 735 mihi
3089 685 3165 747 adj
3171 687 3274 736 udi-

1712 760 1869 809 catam
1882 796 1897 821 ,
1921 762 1972 811 et
1985 760 2118 809 hunc
2133 760 2175 809 si
2193 773 2402 823 coarguo
2419 774 2518 810 non
2543 762 2756 824 potuisse
2778 761 2842 811 ad
2855 762 2948 813 hoc
2964 760 3060 811 diei
3077 761 3274 813 demon-

1712 840 1865 890 strare
1892 854 2043 904 puero
2059 854 2172 890 cum
2187 840 2372 903 Hagnia
2394 840 2727 903 cognationem
2751 854 2853 891 esse
2881 840 3085 903 :ecquid
3115 842 3276 893 adhuc

1713 930 1799 967 vos
1812 918 2000 979 oportet
2011 916 2228 967 discere?
2251 916 2424 979 ecquid
2448 916 2607 967 adhuc
2630 918 2762 967 aliud
2799 918 2892 967 hac
2920 915 2982 967 de
3009 930 3062 966 re
3101 918 3276 981 cupitis

1714 994 1915 1045 audire?
1942 1008 2056 1044 nam
2079 1007 2164 1057 ego
2191 994 2414 1059 equidem
2431 996 2561 1045 viros
2591 996 2826 1059 sapientes
2849 1008 2937 1045 vos
2973 994 3155 1059 haheo,
3171 996 3274 1059 qui·

1714 1070 1806 1121 hus
1824 1084 1853 1120 a
1874 1084 1956 1121 me
1973 1070 2216 1133 disputata
2229 1072 2346 1121 satis
2360 1083 2461 1121 oese
2473 1070 2674 1134 possint.

1778 1152 1853 1195 2ο.
1888 1148 1982 1197 Hic
2001 1148 2166 1195 autem
2201 1143 2532 1210 [adversarius
2565 1145 2731 1210 meus]
2766 1144 2994 1197 facillime
3045 1145 3275 1210 quicquid

1715 1215 1766 1264 in
1782 1215 1989 1266 buccam
2020 1217 2206 1267 venerit
2227 1216 2464 1268 mentiens
2477 1254 2492 1280 ,
2525 1216 2810 1280 nullumque
2839 1216 2930 1266 sihi
2955 1217 3186 1267 damnum
3213 1231 3276 1267 ex

1714 1292 2022 1355 improbitate
2043 1306 2132 1343 sua
2148 1304 2342 1357 sperans
2361 1294 2652 1343 exstiturum
2665 1330 2680 1355 ,
2699 1294 2808 1342 tum
2826 1294 2918 1343 alia
2935 1293 2985 1342 in
3001 1306 3082 1342 me
3099 1294 3276 1355 probra

1717 1362 1984 1424 conjectat,
2037 1362 2099 1413 de
2147 1362 2324 1426 quibus
2377 1362 2577 1413 fortasse
2627 1362 2940 1426 postmodum
2984 1363 3276 1413 mentionem

1718 1432 1918 1494 faciam,
1948 1436 2054 1483 tum
2087 1434 2182 1482 hoc
2202 1446 2398 1495 quoque
2429 1432 2610 1495 iactat,
2645 1434 2932 1483 Stratoclem
2959 1434 3009 1482 et
3027 1446 3104 1483 me
3129 1433 3190 1482 de
3207 1433 3276 1482 di·

1718 1501 1934 1552 vidunda
1950 1503 2076 1553 inter
2102 1517 2191 1553 nos
2211 1502 2476 1553 hereditate
2498 1503 2724 1568 depactos
2755 1503 2898 1553 fuisse
2913 1540 2929 1565 ,
2949 1516 3102 1567 quum
3133 1503 3182 1553 in
3215 1517 3274 1555 eo

1724 1585 1937 1623 essemus
1959 1576 2015 1624 ut
2031 1574 2244 1624 actiones
2273 1573 2362 1623 lias
2387 1574 2686 1625 sortiremur.
2720 1574 2870 1638 Atqui
2896 1575 2938 1624 si
2968 1575 3144 1639 quibus
3169 1576 3276 1628 aliis

1718 1647 1852 1697 licuit
1874 1647 1967 1697 hac
1983 1648 2044 1699 de
2065 1648 2332 1701 hereditate
2364 1648 2613 1700 certamen
2639 1650 2765 1701 inter
2782 1663 2834 1725 se
2861 1650 3248 1713 compromittere
3261 1687 3277 1713 ,

1720 1723 1859 1773 nobis
1890 1724 2004 1776 solis
2041 1725 2090 1775 id
2125 1738 2224 1775 non
2259 1726 2412 1776 licuit.
2492 1726 2592 1788 (21)
2631 1729 2756 1777 Nam
2792 1726 3042 1776 Eubulidis
3084 1728 3276 1789 quidem

1719 1804 1820 1853 filia
1841 1807 1892 1854 et
1914 1806 2110 1868 Hagniae
2127 1806 2312 1862 mater,
2345 1804 2476 1868 quod
2513 1806 2640 1855 inter
2666 1819 2718 1856 se
2748 1818 2850 1854 non
2877 1818 2938 1855 ex
2961 1804 3136 1855 eodem
3158 1805 3279 1867 juris

1719 1882 1863 1931 titulo
1899 1882 2168 1943 certarent,
2201 1882 2425 1945 poterant
2474 1881 2572 1932 iuae
2613 1880 2808 1944 quidem
2860 1880 3128 1943 depacisci,
3167 1883 3279 1932 utra

1718 1950 1950 2015 vinceret,
1969 1954 2026 2002 ut
2045 1953 2244 2001 alteram
2259 1952 2438 2001 victam
2459 1952 2508 2001 in
2528 1951 2799 2014 portionem
2815 1949 3095 2001 hereditatis
3119 1952 3281 2002 venire

1720 2020 1928 2072 sineret:
1951 2035 2064 2072 nam
2090 2035 2258 2072 earum
2281 2022 2546 2084 unicuique
2568 2034 2658 2071 sua
2677 2034 2896 2073 seorsum
2914 2035 3038 2071 urna
3058 2022 3281 2086 ponenda

1721 2092 1840 2141 erat.
1906 2094 2079 2142 Nostra
2113 2094 2278 2142 autem
2301 2106 2400 2142 non
2425 2092 2594 2142 eadem
2621 2093 2728 2141 erat
2754 2092 2988 2153 conditio;
3021 2092 3281 2145 contende-

1721 2162 1892 2211 bamus
1914 2162 2043 2212 enim
2059 2164 2203 2213 ambo
2225 2177 2313 2213 nos
2327 2177 2391 2213 ex
2409 2162 2578 2213 eodem
2597 2161 2738 2212 titulo
2758 2162 3053 2224 cognationis
3068 2198 3082 2223 ,
3108 2177 3280 2214 verum

1721 2232 2050 2296 unusquisque
2091 2236 2310 2285 nostram
2349 2246 2566 2283 seorsum
2605 2246 2695 2296 pro
2739 2246 2792 2283 se
2831 2232 3063 2294 singulari
3095 2235 3284 2285 actione

1722 2303 1964 2353 semissem
1999 2303 2272 2353 hereditatis
2301 2304 2510 2367 petebat.
2575 2302 2854 2353 petentibus
2881 2306 3045 2353 autem
3077 2303 3208 2355 idem
3235 2308 3286 2355 et

1723 2386 1787 2422 ex
1820 2373 1990 2423 eodem
2021 2374 2164 2424 titulo
2201 2386 2298 2423 una
2331 2372 2638 2423 solummodo
2677 2373 2874 2435 ponitur
2913 2387 3062 2437 urna,
3090 2376 3140 2424 et
3174 2378 3282 2425 tum

1723 2456 1821 2493 non
1853 2446 2011 2507 potest
2036 2446 2159 2495 alter
2180 2444 2402 2506 vincere,
2434 2444 2556 2495 alter
2586 2444 2745 2507 vinci,
2765 2443 2848 2495 sed
2877 2444 3115 2495 ambobus
3151 2446 3280 2496 idem

1726 2522 1943 2573 imminet
1989 2520 2275 2585 periculum.
2372 2522 2677 2585 Quapropter
2723 2522 2951 2584 negatum
2995 2522 3134 2573 nobis
3182 2527 3284 2574 erat

1726 2596 2116 2648 communionem
2150 2596 2276 2647 inter
2309 2610 2402 2647 nos
2440 2597 2732 2647 constituere
2777 2596 2923 2659 hujus
2987 2598 3280 2650 hereditatis.

1727 2673 1847 2736 (22)‘
1872 2676 2052 2723 Verum
2097 2672 2214 2737 quia
2270 2673 2529 2724 Stratocles
2569 2674 2670 2723 vita
2720 2674 2854 2737 prius
2891 2674 3094 2725 decessit
3134 2690 3279 2738 quam

1726 2753 1944 2801 nostrum
1973 2751 2302 2816 unusquisque
2328 2765 2464 2802 suam
2487 2764 2702 2801 seorsum
2725 2754 2963 2802 actionem
2989 2752 3052 2803 de
3083 2754 3278 2805 semisse

1729 2828 2006 2879 hereditatis
2022 2830 2293 2892 sortiretur,
2308 2842 2465 2892 eoque
2477 2830 2620 2892 pacto
2633 2828 2917 2891 interempta
2934 2830 3160 2880 Stratocli
3178 2836 3283 2884 erat

1727 2904 1831 2966 ejus
1868 2904 2170 2967 participatio
2201 2905 2400 2968 parique
2435 2902 2582 2954 modo
2617 2902 2718 2953 filio
2754 2904 2833 2953 isti
2859 2916 2946 2967 per
2974 2905 3128 2967 legem
3146 2942 3162 2967 ,
3197 2907 3282 2957 sed

1726 2980 1966 3031 hereditas
1986 2994 2050 3031 ex
2071 2994 2175 3031 asse
2191 2994 2254 3031 ex
2281 2982 2426 3032 titulo
2444 2980 2816 3044 propinquitatis
2831 2980 2894 3029 ad
2923 2994 3076 3031 unum
3106 2996 3186 3032 me
3199 3020 3216 3045 ‚
3243 2985 3282 3035 si

1727 3061 1950 3111 vicissem
1971 3060 2566 3123 possessores,deventura
2583 3060 2687 3109 erat
2703 3096 2718 3121 ‚
2739 3060 2845 3109 tum
2869 3059 3064 3110 demum
3089 3060 3286 3125 [adver-

1727 3137 1880 3187 sarius
1923 3136 2092 3201 meus]
2131 3138 2224 3187 ista
2265 3136 2356 3187 sibi
2398 3134 2777 3185 comminiscitur
2841 3137 2892 3186 et
2944 3137 3251 3189 machinatur
3267 3181 3282 3205 ‚

1727 3228 1924 3277 sperans
1963 3215 2100 3265 facile
2131 3214 2220 3264 sibi
2259 3216 2478 3264 futurum
2517 3215 2575 3264 ut
2615 3212 2848 3276 ejusmodi
2882 3216 3169 3266 commentis
3198 3230 3286 3267 vos

1728 3290 1952 3354 decipiat.
2015 3290 2142 3343 Nihil
2163 3294 2324 3341 autem
2345 3291 2520 3340 horum
2539 3289 2644 3340 fieri
2671 3291 2911 3353 potuisse,
2931 3291 3014 3341 sed
3039 3291 3099 3341 de
3121 3292 3284 3356 singu-

1728 3365 1785 3415 lis
1803 3364 2028 3415 distincte
2049 3366 2383 3429 praescriptum
2406 3376 2528 3426 esse,
2557 3377 2586 3412 e
2612 3363 2796 3427 legibus
2828 3365 2967 3415 facile
2997 3367 3072 3416 est
3101 3379 3281 3429 cogno-

1728 3452 1877 3491 scere.
1905 3444 2036 3504 cape
2051 3444 2107 3491 tu
2125 3440 2273 3503 istoc,
2292 3442 2342 3490 et
2365 3438 2514 3490 recita
2531 3438 2660 3503 ipsis.

2432 3578 2569 3621 LEX.

1789 3691 1867 3737 23.
1903 3684 2169 3738 Videtur-ne
2189 3686 2328 3738 vobis
2350 3685 2430 3737 lex
2459 3686 2739 3737 facultatem
2765 3686 2880 3737 dare
2897 3687 3286 3738 communionis?

1724 3787 1889 3826 annon
1932 3776 2092 3839 potius
2116 3789 2144 3826 e
2173 3775 2442 3836 contrario,
2479 3774 2666 3825 etiamsi
2699 3776 2840 3825 antea
2873 3775 3039 3826 fuisset
3063 3789 3284 3825 commu-

1728 3864 1835 3925 nio,
1868 3863 2011 3914 edicit
2035 3877 2432 3927 unumquemque
2453 3876 2593 3912 suam
2630 3863 2898 3925 portionem
2939 3864 3100 3925 petere
3122 3866 3170 3913 et
3199 3876 3282 3913 ea-

1726 3952 1839 4003 dem
1857 3952 1920 4003 de
1935 3966 1990 4003 re
2009 3952 2275 4014 eodemque
2301 3965 2363 4001 ex
2389 3951 2532 4001 titulo
2559 3950 2856 4013 litigantibus
2885 3964 3040 4001 unum
3067 3950 3180 4014 poni
3198 3964 3283 4014 ca·

1726 4042 1913 4091 discum
1947 4040 2078 4090 etad
2105 4039 2235 4089 hunc
2259 4038 2458 4088 modum
2482 4039 2638 4089 facere
2663 4038 3062 4100 adjiidicationem
3093 4039 3284 4090 heredi-

1726 4131 1920 4179 tatum?
1936 4130 1998 4179 Et
2015 4127 2326 4177 nihilominus
2337 4128 2494 4177 tamen
2511 4127 2608 4191 hic,
2623 4126 2818 4177 tametsi
2830 4127 2958 4190 leges
2971 4128 3075 4178 haec
3093 4127 3286 4179 edicant

1728 4220 1777 4268 et
1798 4217 1990 4287 tametsi
2020 4215 2396 4266 communicatio
2433 4215 2596 4265 locum
2632 4214 2809 4265 habere
2828 4216 3014 4265 nullum
3045 4217 3284 4279 potuerit,

1727 4319 1875 4357 ausus
1902 4307 2066 4355 tamen
2101 4306 2175 4355 est
2195 4306 2298 4353 tam
2329 4306 2512 4353 temere
2545 4302 2850 4353 mendacium
2873 4306 2976 4353 tam
3005 4304 3284 4367 pudendum

1726 4392 2040 4445 comminisci.
2107 4393 2206 4455 (24)
2235 4394 2422 4441 Verum
2443 4404 2544 4441 non
2577 4391 2671 4442 hoc
2697 4392 2854 4441 solum
2883 4404 3031 4441 ausus
3059 4393 3160 4453 εει,
3194 4406 3284 4445 ve-

1728 4496 1839 4533 rum
1864 4482 2010 4533 etiam
2029 4494 2105 4531 res
2118 4480 2302 4543 jactare
2323 4480 2446 4531 inter
2463 4493 2516 4530 se
2545 4480 3013 4543 repugnantissimas.
3039 4482 3284 4533 Attendite

1728 4568 1871 4619 modo
1888 4606 1903 4632 ,
1924 4568 2142 4631 iudices,
2164 4567 2396 4617 animum.
2463 4566 2738 4617 pollicitum
2769 4580 2850 4617 me
2879 4567 2948 4617 ait
2978 4580 3079 4618 esse
3101 4582 3252 4631 puero
3270 4605 3285 4631 ,

1727 4660 1946 4709 tenentes
1964 4655 2275 4707 hereditatem
2304 4657 2344 4706 si
2371 4655 2537 4706 vicero
2554 4692 2568 4719 ,
2597 4655 2840 4706 semissem
2865 4655 2970 4717 ejus
2987 4668 3068 4705 me
3082 4656 3172 4719 ipsi
3199 4658 3288 4707 im·

1729 4748 2016 4812 pertiturum
2039 4759 2160 4795 esse.
2227 4744 2374 4807 Atqui
2394 4745 2436 4794 si
2460 4757 2610 4807 puero
2630 4744 2711 4807 jus
2743 4743 3022 4795 hereditatis
3055 4746 3156 4795 erat
3183 4746 3200 4806 (
3217 4746 3287 4794 uti

1726 4835 1807 4886 liic
1823 4836 1913 4899 ait)
1940 4848 2004 4885 ex
2035 4834 2180 4885 titulo
2215 4834 2542 4897 cognationis,
2569 4832 2690 4898 quid
2728 4846 2851 4898 opus
2888 4834 2994 4883 erat
3017 4834 3073 4883 ut
3105 4834 3231 4883 hanc
3258 4846 3285 4881 a

1726 4937 1807 4975 me
1832 4924 2135 4987 sponsionem
2156 4923 2396 4986 exigeret?
2420 4936 2534 4972 nam
2570 4935 2686 4972 vera
2721 4922 2761 4972 si
2789 4924 2903 4972 sunt
2929 4934 2986 4972 ea
3019 4934 3132 4985 quoe
3163 4934 3282 4984 prae·

1726 5012 1958 5072 tendunt,
1985 5014 2088 5063 erat
2106 5012 2195 5075 ipsi
2215 5024 2410 5075 quoque
2438 5010 2518 5074 jus
2539 5023 2638 5061 non
2662 5010 2870 5060 deterius
2899 5012 3044 5073 atque
3067 5010 3186 5059 mihi
3213 5013 3281 5060 est

1726 5102 2040 5153 hereditatem
2068 5100 2238 5163 injure
2259 5100 2468 5163 petendi.
2535 5099 2634 5161 (25)
2663 5098 2746 5149 Sin
2777 5099 2940 5147 autem
2961 5111 2988 5146 a
3005 5098 3280 5161 propinqui·

1727 5187 1827 5236 tate
1852 5185 2052 5247 ejusque
2066 5183 2258 5246 juribus
2274 5181 2458 5233 exclusi
2475 5194 2671 5245 prorsus
2689 5181 2826 5229 erant
2840 5219 2857 5243 ,
2880 5192 3024 5230 eccur
3041 5193 3130 5241 ego
3157 5182 3280 5229 reci-

1726 5285 1889 5339 perem
1906 5270 2000 5320 illis
2025 5270 2210 5333 partem
2233 5268 2511 5319 hereditatis
2535 5266 2920 5329 imper-titutum,
2957 5264 3138 5329 legibus
3161 5264 3283 5339 m³l1i
