3825 5842
116 538 369 621 (ne-iso)

110 674 225 750 αὐτῷ
252 672 340 740 τῆς

107 758 177 818 τὸν
198 754 383 835 πατέρα
397 797 414 825 ,
437 749 571 810 ἀλλὰ
590 746 731 809 κατὰ
752 746 845 818 τὴν
871 743 1075 827 μητέρα
1110 745 1200 805 καὶ
1224 747 1326 805 τῶν
1356 742 1613 804 Ἄπολλο-

110 844 247 925 δώρου
272 846 357 901 τοῦ
380 838 664 903 Εὐπόλιδος
689 834 819 903 υἱέος
844 834 904 893 τὸ
934 832 1087 915 μέρος
1118 831 1314 913 εἴληφε·
1339 828 1431 890 καὶ
1454 828 1615 887 τῶνδε

76 931 205 1003 δέξῆν
232 931 361 1011 αὖτῷ
400 926 537 986 κατὰ
580 922 775 996 ταύτην
817 922 911 995 τὴν
951 919 1252 1000 συγγένειαν
1295 914 1577 996 λαγχάνειν
1596 957 1613 987 ,

112 1021 197 1079 ὄντι
232 1014 453 1099 προτέρῳ
483 1010 679 1086 ταύτης
698 1057 715 1086 ,
743 1008 889 1091 εἴπερ
923 1008 993 1068 τὰ
1032 1004 1379 1089 πεπραγμένα
1409 1002 1483 1083 μὴ
1524 1026 1617 1061 κυ-

114 1108 209 1188 ρίως
226 1105 350 1185 ἔχειν
371 1101 621 1179 ἐνόμιζεν.
704 1099 799 1177 (2ο)
832 1096 968 1156 Ἀλλ’
990 1098 1084 1155 οὐκ
1104 1094 1241 1155 ἔστιν
1264 1089 1617 1171 ἀναίσχυντος.

114 1192 289 1272 Μητρὸς
320 1188 547 1267 δ’,οὒδείς
574 1192 715 1247 ἐστιν
741 1184 1013 1257 ἐκποίητος
1028 1230 1043 1256 ,
1087 1185 1203 1242 ἀλλ’
1230 1180 1419 1259 ὁμοίως
1446 1176 1619 1257 ὑπάρ-

114 1282 277 1363 χειτὴν
302 1276 455 1349 αὐτὴν
494 1268 627 1335 εἶναι
652 1272 884 1355 μητέρα,
914 1272 1013 1332 κᾶν
1048 1274 1099 1331 ἐν
1132 1274 1209 1352 τῷ
1230 1263 1462 1349 πατρῴῳ
1490 1265 1620 1345 μένῃ

119 1396 179 1437 τις
200 1370 307 1450 οἴκῳ
326 1367 420 1428 κᾶν
448 1368 722 1443 ἐκποιηθῇ.
802 1362 896 1423 Διὸ
931 1364 1035 1421 τῶν
1062 1356 1457 1437 Ἀπολλοδώρου
1488 1376 1527 1434 χ
1530 1376 1623 1434 ρη-

77 1479 95 1514 5
118 1460 261 1537 μάτων
296 1458 385 1516 οὔκ
422 1450 753 1535 ἀπεστερήθη
786 1456 875 1510 τοῦ
906 1448 1121 1531 μέρους,
1156 1444 1293 1505 ἀλλὰ
1323 1442 1622 1523 μετειλήφει

116 1548 161 1607 τὸ
182 1544 464 1626 ἡμικλήριον
478 1589 497 1621 ‚
527 1540 657 1623 πρὸς
678 1536 874 1611 ταύτην
894 1535 1219 1616 νειμάμενος.
1304 1531 1403 1599 Ὡς
1426 1531 1469 1591 δ’
1492 1532 1621 1603 ἀλη-

117 1640 166 1707 θῆ
184 1632 332 1713 λέγω,
356 1633 505 1693 κάλει
528 1652 621 1711 μοι
644 1626 841 1689 τούτων
864 1624 981 1693 τοὺς
1015 1622 1303 1706 μάρτυρας.

677 1774 1021 1823 ΙΜᾸΡΤΥΡΕΣ.

178 1928 239 1968 ts.
276 1905 423 1969 Οὕτω
448 1902 547 1983 μὲν
575 1902 677 1979 οὐχ
711 1901 761 1959 οἱ
792 1902 1035 1978 γεννῆται
1066 1892 1219 1973 μόνον
1246 1891 1338 1952 καὶ
1381 1889 1629 1973 φράτορες

118 1996 319 2077 γεγόνασι
335 1992 591 2074 μάρτυρες
612 1992 707 2059 τῆς
730 1990 859 2065 ἐμῆς
890 1982 1149 2057 ποιήσεως
1164 2027 1181 2062 ,
1215 1978 1351 2040 ἀλλὰ
1373 1976 1465 2037 καὶ
1490 1977 1631 2057 Θρα-

122 2084 329 2151 σύῧουλος
357 2084 446 2141 οὖκ
482 2075 835 2159 ἂμφισὸητῶν
867 2072 1003 2155 ἔργῳ
1029 2070 1319 2143 δεδήλωκεν
1347 2066 1427 2127 ὅτι
1449 2064 1516 2124 τὰ
1537 2086 1630 2123 πε-

124 2172 351 2253 πραγμένα
376 2163 753 2247 Ἀπολλοδώρῳ
778 2161 967 2245 κυρίως
990 2159 1129 2241 ἔχειν
1150 2156 1346 2235 νομίζει
1380 2153 1471 2213 καὶ
1494 2150 1633 2212 κατὰ

76 2282 106 2321 ιο
123 2258 214 2326 τοὺς
236 2257 417 2337 νόμους·
452 2256 512 2314 οὗ
540 2251 645 2333 γὰρ
678 2250 742 2311 ἄν
772 2272 901 2309 ποτε
936 2244 1196 2307 τοσούτων
1226 2242 1517 2324 χρημάτων
1543 2242 1635 2299 οὐκ

124 2346 353 2425 ἐλάγχανε.
452 2338 717 2419 Γεγόνασι
766 2336 822 2397 δὲ
862 2335 1003 2413 ὅμως
1040 2333 1134 2393 καὶ
1176 2331 1330 2391 ἄλλοι
1380 2328 1635 2411 μάρτυρες

127 2436 255 2515 αὐτῷ.
330 2430 417 2512 (22]
463 2428 607 2510 Πρὶν
654 2426 755 2507 γὰρ
804 2424 897 2503 ἐμὲ
934 2422 1079 2496 Ιἥκειν
1118 2423 1177 2480 ἐκ
1218 2424 1311 2491 τῆς
1339 2416 1597 2483 Πυθιάδος
1616 2460 1633 2491 ,

129 2522 241 2599 ἔλεγε
271 2520 387 2601 πρὸς
419 2520 541 2585 τοὺς
577 2515 809 2593 δημότας
834 2509 1221 2589 Ἀπολλόδωρος
1248 2506 1327 2567 ὅτι
1354 2502 1639 2581 πεποιημέ-

128 2632 191 2676 νος
212 2608 281 2678 εἴη
310 2632 371 2685 με
396 2606 503 2665 υἱὸν
534 2602 632 2664 καὶ
654 2598 983 2683 ἐγγεγραφὼς
1015 2598 1085 2664 εἷς
1116 2594 1233 2661 τοὺς
1265 2592 1523 2673 συγγενεῖς
1548 2589 1638 2649 καὶ

130 2696 342 2777 φράτορας
360 2740 377 2774 ,
420 2692 513 2755 καὶ
562 2686 923 2773 παραδεδώκει
964 2684 1059 2757 τὴν
1096 2680 1273 2744 οὐσίαν
1290 2726 1308 2755 ,
1346 2679 1437 2740 καὶ
1476 2680 1639 2737 διεκε-

130 2784 260 2842 λεύείῩ
285 2784 413 2851 ὅπως
446 2782 541 2855 ἂν,
572 2780 698 2838 εἴτι
734 2776 892 2836 πάθοι
927 2772 1206 2855 πρότερον,
1235 2766 1533 2851 ἐγγράφωσί
1575 2788 1641 2845 με

135 2874 189 2938 εἷς
208 2871 257 2931 τὸ
283 2868 615 2952 ληξιαρχικὸν
651 2872 1008 2947 γραμματεῖον
1044 2859 1355 2943 Θράσυλλον
1394 2856 1641 2917 Ἀπολλο·

134 2958 265 3037 δώρου
299 2958 383 3017 καὶ
420 2958 497 3034 μὴ
544 2959 619 3025 ὥς
667 2954 839 3021 ἄλλως
888 2949 1169 3023 ποιήσωσι.
1254 2948 1343 3025 (aa)
1396 2944 1643 3005 Κάκεῖνοι

80 3074 112 3111 ιι
132 3054 263 3107 ταῦτα
296 3048 607 3111 ἀκούσαντες
626 3089 643 3117 ,
686 3042 881 3102 τούτων
920 3042 973 3100 ἐν
1016 3034 1375 3121 ἀρχαιρεσίαις
1418 3052 1644 3110 κατηγο-

135 3135 311 3213 ρούντων
332 3135 419 3194 καὶ
454 3130 717 3213 λεγόντων
746 3132 816 3196 ὣς
844 3129 938 3188 οὔκ
965 3122 1247 3198 ἐποιήσατό
1280 3145 1347 3200 με
1385 3118 1495 3179 υἱόν
1514 3166 1531 3199 ,
1554 3117 1645 3178 καὶ

136 3222 174 3290 ἐξ
210 3215 271 3283 ὧν
300 3223 523 3297 ἥκουσαν
573 3218 665 3279 καὶ
710 3216 764 3286 ἐξ
801 3208 873 3277 ὧν
920 3214 1116 3296 ᾔδεσαν
1138 3258 1156 3290 ‚
1204 3210 1485 3289 ὀμόσαντες
1531 3205 1646 3266 καθ’

132 3314 251 3391 ἱερῶν
291 3307 579 3392 ἔνέγραψάν
626 3329 726 3387 με,
774 3302 1014 3384 καθάπερ
1058 3304 1249 3367 ἐκεῖνος
1298 3295 1523 3357 ἐκέλευε·
1569 3316 1649 3353 το·

136 3399 266 3471 σαύτη
305 3397 609 3481 περιφάνεια
650 3400 745 3467 τῆς
784 3396 915 3471 ἐμῆς
964 3388 1225 3462 ποιήσεως
1273 3384 1475 3466 ἐγένετο
1519 3385 1647 3462 παρ’

138 3490 292 3557 αὐτοῖς.
366 3488 459 3557 Ὡς
497 3486 546 3545 δ’
576 3486 747 3557 ἀληθῆ
785 3479 927 3560 λέγω
942 3525 961 3559 ‚
986 3476 1137 3539 κάλει
1179 3497 1268 3554 μοι
1308 3470 1505 3533 τούτων
1533 3468 1651 3551 τοὺς

138 3599 382 3659 μαρτυρες.

693 3712 1037 3765 ΜΑΡΤΥΡΕΣ.

200 3860 261 3903 20.
294 3840 419 3904 Ἐπὶ
458 3840 559 3921 μὲν
592 3834 851 3898 τοσούτων
902 3828 1212 3913 μαρτύρων,
1248 3816 1293 3887 ὦ
1322 3825 1533 3908 ἄνδρες,
1570 3820 1655 3900 γέ-

84 3946 122 3987 io
142 3950 255 4005 γονεν
277 3934 309 4002 ἡ
334 3929 571 4005 ποίησις,
605 3925 793 4007 ἔχθρας
826 3922 921 4001 μὲν
958 3922 1187 3985 παλαιᾶς
1212 3916 1355 3995 αὐτῷ
1391 3912 1518 3994 πρὸς
1543 3909 1657 3971 τού·

140 4040 233 4087 τους
267 4018 449 4098 οὔσης,
492 4014 673 4099 φιλίας
710 4011 764 4072 δὲ
790 4011 919 4091 πρὸς
957 4012 1100 4087 ἡμᾶς
1139 4004 1231 4066 καὶ
1262 3999 1559 4083 συγγενείας
1594 4001 1653 4059 οὗ

142 4117 297 4187 μικρᾶς
334 4104 697 4188 ὑπαρχούσης.
782 4099 880 4167 Ὡς
907 4099 951 4157 δ’
980 4094 1089 4158 οὐδ’
1116 4097 1162 4154 εἰ
1200 4090 1484 4172 μηδέτερον
1527 4084 1648 4149 τού-

141 4216 225 4253 των
262 4198 485 4275 ὑπῆρχε,
528 4190 667 4271 μήτε
712 4187 876 4270 ἔχθρα
912 4185 1037 4267 πρὸς
1075 4181 1283 4247 τούτους
1332 4176 1467 4256 μήτε
1512 4175 1659 4257 φιλία

140 4282 243 4359 πρὸς
274 4287 431 4362 ἡμᾶς,
470 4284 568 4341 οὒκ
614 4277 677 4337 ἄν
718 4298 846 4335 ποτε
903 4270 1287 4348 Ἀπολλόδωρος
1332 4265 1420 4325 ἐπὶ
1463 4262 1661 4331 τούτοις

141 4365 211 4424 τὸν
250 4372 431 4452 κλῆρον
468 4373 653 4427 τοῦτον
695 4361 996 4435 κατέλιπεν,
1026 4349 1175 4437 οἶμαι
1214 4354 1306 4415 καὶ
1344 4350 1489 4413 ταῦθ’
1538 4351 1660 4430 ὑμῖν

146 4456 299 4534 ῥᾳδίως
338 4456 625 4525 ἐπιδείξειν.
735 4454 820 4531 (3ο)
873 4448 1078 4515 Πάντες
1100 4444 1202 4526 γὰρ
1226 4446 1273 4503 οῖ
1327 4438 1657 4513 τελευτήσειν

146 4546 381 4619 μέλλοντες
430 4544 675 4627 πρόνοιαν
730 4545 999 4601 ποιοῦνται
1052 4538 1194 4617 σφῶν
1261 4532 1461 4605 αὖτῶν,
1524 4526 1663 4597 ὅπως

91 4651 129 4690 25
148 4630 206 4703 μὴ
240 4633 613 4713 ἕξερημῶσουσι
654 4628 772 4698 τοὺς
807 4624 1083 4711 σφετέρους
1110 4624 1280 4681 αὐτῶν
1310 4617 1479 4685 οἴκους
1494 4662 1511 4691 ,
1542 4616 1662 4675 ἀλλ’

152 4718 268 4779 ἔσται
282 4746 353 4791 τις
378 4722 471 4782 καὶ
496 4725 527 4780 δ
554 4721 769 4799 ἐναγιιῗιν
796 4714 889 4777 καὶ
914 4713 1088 4773 πάντα
1127 4708 1195 4769 τὰ
1228 4704 1541 4786 νομιζόμενα
1570 4704 1663 4761 αὖ·

151 4810 233 4875 τοῖς
262 4812 503 4884 ποιήσων·
532 4808 614 4869 διὸ
660 4806 755 4869 κᾶν
810 4805 1029 4871 ἄπαιδες
1090 4796 1471 4871 τελευτήσωσιν
1486 4838 1505 4871 ,
1546 4792 1663 4851 ἀλλ’

157 4889 222 4954 οὖν
246 4900 581 4978 ποιησάμενοι
622 4894 1013 4957 καταλείπουσι.
1115 4887 1225 4950 Καὶ
1261 4888 1319 4946 οὗ
1365 4882 1519 4961 μόνον
1560 4878 1666 4961 ἰδία

158 4991 290 5046 ταῦτα
312 4988 647 5069 γινώσκουσιν
664 5031 683 5064 ,
714 4981 849 5045 ἀλλὰ
884 4981 976 5042 καὶ
1017 4974 1245 5055 δημοσίᾳ
1271 4968 1529 5052 τοκοινὸν
1574 4973 1669 5041 τῆς

161 5070 321 5143 πόλεως
340 5076 473 5135 οὕτω
496 5076 643 5135 ταῦτ’
672 5072 861 5151 ἔγνωκε
874 5092 887 5107 ·
914 5066 1061 5149 νόμῳ
1087 5064 1188 5146 γὰρ
1214 5065 1291 5143 τῷ
1320 5059 1537 5142 ἄρχοντι
1561 5060 1665 5115 τῶν

164 5158 283 5221 dnm
296 5208 313 5238 ,
356 5163 494 5233 ὅπως
539 5161 607 5223 ἃν
662 5159 735 5239 μὴ
784 5159 1162 5240 ἔξερημῶνται,
1210 5147 1523 5233 προστάττει
1570 5140 1667 5216 τὴν

166 5246 441 5325 ἕπῑμέλειαν.
526 5251 619 5333 (σι)
646 5246 869 5330 Ἔκείνῳ
904 5242 959 5306 δὲ
994 5241 1251 5325 πρόδηλον
1278 5229 1343 5311 ἦν
1374 5234 1455 5296 ὅτι
1494 5235 1541 5293 εἰ
1566 5254 1668 5293 κα-

114 5352 151 5394 20
168 5337 361 5418 τιλιίψιι
410 5340 499 5403 τὸν
544 5341 735 5421 κλῆρον
785 5336 871 5397 ἐπὶ
930 5332 1163 5411 τούτοις,
1214 5328 1407 5411 ἔρημον
1454 5320 1665 5398 ποιήσει

800 536 809 547 “
850 526 1025 589 ISAEI
1076 526 1198 587 ΟΒ.
1242 525 1345 586 DE
1386 520 1877 584 APOLLODORI
1921 518 2420 583 HEREDITATE.

375 660 669 744 συγγενείας
708 656 901 731 ταύτης
923 662 1216 739 προσῆκενς
1244 657 1303 715 οὔ
1336 653 1440 737 γὰρ
1474 650 1613 713 κατὰ
1696 661 1775 724 ius
1790 661 1918 711 banc
1932 661 2244 713 hereditatem
2261 658 2486 725 petendi?
2503 670 2648 721 num,
2671 656 2803 721 quod
2818 654 3148 720 emancipatus
3161 660 3250 719 est,

3134 528 3243 579 28¹1

1701 729 1809 779 ideo
1826 729 1986 780 minus
2007 732 2080 780 est
2102 727 2375 793 Apollodori
2392 727 2652 789 cognatus?
2713 726 2870 776 Etiam
2891 724 3088 775 alterius
3107 726 3253 787 Apol-

1702 795 1855 845 lodori
1871 833 1886 859 ,
1918 796 2002 859 qui
2020 796 2144 846 tilius
2165 794 2412 858 Eupolidis
2428 793 2521 841 luit
2536 830 2551 855 ,
2573 792 2816 843 cernissem
2835 791 3140 850 hereditatis,
3155 803 3254 842 non

1702 874 1731 911 e
1752 866 1978 926 paterno,
1999 864 2085 915 sed
2099 865 2318 913 materno
2339 862 2450 924 iure
2465 862 2650 924 accepit
2671 880 2684 911 ε
2703 861 2882 912 licebat
2896 874 3008 925 ergo
3024 860 3069 910 ei
3087 873 3254 924 cogna-

1703 932 1847 981 tionis
1887 931 2085 995 quidem
2121 944 2185 981 ex
2227 930 2369 979 titulo
2419 928 2547 978 bona
2586 928 2692 979 baec
2731 931 2921 992 petere,
2957 926 3134 991 quippe
3171 925 3253 991 qui

1708 1000 1932 1050 feminam
1961 1000 2086 1049 hanc
2125 1000 2176 1049 in
2202 998 2312 1062 iure
2350 997 2542 1061 petendi
2576 998 2904 1060 antecederet,
2941 999 2992 1047 et
3031 998 3256 1060 petisset,

1706 1069 1798 1119 nisi
1842 1068 2159 1118 existimasset
2197 1068 2326 1117 recte
2359 1064 2535 1115 habere
2563 1065 2626 1114 ab
2662 1064 2954 1127 Apollodoro
2975 1064 3254 1113 constituta.

1718 1137 1815 1199 (25)
1837 1137 2020 1185 Verum
2047 1134 2372 1197 Thrasybulus
2385 1144 2485 1183 non
2505 1133 2579 1182 est
2601 1132 2666 1181 im
2675 1131 2875 1196 pudens.
2941 1134 3062 1183 Nam
3091 1128 3259 1181 matris

1708 1206 1901 1269 quidem
1928 1218 2071 1256 nemo
2093 1208 2168 1255 est
2183 1205 2536 1268 emancipatus,
2555 1202 2638 1253 sed
2659 1202 2855 1265 perinde
2875 1206 3036 1254 servat
3058 1203 3262 1266 quisque

1708 1280 1912 1326 matrem
1933 1290 2088 1339 suam,
2100 1276 2202 1326 sive
2213 1276 2264 1325 in
2282 1274 2426 1325 domo
2443 1276 2640 1337 paterna
2655 1275 2818 1323 manet
2829 1310 2844 1337 ,
2868 1274 3040 1324 sivein
3055 1272 3262 1323 alienam

1709 1346 2049 1410 ernancipatur.
2115 1349 2418 1409 Quapropter
2449 1346 2594 1395 etiam
2616 1344 2942 1407 Thrasybulus
2959 1346 3096 1408 parte
3116 1343 3262 1393 bono·

1712 1430 1818 1467 rum
1846 1415 2123 1479 Apollodori
2157 1418 2263 1466 rata
2294 1416 2544 1466 fraudatum
2575 1427 2674 1465 non
2711 1414 2802 1464 tuit
2817 1451 2832 1476 ,
2868 1413 2953 1465 sed
2987 1411 3266 1463 hereditatis

1711 1489 1841 1539 illius
1862 1488 2106 1539 semissem
2131 1488 2332 1538 alteram
2349 1486 2547 1537 alistulit
2567 1486 2696 1549 ipse,
2727 1486 2927 1536 alteram
2951 1484 3058 1535 haec
3073 1483 3260 1534 mulier.

1710 1559 1833 1671 griffi
1852 1556 2133 1671 gitbconstet
2163 1567 2193 1605 a
2221 1567 2304 1605 me
2337 1565 2449 1605 vera
2481 1552 2604 1617 dici,
2637 1555 2784 1605 testes
2807 1552 2982 1603 harum
3007 1552 3264 1616 rerumju

2363 1761 2610 1805 TBSTBS.

1780 1892 1857 1937 26.
1890 1882 1968 1937 Ad
2007 1885 2139 1935 hunc
2171 1880 2374 1957 modum
2403 1894 2502 1933 non
2534 1882 2751 1945 gennetae
2781 1876 3083 1932 solummodo
3113 1889 3272 1942 neque

1717 1965 1967 2031 pliratores
1985 1964 2046 2016 de
2071 1976 2181 2015 mea
2201 1962 2456 2027 adoptione
2487 1961 2650 2013 testati
2679 1961 2820 2025 sunt,
2849 1960 2934 2012 sed
2953 1960 3100 2009 etiam
3120 1958 3272 2008 Thra·

1717 2043 1916 2108 sybulus
1939 2055 2025 2105 eo,
2052 2041 2185 2105 quod
2213 2054 2406 2092 mecum
2435 2053 2534 2091 non
2550 2038 2822 2099 contendit,
2845 2038 2949 2101 ipso
2972 2037 3099 2087 tacto
3117 2034 3274 2086 decla·

1719 2122 1843 2171 ravit
1864 2134 1918 2171 se
1933 2120 2204 2171 existimare
2219 2119 2282 2169 ab
2300 2117 2588 2182 Apollodoro
2617 2117 2877 2167 constituta
2899 2118 3002 2164 rata
3020 2128 3124 2166 esse
3150 2112 3274 2175 iuri·

1720 2212 1817 2264 que
1832 2200 2150 2249 consentanea
2181 2216 2195 2248 ε
2227 2195 2346 2247 alias
2379 2194 2626 2245 enimtam
2644 2194 2852 2257 amplam
2885 2192 3197 2243 hereffitatem
3224 2188 3276 2239 in

1716 2278 1827 2341 iure
1864 2280 2026 2341 μάσω
2053 2288 2152 2327 non
2177 2274 2430 2325 omisloeet.
2517 2275 2698 2323 Verum
2733 2273 2848 2323 sunt
2875 2270 3163 2335 Apollodoro
3191 2269 3277 2320 alii

1720 2368 1915 2420 quoque
1933 2356 2094 2405 testes.
2155 2355 2256 2417 (27)
2283 2354 2403 2403 Nam
2427 2349 2710 2415 priusquam
2743 2361 2832 2412 ego
2853 2362 2882 2399 e
2916 2346 3046 2399 ludis
3067 2346 3279 2411 pythicis

1722 2434 1952 2497 redirem,
1974 2432 2044 2483 ita
2064 2444 2179 2483 cum
2205 2429 2410 2481 demotis
2425 2428 2521 2491 egit
2545 2427 2862 2491 Apollodorus
2901 2446 2914 2477 ι
2943 2439 2998 2477 se
3023 2426 3192 2477 fecisse
3221 2428 3280 2477 ut

1723 2525 1811 2577 ego
1826 2511 1916 2575 ipsi
1938 2511 2065 2561 filins
2085 2508 2337 2572 adoptaret
2352 2508 2499 2571 atque
2519 2506 2578 2555 ut
2592 2516 2770 2555 nomen
2791 2516 2956 2555 meum
2979 2504 3032 2555 in
3061 2504 3279 2555 codicem

1725 2590 2036 2653 cognatorum
2054 2588 2201 2650 atque
2220 2585 2504 2649 phratorum
2514 2619 2531 2646 ,
2555 2594 2647 2633 ceu
2665 2580 2754 2631 filii
2783 2582 2857 2631 sui
2867 2618 2884 2645 ‚
2903 2582 3178 2643 inferretur,
3211 2584 3280 2633 t'a·

1726 2670 2023 2731 cultatesque
2055 2666 2174 2717 mihi
2195 2664 2470 2729 tradidisse3
2501 2662 2728 2727 quocirca
2759 2661 2948 2711 hortari
2983 2674 3036 2713 se
3065 2661 3284 2713 demotos

1727 2749 1787 2797 ιιι
1800 2783 1815 2811 ,
1848 2747 1888 2797 si
1922 2746 1984 2796 ab
2013 2746 2135 2797 hora
2167 2743 2298 2793 fatali
2330 2742 2698 2806 opprimeretur,
2722 2738 3004 2803 priusquam
3027 2739 3282 2803 redissem,

1729 2826 1777 2875 in
1790 2824 2002 2875 codicem
2019 2836 2164 2873 suum
2180 2820 2524 2873 lexiarchicum
2541 2831 2719 2869 nomen
2731 2830 2892 2867 meum
2915 2817 3176 2869 inscribant
3193 2818 3284 2867 hoc

1728 2904 1871 2955 titulo
1891 2918 1904 2951 :
1933 2902 2240 2965 Thrasyllus
2259 2900 2577 2965 Apollodori,
2600 2910 2722 2948 neve
2739 2899 2906 2947 contra
2920 2898 3088 2948 faxint.
3107 2899 3204 2963 (28)
3225 2900 3287 2949 Et

1730 2982 1801 3033 illi
1820 2979 2016 3044 quidem
2035 2979 2137 3031 istis
2157 2977 2334 3028 auditis
2347 3013 2362 3039 ,
2383 2976 2576 3027 tametsi
2599 2976 2650 3026 hi
2669 2974 2692 3039 [
2711 2975 2942 3038 Pronepis
2958 2975 3158 3039 ejusque
3174 2989 3285 3027 con·

1731 3062 1922 3127 sortes]
1947 3062 1998 3111 in
2028 3061 2270 3111 conventu
2300 3058 2603 3109 demetarum
2628 3058 2944 3120 quererentur
2963 3058 3189 3119 negantes
3207 3068 3289 3107 mo

1732 3142 2013 3205 adoptatum
2038 3152 2166 3203 esse,
2200 3140 2366 3189 tamen
2395 3138 2446 3187 et
2467 3150 2708 3188 memores
2733 3148 2902 3186 eorum
2935 3146 3048 3198 quie
3065 3133 3156 3198 ipsi
3177 3136 3290 3184 ante

1732 3224 1839 3272 tum
1860 3218 2147 3269 audiverant
2169 3217 2279 3267 tum
2295 3216 2494 3279 norant,
2516 3213 2830 3279 iureiurando
2857 3227 2944 3277 per
2966 3226 3104 3264 sacra
3125 3212 3286 3274 dicto,

1734 3302 1787 3352 in
1804 3298 2142 3352 lexiarcbicum
2159 3297 2429 3348 intulerunt
2443 3308 2610 3348 meum
2641 3307 2820 3345 nomen
2832 3330 2849 3357 ,
2873 3292 3016 3344 sicuti
3036 3290 3292 3355 Apollodo-

1737 3400 1819 3439 rus
1838 3385 2131 3451 praeceperat
2151 3402 2164 3433 ι
2184 3384 2288 3433 tam
2307 3382 2496 3433 certum
2521 3392 2670 3444 penes
2690 3392 2774 3429 eos
2806 3376 3144 3441 liquidumque
3171 3382 3294 3423 meai

1736 3470 2004 3535 adoptionis
2029 3469 2132 3521 erat
2156 3458 2420 3532 negotium.
2437 3468 2564 3518 Vera
2583 3464 2691 3517 hoec
2715 3476 2797 3515 me
2811 3462 2971 3515 dicere
2989 3461 3296 3515 testabuntur

1738 3557 1981 3620 hitestes,
2003 3550 2464 3620 qnostumihicin.

2405 3678 2649 3725 TESTBS.

1804 3828 1882 3875 29.
1916 3823 2092 3873 Coram
2122 3818 2198 3870 tot
2225 3816 2456 3879 testibus,
2485 3814 2700 3877 judices,
2729 3812 2918 3876 gestum
2944 3809 3037 3861 suit
3061 3810 3155 3861 hoc
3175 3809 3296 3862 ado-

1742 3915 1919 3979 ptionis
1953 3911 2195 3977 negotium
2229 3910 2293 3961 ab
2323 3906 2640 3972 Apollodoro,
2673 3902 2754 3955 cui
2785 3917 2900 3954 cum
2927 3903 3002 3953 his
3019 3902 3040 3968 [
3059 3902 3302 3967 Eupolidis

1744 4007 2015 4061 domesticis
2028 4006 2046 4071 ]
2062 4006 2255 4057 vetusta
2265 4002 2486 4055 simultas
2501 3996 2853 4062 intercedebat,
2866 3996 3118 4048 nobiscum
3131 3998 3296 4047 autem

1746 4104 1920 4167 proeter
1949 4097 2346 4151 necessitudinem
2379 4105 2568 4145 summa
2606 4102 2802 4155 qnoque
2835 4088 3025 4139 caritas.
3113 4092 3299 4141 verum

1746 4200 1992 4252 enimvero
2015 4192 2200 4247 etiamsi
2220 4191 2448 4243 neutrum
2473 4188 2650 4238 horum
2680 4184 2874 4247 fuisset,
2905 4194 3066 4246 neque
3081 4180 3304 4232 simultas

1748 4302 1862 4339 cum
1902 4286 1980 4337 his
2021 4296 2180 4347 neque
2211 4277 2510 4332 familiaritas
2538 4274 2790 4325 nobiscum
2805 4308 2820 4335 ,
2857 4282 3106 4333 nunquam
3140 4270 3304 4318 tamen

1750 4374 2066 4441 Apollodorus
2091 4372 2219 4422 bona
2251 4381 2340 4419 sua
2372 4366 2424 4417 in
2443 4366 2620 4415 horum
2647 4360 2886 4425 potestate
2911 4356 3219 4422 reliquisset:
3251 4354 3303 4404 id

1750 4470 1876 4537 quod
1892 4469 2032 4521 facile
2045 4466 2182 4517 vobis
2191 4461 2509 4529 probaverim.
2532 4458 2632 4523 (30)
2651 4461 2831 4509 Omnes
2846 4454 3058 4507 anImam
3071 4451 3306 4516 agitantes

1750 4565 1918 4619 sedulo
1939 4563 2112 4615 cavent
2139 4562 2262 4623 hoc,
2295 4560 2349 4609 ut
2371 4556 2544 4607 domus
2573 4566 2676 4605 suae
2704 4551 2930 4603 desolatae
2955 4563 3018 4600 ne
3040 4548 3159 4599 nant
3173 4584 3188 4610 ,
3221 4545 3308 4597 sed

1752 4666 1807 4714 ut
1822 4662 1886 4715 sit
1901 4659 1987 4727 qui
2011 4657 2232 4710 manibus
2251 4652 2350 4705 suis
2383 4650 2575 4702 inferias
2598 4647 2770 4699 inferat
2795 4646 2846 4697 et
2867 4644 3051 4707 reliqua
3078 4641 3210 4705 justa
3230 4639 3306 4689 fa-

1753 4758 1880 4808 ciat:
1903 4752 2212 4819 quapropter,
2227 4748 2268 4799 si
2292 4745 2376 4810 qui
2399 4742 2626 4808 improles
2641 4740 2730 4805 ipsi
2747 4740 2869 4804 sint,
2889 4740 3055 4789 tamen
3071 4734 3193 4785 filios
3217 4730 3306 4783 sibi

1752 4866 1837 4921 per
1855 4848 2157 4914 adoptionem
2175 4842 2420 4907 arrogatas
2438 4838 2639 4892 heredes
2669 4836 2965 4899 relinquunt.
3029 4835 3199 4894 Neque
3217 4830 3308 4894 prl-

1754 4944 1904 4996 vatim
1929 4941 2075 4994 modo
2100 4940 2169 4991 ita
2189 4937 2479 4994 decernunt,
2497 4932 2580 4984 sed
2601 4932 2703 4997 ipsa
2719 4940 2912 4993 quoque
2931 4938 3055 4987 resp.
3076 4922 3204 4973 idem
3234 4932 3308 4969 ra·

1752 5042 1861 5093 tum
1878 5038 2196 5099 sanctumque
2215 5031 2370 5083 voluit
2387 5041 2490 5081 esse
2513 5046 2528 5078 x
2547 5027 2649 5089 lege
2671 5024 2800 5075 enim
2818 5018 3066 5071 mandavit
3087 5027 3211 5077 resp,
3229 5024 3309 5062 ar-

1755 5136 1938 5200 chonti,
1955 5136 2011 5186 ut
2029 5130 2279 5197 provideat
2291 5142 2354 5179 ne
2366 5140 2478 5191 quae
2496 5124 2669 5175 domus
2684 5118 2909 5171 desolatae
2923 5114 3058 5165 fiant.
3082 5110 3130 5175 (3
3139 5111 3180 5173 t)
3193 5112 3222 5161 J
3225 5121 3309 5159 am

1755 5231 1954 5298 planum
1967 5223 2258 5290 Apollodoro
2269 5222 2372 5272 erat
2383 5257 2398 5283 ,
2416 5218 2458 5269 si
2475 5214 2728 5268 facultates
2742 5222 2855 5261 suas
2871 5206 3046 5257 borum
3060 5202 3313 5254 hominum

1754 5324 1980 5395 potestati
1991 5318 2290 5389 permitteret
2297 5353 2316 5383 ,
2335 5316 2438 5367 sore
2448 5312 2507 5365 ιιι
2517 5324 2603 5364 sua
2621 5308 2794 5360 domus
2803 5298 3122 5362 desolaretur,
3136 5294 3316 5359 quippe
