3825 5842
69 454 382 533 (affin.)

69 606 234 663 μασι·
265 584 358 645 καὶ
385 583 570 667 ὥσπερ
617 586 808 644 ἐκεῖνον
836 583 970 656 αὕτη
999 582 1115 645 οὔτε
1144 585 1288 654 θεοὺς
1327 586 1435 646 οὔθ’
1455 586 1632 667 ἥρωας

11 688 40 726 0
63 673 178 733 οὔτ’
201 672 510 754 ἀνθρώπους
539 672 754 733 δείσασα
787 672 1082 753 ἀπώλεσεν,
1113 673 1250 733 οὕτω
1276 680 1366 735 καὶ
1397 672 1528 747 αὕτη
1549 674 1632 756 ὑφ’

65 766 217 839 ὑμῶν
267 762 362 821 καὶ
407 767 498 822 τοῦ
537 762 736 821 δικαίου
777 761 1105 839 ἀπολομένη,
1154 763 1244 823 καὶ
1279 764 1354 841 μὴ
1397 770 1631 845 τυχοῦσα

67 849 197 924 μήτ’
223 850 405 916 αἰδοῦς
433 848 557 925 μήτ’
585 849 732 909 ἐλέου
768 849 892 926 μήτ’
923 849 1177 929 αἰσχύνης
1209 853 1470 929 μηδεμιᾶς
1507 848 1630 930 παρ’

63 939 238 1013 ὗμῶν,
266 959 364 1007 της
385 935 718 1008 δικαιοτάτης
743 934 807 995 ἂν
834 935 984 1016 τύχοι
1003 936 1277 1017 τιμωρίας.

147 1036 223 1075 28-
267 1015 548 1091 Θαυμοίζω
569 1017 616 1072 δ’
629 1014 790 1093 ἔγωγε
817 1019 910 1086 τῆς
947 1015 1146 1092 τόλμης
1173 1022 1263 1075 τοῦ
1293 1016 1382 1075 ἅδε
1361 1016 1516 1094 Ιτλιῑιου
1541 1014 1632 1074 καὶ

63 1108 164 1173 τῆς
191 1103 425 1169 διανοίας
444 1102 504 1161 τὸ
522 1102 863 1180 διομόσασθαι
887 1102 1015 1183 ὑπὲρ
1037 1109 1131 1176 τῆς
1154 1106 1352 1215 μητρὸς
1362 1094 1420 1162 εὖ
1440 1102 1632 1163 εἰδέναι

65 1189 144 1261 A:
183 1188 530 1262 πεποιηκέναι
554 1194 742 1251 ταῦτα.
825 1194 950 1258 Πως
977 1188 1076 1270 γὰρ
1101 1190 1166 1249 ἄν
1189 1215 1267 1259 τις
1293 1182 1352 1249 ευ
1379 1190 1534 1263 εἰδείη
1560 1182 1635 1259 οἷς

11 1298 34 1337 ε
69 1278 148 1354 μὴ
175 1278 500 1357 παρεγένετο
533 1278 714 1351 αὐτός,
736 1280 794 1337 οὐ
814 1276 916 1359 γὰρ
939 1277 1105 1349 δήπου
1130 1275 1407 1359 μαρτυρων
1429 1302 1464 1357 γ
1464 1281 1634 1339 ’-ἐναν

63 1368 178 1426 τίον
199 1369 249 1426 οἱ
278 1362 700 1432 ἐπιόουλευοντες
725 1366 840 1433 τοὺς
866 1365 1116 1433 θανάτους
1141 1370 1246 1434 τοῖς
1271 1366 1434 1434 πέλας
1456 1390 1630 1447 μηχα-

61 1454 264 1513 νῶνταί
291 1478 350 1513 τε
377 1453 468 1513 καὶ
503 1453 1006 1534 παρασκευάζουσιν,
1039 1454 1154 1514 ἀλλ’
1190 1458 1260 1523 ὡς
1289 1455 1517 1532 μάλιστα
1547 1453 1632 1513 δύ-

61 1564 254 1599 νανται
281 1541 636 1621 λαθραιότατα
668 1542 814 1602 καὶε
785 1568 856 1609 ως
883 1540 1168 1622 ἀνθρώπων
1200 1543 1333 1620 μηδέ
1335 1568 1396 1601 να
1421 1543 1628 1603 εἰδέναι·

63 1630 160 1707 (20)
173 1632 268 1687 οῖ’
239 1652 268 1687 ο
270 1627 674 1705 ’ἐπιδουλευόμε
675 1628 910 1689 νοιοῦδὲν
931 1632 1074 1688 ἴσασι
1087 1652 1208 1711 πριν
1223 1634 1275 1690 ἐν
1292 1632 1432 1689 αὐτῶ
1445 1620 1546 1689 ωσι
1557 1654 1634 1689 τω

59 1720 220 1793 κακῷ
244 1720 298 1794 γ’
319 1716 422 1788 ἤδη
443 1715 532 1773 καὶ
549 1715 842 1791 γινώσκωσι
867 1716 954 1775 τὸν
977 1716 1183 1798 ὄλεθρον
1207 1720 1260 1776 ἐν
1279 1709 1323 1799 ᾧ
1343 1718 1459 1777 εἶσί.
1497 1718 1632 1779 Τότε

59 1804 154 1879 δέ,
190 1802 282 1861 ἐὰν
309 1802 406 1879 μὲν
427 1802 676 1862 δύνωνται
702 1804 792 1863 καὶ
815 1804 1045 1885 φθάνωσι
1071 1805 1192 1885 πρὶν
1222 1808 1519 1885 ἀποθανεῖν,
1543 1806 1636 1866 καὶ

11 1910 34 1949 ο
60 1892 250 1971 φίλους
268 1889 365 1949 καὶ
386 1890 696 1969 ἀναγκαίους
717 1889 834 1957 τους
856 1891 1128 1972 σφετέρους
1150 1894 1366 1951 καλουσι
1393 1893 1482 1952 καὶ
1507 1916 1637 1973 μαρ-

57 1978 347 2058 τύρονται,
373 1978 466 2037 καὶ
490 1977 728 2057 λέγωσιν
753 2003 926 2046 αυτοις
951 1981 1036 2061 ὑφ’
1067 1972 1142 2039 ὧν
1171 1980 1515 2054 ἀπόλλυνται,
1545 1982 1635 2040 καὶ

59 2065 460 2135 ἐπισκηπτουσι
475 2088 773 2145 τιμωρησαι
792 2066 966 2148 σφίσιν
981 2068 1154 2135 αὐτοῖς
1167 2067 1516 2146 ἠδικημένοις·
1543 2072 1632 2147 (³0)

67 2154 128 2231 (ἃ
147 2152 318 2227 κάμοὶ
337 2154 487 2213 παιδὶ
507 2154 616 2213 ὄντι
635 2158 664 2213 ὁ
677 2154 852 2236 πατηρ
866 2200 885 2228 ,
905 2154 998 2225 τὴν
1027 2155 1209 2214 ἀθλίαν
1229 2157 1318 2215 καὶ
1331 2156 1633 2215 τελευταίαν

61 2242 221 2299 νόσον
247 2244 440 2314 νοσῶν,
465 2240 808 2315 ἐπέσκηπτεν·
811 2250 830 2313 )
865 2241 953 2301 ἐὰν
977 2243 1030 2301 δὲ
1051 2243 1245 2302 τούτων
1265 2244 1634 2324 ἁμαρτάνωσι,

61 2329 370 2409 γράμματα
396 2328 654 2439 γρᾶφρυσι
670 2375 687 2407 ,
705 2329 796 2389 καὶ
817 2330 1020 2395 οἰκέτας
1038 2331 1157 2398 τους
1177 2331 1449 2443 σφετέρους
1468 2334 1634 2392 αὐτῶν

61 2416 452 2474 ἐπικαλοῦνται
479 2416 770 2498 μάρτυρας,
797 2416 889 2475 καὶ
912 2418 1154 2487 δηλοῦσιν
1173 2422 1258 2500 ὑφ’
1281 2410 1354 2477 ων
1377 2419 1636 2477 ἀπόλλυν-

63 2530 176 2567 ται.
263 2506 526 2570 Κάκεῖνος
554 2504 670 2581 ἐμοὶ
703 2503 804 2563 νέω
833 2503 909 2562 ἔτι
946 2505 1055 2563 ὄντι
1093 2530 1260 2565 ταυτα
1288 2505 1518 2577 ἐδήλωσε
1545 2507 1636 2565 καὶ

11 2617 38 2657 ε
65 2597 394 2667 ἐπέστειλεν,
418 2616 464 2650 ω
493 2592 700 2705 ἄνδρες,
722 2594 780 2651 οὗ
809 2600 914 2659 τοῖς
937 2596 1120 2653 ἑαυτοῦ
1149 2593 1359 2661 δούλοις.

149 2706 219 2745 31
259 2680 424 2759 Ἐμοὶ
457 2677 553 2756 μὲν
588 2670 676 2738 ουν
705 2678 948 2756 διήγηται
986 2681 1078 2739 καὶ
1108 2680 1422 2760 βεὸοήθηται
1450 2684 1526 2763 τῷ
1549 2705 1638 2742 τε·

65 2777 254 2833 θνεῶτι
279 2769 376 2831 καὶ
401 2771 482 2844 τῷ
506 2764 670 2848 νόμῳ·
695 2769 750 2827 ἐν
787 2771 908 2844 ὑμῖν
936 2770 980 2827 δ’
1010 2766 1122 2827 ἔστι
1148 2770 1360 2828 σκοπεῖν
1385 2768 1452 2827 τὰ
1477 2770 1638 2830 λοιπὰ

63 2884 198 2943 προς
218 2866 361 2937 ὑμᾶς
379 2855 568 2922 αὐτοὺς
578 2854 668 2915 καὶ
685 2856 909 2925 δικάζειν
931 2855 998 2914 τὰ
1016 2856 1211 2918 δίκαια.
1293 2848 1464 2938 Οἶμαι
1478 2858 1534 2918 δὲ
1549 2859 1639 2921 καὶ

65 2958 176 3017 τοῖς
210 2948 346 3015 θεοῖς
366 2949 480 3012 τοῖς
513 2942 660 3003 κάτω
687 2944 861 3021 μέλειν
882 2942 933 3004 ot
952 2943 1244 3017 ἠδίκηνται.

702 3110 1003 3135 “ooo-

809 3212 890 3271 11.

13 3374 64 3429 i5
559 3360 1050 3422 ΤΕΤΡΑΛΟΓῙΑ
1091 3362 1164 3421 Α.

837 3530 893 3581 1.

315 3680 682 3734 mumolus
714 3680 932 3729 «bonor
961 3680 1402 3731 ΑΠΔΡΔΣΗΜΟΣ.

704 3837 1029 3887 ΥΠΟΘΕΣΙΣ.

67 3986 332 4047 Πανταχοῧ
349 3981 438 4045 μὶν
457 3979 544 4039 τὴν
565 3977 740 4029 οἰκείαν
767 3977 989 4041 Ἀντιφῶν
1015 3975 1296 4027 ἐνδείκνυται
1323 3976 1532 4039 δύναμιν,
1557 3977 1644 4039 μά·

128 4058 272 4105 λιστα
289 4054 336 4103 δ’
357 4053 406 4101 ἐν
417 4051 610 4106 ταύταις
621 4054 721 4105 ταῖς
736 4048 1050 4112 τετραλογίαις
1063 4048 1112 4095 ἐν
1129 4048 1202 4103 αῖς
1221 4048 1358 4103 αὐτὸς
1375 4048 1488 4109 πρὸς
1501 4048 1644 4097 αὑτὸν

129 4124 435 4185 ἀγωνίζεται·
461 4120 546 4171 δύο
561 4120 653 4207 γὰρ
669 4120 784 4182 ὑπὲρ
795 4123 882 4168 τοῦ
899 4117 1160 4181 κατηγόρου
1180 4117 1344 4179 λόγους
1369 4119 1532 4177 εἰπών,
1559 4118 1642 4167 δύο

131 4342 204 4398 τῷ
225 4336 344 4397 πρὸς
375 4330 574 4389 Μικίνην
595 4330 928 4393 γεγραμμένῳ,
957 4328 1053 4391 ἔχει
1081 4328 1122 4377 δ’
1147 4328 1276 4389 αὐτῷ
1306 4328 1366 4377 τὰ
1387 4333 1468 4386 τῆς
1484 4330 1644 4377 ὑποθὲ·

137 4424 264 4460 eux
285 4404 402 4453 ὧδε.
467 4400 744 4465 Ἀναχωρῶν
756 4417 825 4455 τις
841 4399 936 4448 ἀπὸ
957 4399 1144 4447 δείπνου
1163 4398 1322 4461 εὑρέθη
1351 4398 1436 4447 σὺν
1453 4402 1522 4461 τῷ
1539 4399 1646 4449 ἀκο-

133 4478 290 4537 λοὺθῳ
311 4472 714 4535 συγκεκομμένος.
781 4469 914 4519 Μετὰ
931 4470 1014 4527 τήν
1033 4469 1178 4517 αὐτοῦ
1195 4469 1407 4527 τελευτὴν
1425 4470 1646 4531 συγγενής

135 4564 206 4602 τις
235 4547 388 4593 αυτοῦ
413 4545 669 4604 κατηγορεῖ
693 4540 859 4603 ἐχθροῦ
879 4540 1025 4587 αὐτοῦ
1046 4541 1110 4595 ὡς
1131 4536 1442 4595 πεποιηκότος
1463 4540 1544 4588 τὸν
1561 4540 1644 4603 φό-

135 4634 238 4667 νον·
259 4618 288 4665 ὁ
303 4616 350 4664 δ’
383 4611 608 4677 ἀρνεῖται.
669 4611 808 4660 Ὅθεν
833 4609 1103 4672 στοχασμὸς
1125 4611 1156 4667 ἡ
1183 4608 1346 4665 στάσις
1373 4609 1562 4670 ἀτελής,
1591 4610 1646 4659 ἐκ

138 4688 284 4751 μόνου
299 4702 391 4735 του
406 4682 670 4755 προσωπου
684 4679 1030 4743 συνιστάμενος.
1049 4679 1106 4729 Ἦ
1123 4680 1170 4727 δὲ
1184 4678 1418 4740 τουλόγου
1429 4680 1645 4743 διαίρεσις

135 4761 273 4815 αὕτη.
307 4758 393 4806 Ἔν
417 4754 504 4818 μὲν
521 4759 619 4808 τοῖς
635 4750 894 4816 προοιμίοις
913 4750 1202 4799 κατάστασιν
1224 4752 1252 4799 ὁ
1272 4750 1406 4813 λόγος
1423 4752 1511 4799 ουκ
1528 4750 1643 4813 ἔχει,

137 4830 216 4877 δια
233 4828 288 4877 τὸ
312 4827 460 4890 μήπω
479 4824 566 4882 τὴν
583 4823 694 4880 ὅλην
707 4822 994 4885 ἠκριᾶῶσθαι
1011 4822 1150 4884 τέχνη
1152 4834 1193 4868 ν·
1212 4820 1464 4884 ἀρχόμενος
1483 4821 1533 4870 δὲ
1550 4827 1643 4871 τῶν

135 4900 336 4959 ἀγώνων
357 4896 524 4959 πρώτῃ
555 4894 794 4956 ἐχρήσατο
815 4892 1044 4953 ἀναιρέσει
1067 4892 1250 4948 αἰτιῶν,
1275 4890 1335 4938 δι’
1369 4890 1436 4938 ὧν
1459 4891 1642 4939 ἀπέδει-

135 4970 208 5023 ξεν
225 4970 296 5016 ὅτι
317 4966 468 5021 οὐδεὶς
489 4962 632 5013 αὐτὸν
649 4966 744 5012 τῶν
761 4961 1032 5023 ὀφειλόντων
1051 4962 1360 5019 ὑπονοηθῆναι
1379 4961 1640 5025 διέφθειρεν.

135 5039 254 5088 Εἶτα
273 5036 546 5100 npetu-mm
569 5034 628 5082 τὸ
655 5037 852 5096 πρᾶγμα
880 5033 944 5088 εἰς
967 5032 1022 5081 τὸ
1045 5032 1188 5087 δεῖξαι
1223 5031 1293 5079 ὅτι
1330 5031 1376 5088 ἐξ
1400 5031 1643 5091 ἐπιδουλῆς

141 5110 362 5166 ἆπέθανε,
381 5108 467 5155 καὶ
491 5104 660 5153 λοιπὸν
678 5102 891 5164 ἑμὸάλλει
911 5104 974 5159 εἰς
993 5104 1076 5159 τὴν
1102 5102 1342 5165 βουλησιν·
1363 5102 1447 5161 τὴν
1471 5102 1522 5150 δὲ
1546 5107 1642 5151 τῶν

145 5180 340 5241 ἐλέγχων
357 5175 622 5231 ἀπαίτησιν
637 5173 736 5223 λυει
753 5178 812 5237 τῇ
827 5178 1144 5243 μαστυρίᾳτοῦ
1163 5172 1345 5223 δούλου·
1363 5172 1466 5223 εἶτα
1475 5174 1642 5234 παρέκ-

146 5250 271 5307 ‘aasz
285 5250 369 5299 ml
389 5246 632 5305 ἐπίλογος.

1044 455 1564 517 ANTIPHONTIS
1605 458 2099 522 TETRALOGIA
2142 464 2193 541 Ι,
2244 476 2291 523 1.
3246 482 3284 535 ⁶

1723 602 1879 653 neque
1909 591 2025 642 deos
2048 606 2204 657 neque
2233 594 2403 645 heroes
2418 595 2567 657 huius
2594 596 2737 660 patrii
2756 596 2849 649 soli
2870 598 3095 661 praesides
3126 614 3283 665 neque

1723 678 1852 728 cives
1874 680 2079 730 reverita
2097 717 2112 742 ,
2130 682 2200 731 sic
2216 696 2381 733 rursus
2402 683 2675 747 aequissimo
2689 684 2799 747 jure
2816 687 3101 737 tractabitur
3115 725 3132 752 ,
3150 689 3189 739 si
3210 703 3287 741 ve-

1724 768 1919 829 straque
1930 770 1980 817 et
1989 768 2008 829 j
2014 768 2109 819 uris
2125 770 2251 831 aequi
2272 772 2506 821 sententia
2530 771 2674 823 morti
2692 773 2917 824 damnata
2936 814 2951 838 ,
2966 778 3069 826 eine
3086 778 3285 827 commi·

1724 854 1960 904 seratione
1975 890 1993 917 ,
2032 856 2135 907 sine
2174 858 2438 910 reverentia
2466 862 2611 909 sexus
2644 861 2769 925 ulta,
2806 862 2941 913 nulia
2980 864 3288 919 cunctatione

1727 945 1907 1004 pereat.

1788 1038 1867 1082 28.
1901 1034 1995 1081 ilic
2016 1030 2177 1084 fratris
2208 1035 2373 1087 mirari
2398 1038 2526 1089 subit
2550 1038 2798 1089 audaciam
2837 1060 2851 1091 z
2886 1054 2983 1105 qua
3015 1042 3211 1094 deinum
3247 1044 3289 1095 is

1725 1108 1888 1157 mente
1905 1108 1955 1156 in
1974 1110 2411 1173 contrajuramento
2438 1114 2714 1179 affirmarit,
2747 1130 2799 1166 se
2824 1118 2973 1180 probe
2998 1121 3163 1170 tenere
3180 1134 3287 1170 rna-

1725 1186 1850 1234 trem
1874 1196 2013 1233 suam
2040 1188 2231 1235 tantum
2262 1188 2417 1237 scelus
2448 1202 2545 1239 non
2580 1194 2809 1253 patrasse.
2876 1196 2975 1250 Qui
3009 1194 3205 1244 tandem
3231 1209 3290 1246 ca

1724 1256 1874 1318 probe
1892 1259 1951 1306 tu
1974 1258 2165 1321 teneas,
2188 1260 2391 1323 quibus,
2417 1276 2567 1324 quum
2586 1268 2883 1326 gererentur,
2910 1265 3039 1315 haud
3056 1267 3291 1320 interfuis-

1724 1332 1832 1381 ses?
1852 1342 1966 1379 nam
1991 1333 2205 1394 proiecto
2220 1348 2361 1385 neces
2377 1336 2461 1398 qui
2478 1338 2585 1387 aiiis
2602 1342 2883 1401 comparant
2902 1376 2919 1401 ,
2940 1340 2991 1389 hi
3021 1340 3084 1390 ad
3102 1341 3290 1393 clande-

1725 1406 1874 1455 etmas
1889 1420 2003 1457 suas
2020 1407 2289 1459 molitiones
2301 1423 2397 1459 non
2416 1413 2655 1463 advocant
2673 1417 2834 1476 testes,
2852 1414 2937 1464 sed
2952 1416 3290 1470 machinantur

1733 1481 1924 1532 fraudes
1943 1496 2053 1534 suas
2075 1499 2221 1547 quam
2246 1490 2446 1548 possunt
2472 1490 2818 1551 occultissime,
2840 1490 3104 1553 seduloque
3120 1492 3292 1543 cavent

1732 1559 1787 1606 ut
1804 1560 2084 1609 mortalium
2106 1574 2248 1611 nemo
2266 1562 2437 1612 resciat
2454 1582 2468 1611 ε
2493 1566 2591 1625 (29)
2620 1578 2720 1628 quo
2738 1564 2795 1615 fit
2813 1568 2871 1616 ut
2889 1580 3098 1629 quorum
3120 1568 3290 1630 capiti·

1729 1634 1820 1683 hus
1845 1634 2036 1685 fraudes
2055 1637 2374 1699 consuuntur,
2393 1638 2443 1687 hi
2472 1640 2588 1689 nihil
2617 1640 2791 1690 horum
2808 1642 2987 1703 sciant,
3010 1641 3291 1705 priusquam

1727 1713 1908 1771 pestem
1932 1711 2020 1761 sibi
2049 1711 2289 1775 obiectam
2308 1711 2409 1775 iam
2436 1715 2645 1766 sentiant
2668 1717 2719 1766 in
2750 1718 2853 1779 ipso
2878 1717 3073 1767 interitu
3111 1719 3291 1768 consti-

1725 1785 1838 1837 tuti.
1903 1788 2029 1835 Tum
2046 1799 2165 1835 vero
2183 1787 2253 1838 ilii
2268 1824 2283 1849 ,
2302 1787 2479 1849 quibus
2494 1789 2692 1851 quidem
2718 1791 2860 1841 liceat
2882 1793 2939 1841 ut
2954 1794 3067 1841 ante
3087 1791 3291 1843 exitium

1729 1858 1820 1906 hoc
1853 1858 2009 1909 facere
2040 1863 2407 1923 praeoccupent,
2436 1864 2711 1913 convocatis
2748 1864 2915 1916 amicis
2944 1869 2995 1916 et
3019 1866 3294 1917 necessariis

1726 1934 1978 1993 exponunt
2002 1937 2051 1983 et
2076 1936 2315 1985 testantur
2342 1934 2403 1984 de
2420 1948 2533 1985 casu
2554 1950 2645 1987 suo
2660 1974 2675 1999 ,
2693 1939 2982 1990 nominatim
3001 1942 3295 2003 appellantes

1727 2006 1860 2055 exitii
1898 2007 1974 2055 sui
2000 2010 2246 2071 auctores,
2276 2008 2605 2073 ultionemque
2648 2012 2837 2073 injuriae
2882 2026 2985 2063 suae
3010 2015 3123 2077 ipsis
3149 2030 3290 2067 exse-

1728 2080 1969 2143 quendam
2000 2081 2318 2143 demandant3
2348 2083 2446 2145 (³0)
2474 2082 2549 2145 (id
2584 2086 2717 2149 quod
2750 2089 2886 2149 pater
2924 2102 3119 2151 quoque
3154 2104 3293 2141 meus

1727 2168 1838 2217 erga
1859 2168 1940 2203 me
1956 2192 1971 2216 ,
1990 2159 2097 2206 tum
2115 2157 2275 2207 adhuc
2295 2171 2501 2221 puerum
2518 2196 2532 2221 ,
2554 2160 2692 2221 iecit,
2715 2161 2877 2211 exilia
2894 2176 3116 2225 suprema
3142 2167 3191 2215 et
3214 2166 3293 2215 iu-

1728 2234 1896 2280 ctuosa
1928 2233 2201 2284 valetudine
2228 2234 2409 2285 cubans
2430 2254 2443 2286 t
2464 2234 2537 2284 sin
2562 2238 2721 2284 mntem
2746 2236 2807 2285 ab
2834 2236 2923 2285 hac
2940 2240 3295 2299 opportunitate

1729 2306 2063 2370 excludantur,
2082 2309 2233 2359 literis
2248 2310 2479 2360 mandant
2496 2323 2553 2359 ea
2568 2324 2679 2373 quae
2697 2311 2857 2361 verbis
2878 2312 2941 2361 ad
2958 2314 3138 2361 amicos
3152 2314 3293 2363 edere

1729 2379 1953 2438 negatum
1972 2382 2045 2428 est
2058 2416 2074 2440 ,
2094 2382 2144 2430 et
2168 2384 2467 2431 attestantur
2488 2394 2651 2430 servos
2668 2393 2805 2442 ειιοε,
2828 2380 3113 2430 nominatim
3134 2382 3289 2429 homi-

1729 2447 1858 2495 cidas
1871 2460 1983 2497 suos
2004 2448 2065 2498 ad
2090 2463 2173 2500 eos
2194 2451 2405 2501 edentes.
2470 2456 2535 2501 Ac
2548 2453 2685 2513 pater
2702 2464 2897 2513 qnoque
2912 2464 3049 2501 meus
3062 2464 3141 2500 me
3152 2487 3167 2513 ,
3188 2460 3291 2500 tum

1727 2516 1888 2566 adhuc
1903 2531 2135 2581 puerum,
2152 2533 2238 2582 per
2256 2521 2415 2570 literas
2444 2520 2505 2569 de
2522 2533 2636 2569 casu
2654 2532 2743 2569 suo
2760 2520 3013 2574 certiorem
3034 2520 3171 2581 tecit,
3193 2533 3291 2581 me,

1734 2586 2327 2652 inquam,.1udiees,non
2348 2604 2512 2640 servos
2534 2604 2661 2640 suos.

1794 2662 1871 2705 31.
1905 2660 2016 2707 Jom
2033 2656 2173 2707 docui
2195 2670 2283 2707 vos
2304 2660 2455 2706 totam
2472 2669 2604 2717 rem;
2621 2656 2865 2719 succurri,
2887 2659 3125 2720 quatenus
3138 2655 3294 2725 potui,

1729 2723 1950 2785 patrique
1984 2724 2211 2773 defuncto
2246 2724 2441 2786 jurique
2479 2694 2662 2773 civiti.
2650 2724 2797 2786 ·jam
2833 2728 3047 2773 vestrum
3080 2728 3151 2773 est
3184 2736 3295 2785 quae

1732 2786 1913 2850 agenda
1930 2790 2214 2852 supersunt,
2232 2789 2479 2839 vobiscum
2493 2762 2723 2851 dispicere
2742 2790 2828 2841 et
2810 2804 2889 2851 Jus
2905 2804 3099 2867 aequufn
3119 2789 3293 2837 dicere.

1732 2856 1914 2919 opinor
1953 2858 2117 2907 autem
2152 2854 2244 2907 diis
2268 2868 2463 2919 quoque
2488 2856 2653 2907 inferis
2686 2869 2816 2907 curae
2852 2868 2952 2906 esse
2978 2856 3062 2920 qui
3091 2867 3175 2917 per
3196 2853 3293 2905 vim

1735 2922 1933 2985 periere.

2361 3103 2677 3128 w

2478 3210 2555 3270 11.

2212 3366 2711 3431 TETRALOGIA
2752 3372 2803 3431 I.

2494 3538 2545 3589 i.

1811 3677 2161 3728 Accusarlo
2192 3678 2391 3727 GAEms
2420 3678 2487 3728 IN
2516 3679 2835 3731 monn‘ruu
2865 3683 3220 3741 Aucronm.

2298 3834 2737 3883 Ancum'run.

1739 3968 1921 4025 Ubique
1938 3966 2175 4024 Antiphon
2193 3968 2397 4011 innatam
2418 3968 2507 4023 ipsi
2524 3968 2619 4013 vim
2648 3968 2827 4016 dicendi
2848 3972 3063 4029 ostendit,
3096 3976 3297 4021 maxime

1789 4054 1900 4089 vero
1922 4044 1971 4087 in
1998 4040 2295 4101 sequentibus
2314 4044 2533 4097 quattuor
2550 4044 2839 4089 orationibus
2850 4078 2864 4099 ‚
2886 4046 2935 4090 in
2949 4048 3121 4103 quibus
3140 4062 3297 4097 secum

1789 4118 1886 4173 ipse
1903 4118 2063 4161 certat.
2119 4118 2245 4161 Duas
2262 4116 2385 4161 enim
2404 4116 2633 4161 orationes
2652 4118 2733 4162 ubi
2752 4130 2839 4173 pro
2857 4123 3123 4167 accusatore
3142 4125 3299 4170 recita·

1789 4191 1881 4244 vit,
1907 4190 2023 4234 duas
2040 4198 2121 4244 pro
2140 4200 2217 4233 reo
2236 4188 2421 4239 habuit,
2440 4188 2489 4233 in
2507 4190 2730 4235 ambabus
2750 4201 2881 4246 aque
2898 4193 3133 4248 probatus.
3190 4197 3299 4242 linc

1789 4264 1939 4309 oratio
1960 4262 2121 4307 similis
2146 4264 2217 4307 est
2241 4262 2439 4307 orationi
2458 4262 2605 4315 Lysioe
2631 4262 2690 4307 ad
2720 4264 2915 4309 liticinen
2934 4266 3133 4322 scripto.
3154 4270 3302 4327 Argu.

1789 4341 1999 4385 mentum
2020 4339 2120 4393 ejus
2150 4336 2237 4381 hoc
2262 4338 2345 4381 est.
2402 4336 2603 4393 Quidam
2619 4370 2633 4391 ‚
2652 4348 2681 4382 a
2697 4348 2829 4383 eoena
2862 4340 3067 4396 rediens,
3090 4354 3197 4390 cum
3227 4358 3303 4403 pe·

1789 4416 2008 4469 dissequo
2028 4414 2205 4459 occisus
2225 4413 2437 4459 inventus
2452 4416 2538 4459 est.
2592 4415 2703 4459 Post
2728 4417 2860 4470 cujus
2895 4418 3089 4463 mortem
3109 4420 3301 4476 quidam

1790 4503 1848 4537 ex
1889 4489 2109 4535 attinibus
2154 4490 2393 4535 inimicum
2435 4490 2533 4544 ejus
2568 4492 2752 4535 accusat
2788 4492 2839 4536 ut
2881 4490 3019 4547 huius
3064 4493 3303 4543 homicidii

1790 4578 1925 4611 reum
1945 4578 1958 4607 e
1980 4565 2058 4610 ille
2076 4564 2321 4610 infitiatur.
2378 4562 2511 4608 Unde
2538 4564 2700 4618 status,
2719 4564 2985 4619 conjectura
3002 4566 3299 4627 imperfecta,

1788 4651 1846 4684 ex
1879 4649 1973 4683 una
1998 4638 2178 4684 tantum
2205 4646 2399 4692 persona
2434 4638 2666 4681 constans.
2724 4636 2903 4681 Divisio
2930 4640 3156 4686 orationis
3190 4640 3290 4687 hoee

1787 4717 1872 4760 est.
1928 4715 1983 4759 in
2011 4712 2232 4771 prooemio
2268 4711 2641 4757 constitutionem
2680 4712 2829 4757 oratio
2860 4722 2955 4757 non
2986 4712 3149 4767 habet,
3178 4714 3295 4771 quia

1788 4786 1995 4833 nondum
2025 4786 2147 4832 ratio
2172 4782 2355 4829 dicendi
2379 4783 2439 4828 ad
2478 4782 2803 4840 perfectionem
2828 4784 3029 4830 adducta
3046 4789 3170 4832 erat:
3192 4798 3303 4832 eon-

1789 4861 2039 4906 tentionem
2066 4868 2265 4914 namque
2291 4856 2511 4914 incipiens
2534 4856 2735 4912 primum
2758 4857 3064 4902 accusationis
3090 4858 3303 4905 contuta-

1787 4938 1912 4983 tione
1930 4936 2094 4989 utitur,
2116 4944 2208 4989 qua
2232 4932 2431 4979 ostendit
2448 4932 2677 4977 neminem
2696 4943 2753 4977 ex
2772 4931 3057 4978 debitoribus
3078 4934 3129 4979 iu
3151 4932 3300 4988 suspi-

1786 4989 1929 5057 cione*
1952 5021 2050 5056 ease
2068 5008 2205 5065 hujus
2224 5008 2348 5052 necis
2368 5007 2519 5051 iliata.
2552 5005 2725 5051 Deinde
2749 5016 2935 5051 causam
2954 5008 3121 5063 urget,
3146 5010 3300 5051 osten-

1785 5088 1900 5133 dens
1922 5095 1979 5130 ex
2009 5082 2187 5129 insidiis
2204 5080 2493 5127 interiectum
2516 5090 2628 5125 esse.
2685 5079 2897 5134 Denique
2930 5078 2987 5123 ad
3012 5078 3295 5136 propositum

1785 5162 1958 5207 transit
1969 5192 1981 5215 ‚
2000 5160 2373 5213 iudiciorumque
2400 5155 2669 5213 petitionem
2687 5156 2809 5201 servi
2824 5154 3091 5201 testimonio
3113 5150 3293 5197 reteiiit.

1784 5238 1961 5286 Deinde
1974 5236 2197 5295 digressio
2208 5236 2256 5282 et
2276 5232 2507 5293 peroratio
2523 5232 2749 5288 sequitur.
