3825 5842
120 514 324 626 ‹sn—421)

957 532 1204 593 LYSIAE
1233 532 1356 591 OB.
1403 527 1797 591 ADVERSUS
1839 524 2269 587 PfflLoNEM.

3116 528 3226 577 225

120 702 182 744 τας
200 679 292 753 μετ’
313 673 456 730 αὖτοῦ
478 666 592 734 τοὺς
621 663 850 744 δημότας
885 662 1098 721 ὅπλίσαι
1130 660 1233 719 ἀπὸ
1268 664 1370 719 τῶν
1400 661 1588 719 εἶσενε-
1681 680 1814 717 mum
1838 666 2214 723 Acharnensem,
2239 672 2415 723 eosque
2436 657 2519 721 qui
2540 670 2653 707 cum
2672 656 2753 707 ilio
2780 656 2917 707 electi
2936 654 3126 705 suntad
3145 656 3205 704 de

118 767 288 844 χθέντων
313 758 606 841 χρημάτων.

77 930 90 965 0
305 902 608 954 nwrrpm
640 902 764 947 ΤΩΝ
805 898 958 946 ΠΕΡΙ
995 898 1331 944 ΔῙΟΤΙΜΟΝ.

179 1055 228 1093 17.
263 1023 406 1097 Οὗτος
431 1028 595 1088 τοίνυν
629 1028 730 1105 οὐχ
768 1023 911 1091 ὅπως
940 1020 1198 1105 ὠφελήσει
1237 1017 1331 1090 τὴν
1359 1018 1514 1077 πόλιν
1539 1018 1592 1074 ἐν

123 1120 283 1201 τοιούτῳ
300 1120 450 1199 καιρῷ
475 1116 563 1175 καὶ
583 1114 800 1193 τοιαύτῃ
827 1109 1148 1170 καταστάσει
1176 1106 1444 1179 διενοήθη,
1476 1105 1594 1163 ἀλλ’

123 1207 223 1273 ὅπως
245 1230 285 1265 τι
311 1208 532 1286 κερδανεῖ
557 1201 662 1261 ἀπὸ
689 1204 790 1260 τῶν
830 1198 1094 1277 ὑμετέρων
1130 1199 1406 1277 συμφορῶν
1441 1216 1598 1273 παρε-

124 1294 362 1353 σκευάσατο·
383 1290 677 1373 ὁρμώμενος
703 1288 806 1368 γὰρ
835 1287 886 1355 ἐξ
910 1286 1198 1367 Ὠρωποῦ,
1229 1280 1344 1341 τοτὲ
1377 1280 1470 1357 μὲν
1500 1282 1594 1338 αὗ-

127 1382 182 1447 riq
201 1380 348 1456 μόνος,
387 1378 496 1437 τοτὲ
540 1377 584 1435 δ’
617 1374 808 1455 ἑτέροις
838 1371 1126 1452 ἡγούμενος
1162 1360 1234 1437 οἶς
1267 1366 1336 1426 τὰ
1374 1367 1596 1447 ὑμέτερα

126 1468 428 1546 δυστυχήματα
466 1463 806 1544 εὐτυχήματα
835 1460 1084 1541 ἐγεγόνει,
1109 1459 1201 1536 (ιε)
1222 1453 1436 1537 περιιιῖιν
1459 1452 1598 1513 κατὰ

124 1554 208 1619 τοὺς
231 1554 386 1635 ἀγροὺς
409 1552 494 1612 καὶ
515 1548 840 1629 ἐντυγχάνων
863 1550 970 1605 τῶν
993 1548 1216 1605 πολιτῶν
1241 1550 1346 1610 τοῖς
1371 1540 1598 1622 πρεσὸυ·

77 1642 280 1717 mitum,
313 1640 356 1700 οἳ
394 1640 701 1717 κατέμειναν
729 1639 784 1695 ἐν
823 1636 929 1701 τοῖς
967 1631 1151 1709 δήμοις
1182 1630 1330 1709 ὀλίγα
1361 1629 1455 1706 μὲν
1495 1634 1598 1688 τῶν

123 1728 361 1800 ἐπιτηδείων
381 1728 598 1809 ἔχοντες,
641 1727 902 1803 ἀναγκαῖα
936 1720 990 1779 δέ
1007 1768 1025 1799 ,
1055 1711 1190 1780 εὖνοι
1227 1718 1320 1797 μὲν
1362 1717 1500 1783 ὄντες
1527 1722 1601 1797 τῷ

123 1816 288 1889 πλήθει,
323 1814 546 1873 ἀδύνατοι
575 1811 632 1871 δὲ
656 1810 872 1883 ὑπὸτῆς
905 1806 1114 1879 ἡλικίας
1142 1805 1363 1887 βοηθεῖν,
1391 1802 1600 1870 τούτους

123 1903 314 1983 ἀφῃρεῖτο
335 1902 394 1961 τὰ
419 1902 745 1981 ὑπάρχοντα,
773 1895 893 1977 περὶ
919 1892 1152 1961 πλείονος
1177 1888 1479 1968 ποιούμενος
1508 1892 1602 1949 αὖ·

127 1988 188 2055 τὸς
209 1988 341 2069 μικρὰ
363 1988 646 2071 κερδαίνειν
670 1986 706 2057 ἢ
730 1984 951 2049 ἐκείνους
993 1979 1156 2059 μηδὲν
1189 1980 1403 2038 ἀδικεῖν·
1441 1976 1492 2036 οἳ
1515 1983 1604 2036 νῦν

126 2074 241 2133 αὐτὸν
266 2077 322 2134 δι’
339 2076 452 2135 αὖτὸ
479 2080 635 2134 τοῦτο
651 2074 748 2152 οὐχ
778 2062 876 2131 οἶοί
901 2068 960 2129 τέ
985 2070 1112 2128 εἰσιν
1137 2064 1420 2133 ἐπεξελθεῖν
1445 2064 1603 2123 ἅπαν·

125 2184 202 2233 τες,
221 2164 271 2220 δι’
293 2162 404 2242 ὅπερ
427 2163 516 2222 καὶ
535 2162 658 2221 τότε
684 2156 927 2217 ἀδύνατοι
948 2160 1014 2235 τῇ
1041 2154 1191 2214 πόλει
1217 2152 1420 2234 βοηθεῖν
1446 2142 1602 2224 ἦσαν.

77 2268 106 2309 ω
126 2246 188 2326 (19)
217 2252 280 2309 Οὐ
306 2250 460 2327 μέντοι
483 2246 669 2309 τοῦτόν
706 2270 765 2325 γε
789 2244 895 2326 χρὴ
932 2243 1018 2303 διὰ
1043 2241 1139 2314 τὴν
1169 2240 1374 2301 ἐκείνων
1411 2241 1604 2299 ἀδυνα-

127 2336 216 2409 μίαν
239 2338 300 2403 δὶς
321 2338 642 2418 ὠφεληθῆναι
655 2380 674 2413 ,
710 2334 828 2393 τότε
857 2332 904 2389 τ’
925 2330 1242 2413 ἀφελόμενον
1272 2328 1306 2386 ἃ
1325 2320 1482 2408 εἶχον,
1513 2332 1602 2385 νῦν

126 2444 167 2478 τε
187 2425 506 2502 δοκιμασθέντα
545 2422 642 2504 ὑφ’
660 2425 826 2499 ὖμῗιν·
854 2416 992 2478 ἀλλὰ
1022 2416 1121 2477 κᾶν
1157 2420 1394 2476 ὁστισοῦν
1436 2438 1608 2493 παρα·

127 2508 286 2583 γένηται
307 2516 397 2569 τῶν
425 2509 792 2584 ἀδικηθέντων,
822 2506 961 2586 με’γα
990 2505 1117 2565 αὐτὸ
1145 2503 1414 2583 ἡγήσασθε
1451 2494 1605 2581 εἶναι,

128 2596 192 2651 καὶ
210 2604 354 2657 τοῦτον
383 2597 772 2680 ὖπερμισήσατε
788 2641 805 2669 ,
840 2594 979 2662 ὅστις
1005 2593 1288 2670 ἐτόλμησεν
1301 2636 1318 2665 ,
1345 2583 1417 2658 οἷς
1444 2589 1607 2671 ἕτεροι

129 2683 272 2743 διδόναι
299 2686 408 2766 παρ’
433 2691 636 2747 ἑαυτῶν
679 2709 734 2745 τι
761 2688 1086 2764 προῃροῦντο
1132 2678 1218 2739 διὰ
1252 2678 1348 2752 τὴν
1388 2678 1608 2757 ἀπορίαν

132 2770 400 2851 οἰκτείραντες
443 2774 659 2847 αὐτούς,
701 2770 899 2832 τούτων
939 2772 1274 2851 ἀφαιρεῖσθαι
1319 2765 1388 2825 τὰ
1441 2765 1610 2847 ὖπάρ-

128 2880 258 2933 zm.
329 2864 481 2923 Κάλει
508 2886 602 2941 μοι
636 2859 758 2928 τοὺς
785 2858 1068 2940 μάρτυρας.

660 3004 1006 3053 ΜᾸΡΤῪΡΕΣ.

83 3142 116 3179 ⁸⁵
187 3141 238 3181 a.
272 3124 526 3185 Οὗτοίνυν
571 3124 744 3204 ἔγωγε
772 3113 888 3182 οἶδα
933 3120 966 3177 ὅ
1004 3144 1056 3180 τι
1096 3122 1238 3196 ὑμᾶς
1273 3119 1615 3199 διαφερόντως

132 3207 185 3266 &t
207 3212 471 3290 γιγνώσκειν
512 3212 638 3294 περὶ
674 3214 833 3271 αὗτοῦ
870 3208 906 3281 ἢ
943 3212 991 3268 οἰ
1031 3210 1209 3267 οἰκεῖοι
1253 3206 1614 3285 γιγνώσκουσι·

129 3302 287 3357 τοιαῦτα
308 3301 398 3381 γάρ
414 3304 576 3374 ἐστιν,
602 3298 732 3359 ὥστ’
757 3300 802 3357 εἰ
827 3296 918 3357 καὶ
944 3295 1108 3374 μηδὲν
1134 3296 1277 3375 αὖτῷ
1297 3292 1428 3353 ἄλλο
1450 3293 1618 3375 ἡμάρ-

133 3404 250 3473 τητο,
275 3385 346 3445 διὰ
371 3388 500 3463 μόνα
525 3392 707 3447 ταῦτα
732 3384 912 3443 ἱκανὸν
941 3375 1073 3442 εἶναι
1110 3382 1614 3460 ἀποδοκιμασθῆναι.

135 3469 211 3526 012
233 3472 308 3548 μὲν
327 3468 406 3533 οὗν
433 3479 574 3545 ζῶσα
603 3478 642 3546 ἡ
667 3473 842 3554 μήτηρ
869 3475 1024 3532 αὐτοῦ
1046 3468 1346 3549 κιίτηγόρει,
1374 3466 1614 3547 παρήσω·

135 3549 240 3623 ἕξῖιν
259 3562 303 3621 δὲ
335 3567 623 3625 τελευτῶσα
656 3562 748 3623 τὸν
792 3562 902 3642 βίον
932 3558 1241 3640 διεπράξατο
1267 3556 1616 3638 τεκμαιρομέ-

135 3666 208 3711 νοις
225 3648 373 3727 ῥᾴδιόν
397 3655 531 3713 ἐστιν
573 3651 700 3729 ὑμῖν
736 3654 930 3731 γνῶναι
956 3646 1130 3714 ὁποῖός
1169 3670 1244 3713 τις
1270 3638 1334 3717 ἦν
1359 3644 1482 3725 περὶ
1522 3646 1616 3703 αὖ·

135 3730 215 3801 τήν·
281 3738 361 3817 (τι)
395 3739 608 3811 Ἐκείνη
642 3738 748 3819 γὰρ
784 3736 953 3818 τούτῳ
981 3736 1077 3813 μὲν
1105 3732 1390 3807 ἠπίστησεν
1421 3735 1616 3791 ἀποθα·

83 3830 114 3870 ιι
132 3822 274 3881 νοῦσαν
297 3826 470 3899 ἑαυτὴν
499 3826 808 3908 ἐπιτρέψαι,
833 3822 1133 3902 Ἀντιφάνει
1161 3822 1216 3879 δὲ
1250 3819 1395 3880 οὐδὲν
1422 3818 1622 3899 προσή-

133 3925 252 3964 κουσα
273 3912 577 3974 πιστεύσασα
607 3912 801 3972 ἔδωκεν
831 3912 902 3977 εἷς
937 3908 1036 3981 τὴν
1067 3912 1258 3979 ἑαυτῆς
1283 3904 1454 3988 ταφὴν
1485 3914 1620 3985 τρεῖς

133 4002 225 4061 μνᾶς
243 3998 486 4081 ἆργυρίου,
519 4002 898 4081 παραλιποῦσα
921 4002 1098 4057 τοῦτον
1125 3994 1232 4055 υἱὸν
1255 3993 1380 4054 ὄντα
1411 3997 1617 4065 ἑαυτῆς.

131 4070 228 4159 Ἆρα
249 4088 386 4157 δῆλον
407 4090 484 4149 ὅτι
509 4081 566 4148 εὖ
598 4090 712 4170 ᾔδει
743 4086 898 4147 αὐτὸν
936 4084 1052 4145 οὐδὲ
1103 4082 1188 4143 διὰ
1235 4082 1296 4141 τὸ
1334 4080 1616 4163 προσήκειν

133 4167 229 4247 “frti
257 4172 318 4232 τὰ
347 4175 519 4237 δέοντα
543 4176 610 4236 ἂν
637 4173 957 4247 ποιήσοντας
1005 4170 1094 4252 (aa)
1124 4170 1314 4231 Καίτοι
1338 4172 1384 4228 εἷ
1409 4167 1620 4248 μήτηρ,

135 4252 331 4336 ἣπὲφυκε
356 4264 441 4321 καὶ
463 4261 780 4341 ἀδικουμένη
809 4260 909 4320 ὑπὸ
925 4262 1030 4319 τῶν
1056 4260 1243 4329 ἑαυτῆς
1269 4254 1474 4315 παίδων
1505 4254 1622 4333 μά,-

134 4338 246 4401 λιστα
282 4348 540 4429 ἀνέχεσθαι
577 4350 672 4410 καὶ
711 4348 832 4428 μηδ’
855 4344 1193 4429 ὠφελουμένη
1230 4343 1441 4424 μεγάλα
1484 4342 1623 4422 ἔχειν

134 4430 316 4503 &sicem
335 4437 414 4496 διὰ
432 4438 492 4498 τὸ
515 4436 690 4517 εὖνοίᾳ
723 4438 923 4515 μᾶλλον
953 4432 989 4507 ἢ
1018 4433 1221 4515 ἐλέγχῳ
1247 4430 1316 4492 τὰ
1343 4430 1624 4511 γιγνόμενα

79 4510 386 4597 'wamiam’
425 4525 629 4605 ἐνόμιζε
654 4530 834 4584 τοῦτον
873 4520 971 4581 κᾶν
1003 4520 1108 4580 ἀπὸ
1140 4518 1426 4591 τεθνεώσης
1453 4516 1623 4599 φέρειν

141 4602 290 4681 tam-35,
303 4610 349 4668 τί
364 4612 460 4692 χρὴ
480 4614 616 4691 ὑμᾶς
632 4636 695 4670 πε
703 4610 752 4691 pi.
767 4612 925 4669 αὐτοῦ
945 4611 1308 4681 διανοηθῆναις
1328 4606 1424 4687 (23)
1438 4604 1628 4673 Ὅστις

143 4686 212 4787 ’ςᾶρ
231 4694 328 4775 περὶ
362 4699 473 4767 τοὺς
512 4704 699 4759 ἑαυτοῦ
739 4696 1049 4778 ἀναγκαίους
1089 4701 1307 4756 τοιαῦτα
1337 4692 1626 4774 ἁμαρτάνει

145 4784 433 4877 ῗμῑῑιτῆματα
449 4832 468 4863 ,
493 4786 544 4846 τί
567 4786 634 4847 ἂν
653 4784 774 4866 περί
800 4808 858 4864 γε
878 4784 995 4851 τοὺς
1015 4782 1313 4863 ἀλλοτρίους
1331 4781 1592 4853 ποιήσειεν
1609 4804 1625 4854 ;

149 4862 214 4959 ,Ως
234 4859 304 4925 οὖν
337 4873 420 4930 καὶ
443 4874 588 4932 ταῦτ’
633 4876 799 4945 ἀληθῆ
824 4876 963 4932 ἐστιν
980 4916 996 4945 ,
1042 4872 1302 4929 ἀκούσατε
1335 4870 1496 4928 αὐτοῦ
1531 4874 1626 4928 τοῦ

152 4949 330 5025 Μῆἆπος
356 4960 410 5019 τὸ
430 4960 672 5043 ἀργύριον
695 4960 786 5021 καὶ
813 4958 1072 5040 θάψαντος
1103 4956 1288 5029 αὐτήν.

699 5098 962 5147 namt.

113 5224 130 5261 ὅ
208 5228 262 5267 2⁴.
295 5216 337 5271 Τ
340 5215 354 5271 ί
383 5216 439 5275 ἂν
482 5209 570 5277 οὖν
620 5214 950 5298 βουληθέντες
993 5215 1138 5291 ὑμεῖς
1183 5214 1362 5270 τοῦτον
1410 5204 1629 5284 δοκιμά-

1683 766 1837 813 motas
1854 761 2107 812 armandos
2133 773 2193 809 ex
2213 757 2441 808 collatitla
2458 756 2675 819 pecunia.

1837 866 2211 942 &Estiuonla
2249 895 2499 938 monui
2538 894 2613 955 li't
2652 891 3080 935 COLLBGARUM.

1750 1024 1820 1069 17.
1855 1020 1951 1069 lste
1976 1020 2119 1081 igitur
2137 1018 2189 1067 in
2216 1016 2303 1067 tali
2330 1016 2618 1079 tempestate
2639 1016 2689 1065 et
2714 1015 2763 1065 in
2785 1015 2872 1065 tali
2898 1028 3055 1065 rerum
3076 1015 3236 1064 sortu-

1685 1134 1748 1171 na
1762 1159 1778 1184 ,
1801 1136 1898 1172 non
1918 1121 1979 1171 ad
1996 1122 2241 1171 civitatem
2263 1118 2584 1182 adjuvandam
2609 1118 2823 1169 animum
2844 1119 3044 1181 adjecit,
3070 1119 3155 1169 sed
3175 1120 3239 1167 ita

1684 1231 1736 1267 se
1759 1217 2055 1281 comparavit
2080 1218 2137 1265 nt
2154 1229 2215 1265 ex
2240 1215 2409 1265 vestris
2428 1214 2779 1264 calamitatibus
2794 1212 2976 1276 aliquid
3003 1213 3121 1262 lucri
3148 1225 3237 1261 au·

1687 1320 1846 1369 ferret.
1893 1319 2144 1369 Profectus
2161 1317 2289 1367 euim
2310 1321 2473 1379 oropo
2484 1354 2501 1380 ,
2521 1316 2665 1365 modo
2683 1316 2782 1379 ipse
2800 1315 2955 1377 solus',
2975 1315 3119 1365 modo
3139 1315 3243 1364 aliis

1687 1414 2029 1463 comitantibus
2053 1414 2138 1475 qui
2156 1412 2454 1463 calamitates
2470 1413 2653 1461 vestras
2681 1411 2956 1461 felicitatem
2986 1424 3124 1460 suam
3147 1410 3239 1475 dus

1687 1510 1886 1573 cebant,
1950 1511 2047 1573 (ts)
2070 1522 2209 1572 agros
2226 1509 2527 1570 circumiens,
2548 1510 2769 1571 civesque
2788 1509 2931 1583 oetate
2946 1507 3241 1571 provectissi-

1689 1624 1794 1662 mos
1809 1612 2035 1673 adortus,
2054 1611 2137 1675 qui
2162 1612 2212 1659 in
2228 1609 2453 1659 domibus
2478 1609 2779 1669 manserant,
2806 1607 3007 1659 modicis
3016 1644 3033 1670 ,
3055 1607 3139 1659 sed
3156 1621 3243 1657 ne·

1690 1714 1904 1764 mariis
1936 1713 2271 1774 facultatibus,
2298 1712 2514 1776 proediti,
2534 1713 2695 1761 animo
2717 1712 2911 1775 quidem
2936 1711 2987 1760 in
3014 1711 3243 1774 populum

1691 1807 1951 1870 benevolo,
1980 1808 2031 1856 at
2052 1808 2248 1870 propter
2264 1807 2455 1856 oetatem
2474 1805 2535 1855 ad
2553 1818 2692 1868 opem
2712 1806 2823 1855 huic
2842 1805 3084 1855 serendam
3108 1804 3243 1853 inha-

1691 1906 1837 1969 biles,
1860 1920 1971 1967 eos,
1988 1906 2189 1970 inquam
2205 1944 2221 1969 ,
2248 1905 2387 1955 bonis
2412 1905 2572 1969 exuit,
2593 1906 2743 1956 satius
2764 1906 3043 1955 existunans
3065 1906 3121 1953 ut
3147 1904 3247 1967 ipse

1692 2002 1942 2065 paululum
1958 2002 2082 2053 lueri
2098 2002 2293 2066 taceret,
2312 2015 2459 2067 quam
2476 2004 2533 2052 ut
2546 2002 2653 2052 illos
2664 2014 2761 2051 non
2773 2000 2995 2053 laederet:
3016 2003 3100 2065 qui
3116 2014 3248 2053 nunc

1695 2104 1759 2154 ob
1781 2116 1888 2153 eam
1905 2103 2057 2166 ipsam
2088 2116 2283 2153 causam
2305 2102 2451 2153 istum
2470 2101 2688 2166 persequi
2711 2115 2877 2153 omnes
2896 2116 2993 2152 non
3020 2105 3247 2167 possunt,

1695 2202 1759 2253 ob
1776 2214 1923 2265 quam
1940 2203 2059 2251 tunc
2076 2200 2261 2251 civitati
2276 2200 2518 2264 suppetias
2535 2200 2661 2250 t'erre
2682 2213 2778 2249 non
2806 2202 3085 2264 potuerunt.
3150 2201 3251 2264 (19)

1696 2304 1893 2355 Atenim
1918 2317 2017 2354 non
2029 2317 2115 2367 par
2136 2306 2208 2353 est
2226 2303 2282 2353 ut
2299 2304 2389 2353 iste
2408 2315 2473 2353 ex
2496 2303 2691 2352 illorum
2714 2302 2989 2353 infirmitate
3006 2302 3249 2367 duplicem

1699 2400 1961 2461 reportaret
1976 2396 2383 2457 commoditatem,
2402 2408 2575 2459 nempe
2597 2400 2653 2445 ut
2668 2399 2789 2447 tunc
2810 2410 2887 2447 res
2904 2410 3071 2447 eorum
3088 2398 3249 2449 abstu-

1697 2496 1832 2558 lerit,
1856 2497 2003 2558 atque
2023 2507 2154 2543 nunc
2170 2508 2201 2543 a
2229 2493 2366 2543 vobis
2382 2492 2672 2556 approbetur
2692 2512 2705 2543 z
2734 2506 2904 2543 verum
2930 2494 2970 2543 si
2996 2494 3251 2557 quisquam

1697 2587 1870 2650 iniuria
1887 2586 1951 2635 ab
1967 2587 2069 2649 ipso
2086 2586 2368 2635 affectorum
2393 2584 2625 2647 adsuerit,
2650 2598 2876 2647 magnum
2894 2586 2943 2634 id
2966 2598 3069 2635 esse
3091 2583 3254 2635 existi·

1699 2678 1864 2743 metiS,
1883 2690 2093 2741 eumque
2108 2679 2319 2727 maximo
2344 2675 2457 2726 odio
2478 2676 2693 2725 habeatis
2717 2674 2801 2738 qui
2824 2688 2907 2725 eos
2926 2676 3131 2739 spoliare
3152 2688 3253 2725 sus-

1699 2778 1844 2829 tinuit
1855 2815 1870 2840 ,
1890 2777 2068 2839 quibus
2096 2774 2267 2837 ceteri,
2292 2774 2613 2825 misericordia
2648 2775 2843 2837 propter
2880 2774 3089 2837 inopiam
3118 2787 3253 2823 com-

1701 2877 1847 2941 moti,
1873 2875 1936 2925 de
1964 2876 2063 2926 suis
2084 2876 2299 2925 conferre
2315 2874 2640 2924 decreverant.
2707 2872 2823 2922 Mihi
2847 2874 2992 2923 testes
3011 2884 3149 2923 voca.

2358 3011 2593 3054 TESTES.

1765 3130 1840 3174 20.
1879 3122 2113 3186 Equidem
2134 3120 2339 3171 arbitror
2364 3134 2462 3170 non
2492 3120 2665 3170 debere
2696 3132 2782 3169 vos
2813 3119 2951 3169 aliter
2980 3117 3041 3168 de
3062 3131 3121 3168 eo
3155 3118 3255 3169 sta-

1703 3213 1838 3261 tuere
1868 3224 2015 3273 quam
2035 3210 2255 3260 statuunt
2276 3208 2317 3271 ej
2324 3222 2380 3257 us
2398 3206 2800 3271 propinquissimi.
2867 3206 2995 3255 Talis
3018 3204 3147 3255 enim
3166 3206 3259 3256 tuit

1703 3312 1814 3361 erga
1840 3298 1971 3360 illos,
1996 3299 2077 3359 ut,
2100 3296 2285 3347 etiamsi
2306 3295 2425 3345 nihil
2456 3294 2590 3345 aliud
2612 3294 2777 3343 suisset
2809 3293 2871 3343 ab
2897 3306 2953 3343 eo
2975 3294 3227 3357 peccatum
3241 3328 3259 3355 ,

1701 3386 1766 3436 ob
1797 3387 1846 3435 id
1869 3385 2028 3435 solum
2052 3382 2295 3447 reprobari
2317 3382 2527 3432 deberet.
2552 3382 2723 3441 Qualia
2754 3380 2896 3443 igitur
2920 3382 3075 3430 mater
3096 3380 3263 3431 vivens

1702 3482 1860 3545 ipsum
1885 3478 2161 3540 incusabat,
2188 3492 2245 3528 ea
2267 3476 2631 3541 praetermittam
2659 3493 2671 3525 ι
2700 3488 2763 3524 ex
2788 3474 2846 3523 iis
2866 3486 2981 3524 vero
3003 3488 3115 3537 quoe
3146 3474 3260 3523 tecit

1707 3570 1967 3632 moritura,
2003 3568 2139 3619 vobis
2165 3566 2435 3627 conjectare
2470 3563 2609 3614 facile
2638 3564 2711 3613 est
2726 3599 2741 3624 ,
2779 3562 2971 3625 qualem
3008 3574 3061 3611 se
3095 3560 3185 3611 iste
3210 3560 3261 3610 in

1705 3660 1951 3721 parentem
1992 3654 2284 3719 praestiterit.
2370 3652 2469 3715 (21)
2506 3656 2573 3701 Ea
2604 3651 2783 3713 quippe
2820 3650 2895 3700 isti
2934 3662 2986 3699 se
3020 3650 3261 3699 mortuam

1706 3744 2005 3795 committere
2026 3742 2210 3803 noluit;
2232 3752 2400 3791 verum
2424 3738 2713 3801 Antiphani,
2738 3737 2817 3787 eui
2838 3750 2937 3786 non
2959 3738 3063 3787 erat
3089 3748 3261 3798 genere

1707 3835 1990 3895 conjuncta,
2004 3830 2150 3881 fidem
2168 3828 2416 3891 adhibens,
2432 3826 2564 3877 dedit
2576 3826 2639 3875 ad
2652 3825 2947 3888 sepulturam
2962 3826 3059 3873 tres
3079 3824 3263 3885 argenti

1707 3929 1860 3977 minas
1873 3964 1888 3989 ,
1911 3925 2106 3990 proprio
2123 3925 2221 3974 filio
2242 3922 2503 3987 praeterito.
2525 3923 2691 3971 Nonne
2708 3918 2851 3981 igitur
2868 3918 2999 3981 patet
3017 3930 3123 3965 eam
3141 3917 3265 3965 bene

1709 4015 2018 4076 intellexisse,
2054 4014 2197 4063 istum
2228 4009 2539 4075 quantumvis
2569 4008 2738 4057 intima
2768 4004 3117 4056 necessitudine
3147 4014 3264 4052 con·

1705 4112 1928 4174 iunctum
1947 4109 2034 4173 ipsi
2041 4109 2171 4171 Justa
2185 4120 2283 4157 non
2306 4104 2578 4155 iacturum?
2599 4102 2697 4164 (22)
2724 4100 2869 4163 Atqui
2899 4099 2940 4149 si
2960 4098 3131 4159 mater,
3152 4108 3264 4159 quae

1708 4216 1739 4251 a
1751 4199 1909 4251 liberis
1926 4198 2073 4248 etiam
2093 4196 2319 4258 injuriose
2336 4192 2497 4243 habita
2510 4228 2527 4255 ,
2547 4191 2614 4241 ita
2628 4190 2799 4238 natura
2816 4188 3091 4249 comparata
3113 4188 3187 4234 est
3210 4187 3266 4234 ut

1708 4297 1911 4345 sufferre
1930 4292 2106 4353 soleat,
2121 4290 2352 4353 putetque
2363 4322 2379 4348 ,
2393 4299 2545 4351 quum
2564 4296 2735 4346 magna
2748 4295 2845 4331 non
2861 4278 3080 4343 acdpiat,
3094 4278 3267 4341 magna

1709 4396 1874 4445 tamen
1891 4402 1943 4439 se
1956 4386 2131 4437 habere
2143 4424 2159 4449 ,
2176 4386 2427 4448 propterea
2447 4381 2578 4445 quod
2593 4393 2668 4430 res
2685 4392 2747 4429 ex
2761 4376 3096 4428 benevolentia
3119 4373 3270 4436 magis

1711 4500 1858 4550 quam
1897 4498 1959 4535 ex
1975 4483 2152 4534 effectu
2186 4478 2471 4544 perpendat3
2496 4478 2536 4527 si
2571 4476 2653 4525 illa
2664 4512 2681 4539 ,
2715 4475 2939 4537 inquam,-
2974 4469 3268 4521 existimavit

1714 4584 1857 4633 istum
1879 4594 1931 4629 se
1948 4579 2022 4629 vel
2042 4579 2284 4627 mortuam
2310 4573 2679 4637 compilaturum
2692 4606 2708 4631 ,
2734 4568 2925 4631 qualem
2949 4578 3034 4615 vos
3052 4565 3264 4613 animum

1713 4679 1772 4728 de
1799 4678 1888 4727 isto
1903 4675 2071 4725 eodem
2087 4673 2265 4723 habere
2276 4668 2543 4732 oportebit?
2560 4666 2657 4729 (23)
2677 4664 2985 4724 Quicumque
3009 4659 3137 4709 enim
3152 4656 3265 4707 talia

1713 4775 1887 4824 audeat
1904 4774 2070 4822 contra
2082 4766 2523 4833 propinquissimos,
2534 4761 2651 4826 quid
2658 4759 2854 4810 audebit
2868 4759 3038 4807 contra
3060 4752 3271 4803 alienos?

1715 4874 1782 4921 Ut
1805 4874 1966 4937 autem
1997 4866 2183 4917 constet
2204 4865 2313 4913 haec
2346 4875 2459 4912 vera
2481 4872 2583 4909 esse
2595 4893 2610 4919 ,
2648 4858 2804 4919 ipsum
2838 4854 3081 4903 hominem
3110 4846 3271 4896 audite

1714 4967 1797 5030 qui
1813 4964 2066 5029 pecuniam
2088 4961 2271 5024 accepit
2286 4960 2335 5008 et
2356 4956 2606 5007 mulierem
2628 4950 2865 5015 sepelivit.

2382 5084 2601 5128 usus.

1784 5214 1861 5260 24.
1881 5212 1995 5268 Quo
2012 5207 2157 5270 igitur
2178 5206 2337 5255 animo
2360 5204 2507 5253 istum
2526 5193 2881 5261 approbantis?
2911 5199 3031 5237 anne
3049 5180 3178 5245 quod
3198 5180 3271 5227 ni·

158 5312 286 5368 ⁶²²²&
307 5302 500 5383 πότερον
517 5308 588 5373 ὣς
625 5308 724 5386 οὐχ
741 5302 1120 5385 ἡμαρτηκότα;
1145 5298 1282 5358 ἀλλὰ
1303 5296 1371 5356 τὰ
1400 5294 1620 5375 μέγιστα
1719 5298 1788 5349 bil
1803 5298 1919 5349 mali
1931 5294 2205 5346 admiserit?
2221 5292 2369 5355 Atqui
2384 5289 2594 5340 maxima
2613 5282 2814 5345 deliquit
2832 5280 2881 5327 in
2896 5274 3116 5341 patriam.
3138 5272 3273 5319 Anne

3007 5373 3059 5413 13
