3825 5842
583 450 696 503 266

1166 573 1550 623 ΔΝΤΩΜΟΣΙΑ.

661 687 761 755 Ὦς
781 686 948 747 τοίνυν
971 688 1139 761 ἀληθῆ
1161 688 1560 765 ἀντωμόσαμεν,
1585 684 1935 769 Κηφισόδοτος
1959 686 2133 749 οὑτοσὶ

582 767 714 850 οἶδε,
740 774 832 835 καὶ
869 774 1138 856 μάρτυρας
1173 775 1292 852 ὓμῗν
1327 774 1657 853 παρεξόμεθα
1698 779 1904 857 πρῶτον
1942 775 2036 853 μὲν
2064 778 2132 844 ὥς

505 883 558 925 20
581 864 784 938 ἀπέστη
809 864 1144 944 Δικαιογένης
1163 868 1292 942 ἡμῖν
1316 872 1423 923 τοῖν
1443 866 1581 924 δυοῖν
1603 866 1777 945 μεροῖν
1795 872 1884 926 τοῦ
1907 866 2131 948 κλήρου,

581 946 694 1014 εἶτα
737 957 806 1021 ὥς
845 952 1158 1032 ἐνεγυήσατο
1203 951 1510 1033 Λεωχάρης.
1607 953 1715 1015 Καί
1751 976 1840 1030 μοι
1876 952 2132 1034 ἀνάγνωθι

581 1040 675 1114 τὴν
701 1040 1010 1123 μαρτυρίαν.

1179 1160 1511 1209 ΜΑΡΤΪΡῙΑ.

662 1294 707 1337 a.
748 1276 870 1335 Τῶν
900 1272 991 1352 μὲν
1017 1272 1294 1356 μαρτύρων
1322 1272 1611 1349 ἀκηκόατε,
1635 1273 1725 1333 καὶ
1753 1276 1821 1343 ὡς
1847 1276 1906 1335 οὖ
1931 1276 2131 1348 τάληθῆ

585 1362 1063 1445 μεμαρτυρήκασιν,
1084 1364 1190 1423 οὐδ’
1207 1362 1269 1422 ἃν
1295 1363 1448 1423 αὐτὸν
1472 1354 1621 1442 οἶμαι
1640 1365 1933 1447 Λεωχάρην
1952 1366 2133 1425 εἰπεῖν·

582 1452 706 1519 ’ίσως
727 1452 782 1511 δὲ
801 1452 890 1512 ἐπ’
912 1454 1103 1512 ἐκεῖνον
1125 1454 1369 1533 τρέψεται
1395 1452 1482 1511 τὸν
1507 1452 1678 1531 λόγον,
1702 1457 1772 1523 ὣς
1794 1454 2133 1534 Δικαιογένης

584 1562 644 1599 τε
663 1539 696 1597 ἃ
718 1540 844 1615 ἡμῖν
864 1537 1202 1618 ὡμολόγησεν
1227 1536 1434 1597 ἅπαντα
1453 1539 1708 1613 πεποίηκε
1721 1586 1738 1615 ,
1758 1542 1849 1601 καὶ
1864 1541 2017 1611 αὐτὸς
2038 1542 2133 1615 τὴν

584 1627 824 1708 ἐξεγγύην
862 1626 943 1686 ὅτι
971 1627 1255 1687 ἀπέδωκεν.
1339 1629 1406 1688 Ei
1433 1616 1520 1687 οὖν
1558 1633 1705 1689 ταῦτ’
1727 1632 1859 1713 ε’ρεῖῖ,
1885 1631 2134 1711 ψεύσεται

508 1736 559 1776 2⁵
586 1716 678 1775 καὶ
703 1714 890 1798 ῥαδίως
911 1716 1300 1797 ἐλεγχθήσεται.
1369 1714 1744 1795 Ἀναγνώσεται
1766 1718 1868 1801 γὰρ
1891 1724 2011 1798 ὑμῖν
2036 1720 2134 1779 ὅσα

584 1805 832 1863 κατέλιπε
863 1802 1198 1884 Δικαιογένης
1225 1808 1252 1862 6
1275 1802 1554 1873 Μενεξένου
1584 1809 1637 1865 ἐν
1660 1809 1735 1887 τῷ
1754 1806 1933 1889 κλήρῳ
1956 1809 2045 1868 καὶ
2068 1807 2135 1867 τὰ

583 1890 834 1973 χρήματα
863 1890 897 1951 ἃ
921 1890 1125 1953 ἔλαὸεν.

1179 2026 1540 2075 ΔΠΟΓΡΑΦΗ.

663 2174 704 2213 4.
748 2156 932 2215 Ταῦτα
963 2151 1124 2231 εἰμὲν
1155 2150 1229 2230 μή
1256 2175 1384 2235 φασι
1407 2149 1744 2229 Δικαιογένην
1766 2149 1854 2211 τὸν
1885 2151 2135 2235 ἡμέτερον

584 2244 716 2303 θεῖον
740 2245 907 2313 ζῶντα
935 2245 1214 2313 κεκτῆσθαι
1242 2240 1332 2299 καὶ
1357 2239 1750 2313 ἀποθνήσκοντα
1772 2245 1900 2319 ἡμῖν
1930 2242 2133 2313 δοῦναι,

586 2328 1023 2401 ἀποδειξάτωσαν·
1048 2332 1093 2389 εἰ
1124 2327 1178 2389 δὲ
1207 2327 1296 2390 καὶ
1326 2328 1517 2388 ἐκεῖνον
1544 2331 1854 2389 καταλιπεῖν
1882 2329 1972 2388 καὶ
1996 2333 2137 2407 ἡμᾶς

584 2420 923 2497 κεκομίσθαι,
955 2416 1342 2500 μαρτυρησάτω
1373 2441 1450 2486 τις
1483 2420 1674 2488 αὐτοῖς.
1757 2417 1886 2481 Ὅτι
1913 2416 2008 2497 μὲν
2035 2417 2136 2500 γὰρ

584 2509 919 2588 Δικαιογένης
954 2506 1210 2587 ὡμολόγει
1246 2505 1576 2588 παραδώσειν
1605 2509 1730 2585 ἡμῖν
1762 2499 1834 2567 ὧν
1859 2506 2135 2567 κατέλιπεν

505 2614 558 2653 so
584 2600 611 2657 6
631 2594 913 2665 Μενεξένου
937 2594 1004 2654 τὰ
1023 2594 1113 2657 δύο
1131 2594 1264 2676 μέρη
1280 2640 1296 2668 ,
1310 2595 1462 2672 ἡμεῖς
1483 2594 1747 2679 μάρτυρας
1767 2595 2104 2677 παρεχόμεθα
2120 2640 2136 2669 ,

588 2684 678 2745 καὶ
705 2684 784 2744 ὅτι
813 2680 1102 2764 Λεωχάρης
1131 2681 1445 2762 ἐνεγυήσατο
1473 2684 1626 2743 αὐτὸν
1662 2690 1830 2744 ταῦτα
1869 2683 2106 2756 ποιήσειν
2123 2708 2135 2722 ·

583 2770 674 2832 καὶ
696 2770 798 2854 γὰρ
815 2771 1125 2850 δικαζόμεθα
1150 2771 1236 2831 διὰ
1252 2776 1424 2846 τοῦτο,
1444 2770 1536 2830 καὶ
1555 2776 1719 2831 ταῦτα
1739 2772 2135 2851 ἀντωμόσαμεν.

585 2868 694 2931 Καί
721 2892 808 2949 μοι
841 2868 1096 2949 ἀνάγνωθι
1127 2866 1223 2941 τὴν
1248 2866 1599 2944 ἁντωμοσίαν.

1166 3014 1554 3061 ΑΝΤΩΜΟΣῙΑ.

661 3154 710 3193 s.
753 3134 822 3193 Ei
865 3129 958 3209 μὲν
987 3130 1173 3205 τοίνυν,
1215 3120 1258 3189 ὦ
1287 3130 1498 3213 ἄνδρες,
1527 3130 1646 3213 περὶ
1679 3128 1870 3190 τούτων
1913 3129 2133 3209 ἔμελλον

587 3218 1010 3297 ἀπολογήσασθαι
1039 3218 1191 3297 μόνον
1216 3218 1563 3300 Αεωχάρηςῆ
1591 3218 1961 3297 Δικαιογένης,
1990 3218 2140 3301 ἤρκει

587 3307 648 3366 ἄν
677 3330 765 3384 μοι
792 3306 858 3367 τὰ
899 3306 1163 3388 εἰρημένα·
1192 3306 1370 3379 ἐπειδὴ
1397 3308 1452 3367 δὲ
1489 3306 1972 3386 παρεσκευασμένοι
2010 3308 2137 3367 εἷσὶν

510 3413 562 3453 as
587 3394 638 3464 ἐξ
661 3398 827 3475 ἀρχῆς
855 3396 974 3475 περὶ
1001 3400 1094 3455 τοῦ
1134 3395 1328 3477 κλήρου
1363 3394 1554 3475 λέγειν,
1589 3394 1843 3475 βούλομαι
1885 3400 2023 3473 ὑμᾶς
2049 3396 2139 3456 καὶ

584 3483 707 3563 παρ’
733 3485 855 3560 ἐμοῦ
882 3482 947 3541 τὰ
965 3482 1264 3563 πραχθέντα
1285 3484 1535 3543 πυθέσθαι
1551 3528 1566 3555 ,
1595 3480 1680 3542 ἵνα
1703 3483 1891 3551 εἰδότες
1908 3487 2139 3559 τάληθῆ,

585 3569 617 3629 ὅ
632 3593 682 3628 τι
703 3569 765 3629 ἂν
792 3571 915 3651 δοκῇ
944 3574 1084 3647 ὑμῖν,
1112 3570 1435 3653 ψηφίσησθε,
1464 3569 1601 3630 ἀλλὰ
1632 3569 1706 3649 μὴ
1735 3572 2133 3649 ἐξηπατημένοι.

587 3656 855 3739 Μενεξένῳ
895 3656 996 3740 γὰρ
1035 3662 1109 3739 τῷ
1152 3658 1393 3741 ἡμετέρῳ
1430 3656 1637 3739 πάππῳ
1672 3658 1871 3737 ἐγένετο
1903 3660 2009 3728 υἱὸς
2046 3662 2139 3739 μὲν

586 3736 682 3820 εἷς,
706 3745 1059 3825 Δικαιογένης,
1083 3745 1354 3827 θυγατέρες
1375 3744 1429 3806 δὲ
1448 3747 1685 3828 τέτταρες
1699 3792 1718 3826 ,
1741 3738 1814 3806 ὦν
1839 3746 1995 3807 ἔλαθε
2015 3746 2140 3827 μίαν

587 3834 681 3913 μὲν
711 3835 1049 3920 Πολυάρατος
1077 3837 1105 3892 6
1127 3832 1303 3916 πατὴρ
1328 3838 1355 3894 6
1379 3834 1528 3915 ἐμός,
1569 3835 1732 3907 ἄλλην
1775 3834 1830 3895 δὲ
1857 3840 2141 3915 Δημοκλῆς

586 3927 613 3982 6
651 3923 971 4006 Φρεάρριος,
1009 3920 1104 3995 τὴν
1153 3922 1207 3981 δὲ
1248 3927 1563 4006 Κηφισοφῶν
1599 3928 1628 3984 6
1657 3924 1969 3995 Παιανιεύς·
2003 3932 2037 3999 ἡ
2086 3924 2140 3987 δὲ

507 4033 561 4073 ιο
584 4012 888 4094 Θεοπόμπῳ
916 4004 1152 4090 ἐγήματο
1170 4015 1245 4094 τῷ
1277 4011 1638 4095 Κηφισοδότου
1668 4012 1846 4093 πατρί.
1934 4014 1999 4093 (o)
2032 4013 2140 4075 Καὶ

585 4102 614 4159 6
641 4100 734 4179 μὲν
767 4098 1132 4178 Δικαιογένης,
1161 4098 1471 4181 τριήραρχος
1501 4097 1791 4169 ἐκπλεύσας
1822 4105 1914 4173 τῆς
1954 4100 2139 4182 Παρά-

583 4192 697 4267 λου,
715 4188 1013 4261 ἐτελεύτησε
1030 4187 1322 4269 μαχόμενος
1342 4191 1394 4248 ἐν
1416 4188 1608 4271 Κνίδῳ·
1632 4188 1972 4257 ἀποθανόντος
1988 4190 2034 4249 δ’
2053 4192 2137 4249 αὖ·

586 4284 674 4335 τοῦ
695 4278 915 4345 ἄπαιδος
935 4277 1186 4350 διαθήκην
1207 4276 1443 4359 ἀπέφηνε
1460 4276 1715 4360 Πρόξενος
1736 4280 1763 4337 6
1784 4277 2140 4355 Δικαιογένους

584 4364 760 4443 πατήρ
779 4356 851 4443 ,ᾗ
876 4363 1244 4431 πιστεύσαντες
1270 4368 1318 4425 οἱ
1341 4364 1584 4447 ἡμέτεροι
1611 4364 1835 4447 πατέρες
1869 4366 2137 4443 ἐνείμαντο

584 4450 670 4510 τὸν
696 4452 904 4530 κλῆρον.
992 4450 1099 4511 Καὶ
1126 4451 1211 4511 ἐπὶ
1243 4452 1337 4529 μὲν
1362 4458 1437 4531 τῷ
1465 4454 1622 4533 τρίτῳ
1659 4454 1805 4532 μέρει
1831 4460 1921 4514 τοῦ
1944 4454 2137 4555 κλήρου

585 4528 919 4608 Δικαιογένης
949 4528 1032 4589 ὅδε
1063 4534 1138 4612 τῷ
1188 4530 1468 4599 Μενεξένου
1504 4532 1855 4611 Δικαιογένει,
1899 4538 2135 4615 ἧμετερῳ

584 4616 640 4676 δὲ
662 4615 802 4699 θείῳ,
831 4616 935 4685 υἱὸς
955 4618 1148 4696 ἐγίνετο
1174 4618 1386 4690 ποιητός
1401 4642 1414 4655 ·
1437 4622 1539 4677 τῶν
1564 4619 1619 4679 δὲ
1642 4621 1835 4678 λοιπῶν
1856 4622 2052 4695 ἑκάστη
2077 4620 2136 4682 τὸ

497 4722 561 4775 51
585 4703 736 4787 μέρος
774 4706 1117 4766 ἐπεδικάσατο
1138 4710 1237 4765 τῶν
1265 4704 1546 4775 Μενεξένου
1567 4705 1856 4788 θυγατέρων
1875 4731 1890 4747 ·
1920 4700 1992 4768 ὧν
2033 4709 2135 4789 ἐγὼ

583 4792 697 4864 τοὺς
725 4793 842 4854 τότε
863 4792 1121 4877 παρόντας
1149 4798 1270 4874 ὑμῖν
1296 4794 1562 4877 μάρτυρας
1587 4796 1892 4878 παρέξομαι.

1181 4924 1527 4974 ΜΑΡΤΥΡΕΣ.

661 5072 705 5111 7.
752 5048 968 5123 Ἐπειδὴ
1007 5048 1060 5109 δὲ
1089 5050 1355 5130 ἐνείμαντο
1380 5048 1468 5110 τὸν
1495 5052 1711 5132 κλῆρον,
1742 5049 2028 5129 ὀμόσαντες
2055 5053 2130 5132 μὴ

584 5136 981 5218 παραὸήσεσθαι
1003 5137 1069 5196 τὰ
1091 5137 1470 5220 ὡμολογημένα
1485 5186 1502 5218 ,
1528 5138 1774 5214 ἐκέκτητο
1793 5140 2011 5210 ἕκαστος
2035 5142 2131 5203 δώ-

1300 436 1558 498 ΙΣΑΙΟΥ
1598 437 1648 496 Ο
1691 438 1878 499 ΠΕΡΙ
1918 438 2068 499 ΤΟΥ
2106 436 2673 501 ΔΙΚΔῙΟΓΕΝΟΥΣ
2712 436 3048 499 ΚΛΗΡΟΥ.

3505 442 3675 524 (οε-οι)

2614 581 3050 625 mustitanum(
3087 582 3362 627 HUTUUH·

2220 695 2346 743 vera
2369 690 2535 755 itaque
2564 704 2667 743 esse
2700 704 2758 742 ea
2786 704 2899 755 quas
2928 692 3357 755 contraieramento
3384 693 3682 762 affirmavimus,

2220 779 2565 849 Cephisodotus
2586 780 2666 829 hic
2682 779 2848 841 novit,
2869 780 3111 842 testesque
3126 778 3189 828 ad
3207 792 3293 829 vos
3316 779 3592 842 producemus
3612 786 3683 846 pri-
3739 782 3740 791 ’

2218 883 2355 921 mum
2376 867 2439 919 de
2454 868 2574 931 hoc,
2590 868 2722 933 quod
2738 868 3043 931 Dimogenes
3064 866 3199 918 besse
3220 867 3477 919 hereditatis
3490 883 3533 920 se
3548 871 3685 922 εΙιάὶα-

2219 962 2311 1026 rit,
2334 963 2443 1013 tum
2475 961 2539 1011 de
2558 960 2677 1023 isto,
2709 960 2839 1025 quod
2865 960 3132 1011 Leocharen
3150 960 3293 1023 huius
3312 962 3376 1013 rei
3404 975 3632 1026 sponsorem
3652 976 3687 1013 se

2218 1053 2361 1105 scribi
2378 1067 2545 1120 passus
2568 1054 2726 1106 merit.
2755 1055 2919 1107 Recita
2934 1056 3275 1107 testimonium.

2772 1167 3217 1211 Tnsrtuouruu.

2285 1282 2329 1329 8.
2369 1274 2658 1341 Audivistis‚
2688 1275 2900 1341 iudices,
2924 1290 2953 1328 e
2984 1278 3215 1341 testibus,
3240 1291 3359 1343 quos
3388 1290 3538 1329 verum
3566 1278 3693 1329 dixisse

2220 1376 2283 1415 ne
2302 1364 2404 1429 ipse
2420 1364 2615 1429 quidem
2632 1365 2899 1417 Leochares
2919 1366 3113 1417 videtur
3138 1368 3419 1418 infitiatums
3432 1381 3551 1418 esse:
3571 1370 3612 1417 at
3632 1368 3693 1416 ior·

2220 1455 2346 1507 tasse
2368 1453 2432 1505 ad
2449 1454 2575 1505 hanc
2592 1454 2833 1519 confugiet
2848 1456 3225 1520 excusationem,
3244 1459 3299 1507 ut
3320 1456 3411 1507 aiat
3434 1456 3693 1519 Dioeogeaeui

2221 1542 2445 1597 omuibus
2462 1542 2713 1597 nobiscum
2744 1544 2897 1607 pactis
2914 1544 3219 1607 satisfecisse,
3248 1544 3607 1609 sponsionemque
3624 1559 3646 1593 a
3662 1558 3695 1593 se

2222 1632 2399 1684 (acum
2422 1632 2687 1697 prestitam
2702 1645 2819 1683 esse.
2886 1636 3009 1690 Quae
3029 1646 3180 1697 quum
3196 1634 3321 1697 aiet,
3338 1634 3572 1684 mentietur
3586 1633 3695 1683 facilc·

2224 1732 2319 1784 que
2334 1720 2440 1775 salsi
2452 1721 2781 1771 convincetur·
2845 1720 3083 1772 Recitabit
3098 1722 3227 1772 enim
3240 1721 3395 1773 scriba
3400 1722 3523 1773 vohis
3532 1734 3695 1787 quaecun-

2224 1820 2321 1873 que
2360 1807 2665 1871 Dicaeogenes
2696 1808 2781 1871 (11)
2818 1810 3071 1860 Menexeni
3108 1809 3238 1860 filius
3280 1810 3489 1875 reliquit,
3520 1814 3565 1860 et
3597 1822 3695 1875 quau

2224 1896 2569 1961 supellectilem
2592 1897 2671 1947 hic
2690 1897 3021 1961 (Dicoeogenes
3036 1900 3123 1963 111)
3143 1898 3367 1963 suscepit.

2840 2042 3153 2085 Tannum.

2287 2163 2336 2209 4.
2369 2160 2487 2211 Haec
2511 2159 2553 2211 si
2574 2160 2821 2223 negabunt
2838 2159 3094 2211 adversarii
3120 2162 3447 2227 Dicaeogenem
3479 2161 3701 2212 avunculum

2224 2240 2443 2289 nostrum
2477 2239 2593 2289 dum
2628 2239 2789 2290 adhuc
2818 2242 3085 2304 superesset
3106 2242 3391 2305 possedisse,
3416 2242 3615 2305 nobisque
3640 2240 3704 2289 vita

2226 2314 2532 2367 decedentem
2550 2318 2746 2381 legasse,
2768 2318 2963 2383 planum
2980 2318 3031 2369 id
3042 2318 3263 2369 faciunto
3280 2339 3294 2371 z
3312 2320 3385 2370 sin
3402 2323 3547 2370 autem
3560 2322 3601 2368 et
3613 2319 3703 2367 illum

2226 2395 2361 2447 istoec
2400 2396 2661 2461 possedisse
2702 2400 2753 2447 et
2782 2410 2872 2449 nos
2906 2398 3145 2461 accepisse
3176 2398 3342 2463 aient,
3364 2400 3492 2450 testis
3522 2400 3607 2449 haec
3627 2410 3703 2445 ron·

2226 2476 2431 2529 firmato.
2498 2478 2801 2541 Dicaeogenes
2828 2479 2953 2541 (ΙΙΙ)
2992 2479 3121 2529 enim
3144 2480 3283 2543 quod
3316 2481 3532 2544 receperit
3559 2478 3699 2529 trader·

2226 2562 2339 2613 dam
2382 2578 2413 2614 a
2459 2578 2513 2617 se
2554 2564 2693 2616 nobis
2732 2566 2917 2617 bessem
2950 2566 3189 2617 bonorum
3236 2568 3535 2632 Dicaeogenis,
3563 2568 3629 2630 qui
3661 2567 3706 2613 est

2226 2644 2477 2695 Menexeni
2496 2644 2624 2696 filius
2639 2681 2654 2706 ‚
2679 2646 2727 2696 et
2750 2646 2882 2709 quod
2904 2646 3170 2699 Leochares
3192 2660 3466 2710 sponsorem
3486 2662 3532 2698 se
3546 2642 3709 2696 constitui

2226 2730 2391 2782 passus
2406 2720 2470 2770 sit
2486 2720 2549 2771 de
2576 2720 2859 2785 proestandis
2876 2722 2953 2773 his
2972 2724 3219 2786 promissis
3231 2764 3247 2789 ,
3282 2726 3331 2775 id
3352 2739 3437 2776 nos
3452 2724 3622 2775 testibus
3636 2734 3708 2770 ron-

2228 2802 2540 2853 firmavimus.
2603 2806 2725 2855 Nam
2743 2802 2804 2854 de
2818 2804 2893 2855 his
2914 2804 3029 2867 ipsis
3048 2806 3098 2856 in
3112 2806 3227 2869 iure
3240 2809 3574 2870 contendimus,
3594 2806 3708 2855 ethaet

2223 2880 2535 2943 jurejurando
2552 2883 2721 2932 mutuo
2738 2882 3017 2945 recepimus.
3036 2884 3201 2934 Recita
3219 2887 3279 2936 tu
3299 2887 3415 2936 iliud
3430 2884 3707 2949 iusiurandum.

2628 3028 3051 3072 JURAMENTUM
3088 3030 3378 3075 nutum!-

2293 3143 2338 3187 5.
2374 3138 2514 3194 Quod
2538 3138 2579 3188 si
2598 3138 2727 3202 jam,
2746 3138 2962 3203 judices,
2985 3140 3094 3191 hinc
3119 3142 3427 3206 Dicaeogenes
3442 3146 3488 3194 et
3512 3141 3709 3194 Leochares

2228 3224 2279 3275 in
2304 3224 2576 3277 defensione
2592 3228 2667 3278 sui
2688 3228 2791 3278 sola
2812 3229 2971 3279 essent
2984 3230 3241 3281 tractaturi
3254 3267 3270 3294 ,
3298 3232 3423 3285 dicta
3438 3231 3633 3281 hactenus
3654 3239 3709 3276 no·

2228 3313 2303 3363 bis
2318 3314 2593 3365 sufficerent
2614 3334 2627 3365 =
2654 3316 2767 3377 quia
2782 3328 2901 3367 vero
2917 3316 3072 3379 parati
3086 3319 3201 3367 sunt
3218 3320 3527 3370 narrationem
3549 3318 3601 3367 de
3612 3316 3707 3365 here·

2229 3402 2377 3452 ditate
2394 3415 2423 3452 a
2440 3404 2671 3465 principio
2686 3403 2798 3455 inde
2814 3406 3029 3468 repetere
3039 3442 3055 3467 ,
3074 3406 3245 3457 induxi
3264 3421 3351 3472 ego
3364 3420 3543 3472 quoque
3554 3404 3709 3455 animun

2229 3491 2380 3541 totam
2403 3504 2505 3541 rem
2527 3493 2585 3542 ut
2600 3492 2732 3553 gesta
2745 3494 2817 3543 est
2833 3505 2921 3543 vos
2936 3492 3127 3557 docere,
3146 3509 3247 3557 quo
3266 3496 3483 3547 certiores
3498 3494 3551 3545 de
3563 3491 3711 3542 veritate

2230 3583 2370 3647 sacti,
2402 3596 2500 3634 non
2529 3585 2695 3634 autem
2725 3583 2987 3636 mendaciis
3016 3586 3339 3639 circumventi
3366 3601 3428 3639 ex
3451 3586 3579 3638 animi
3608 3580 3711 3632 vestri

2228 3672 2463 3722 sententia
2476 3671 2759 3722 decernatis.
2825 3674 3091 3724 Menexeno
3106 3686 3199 3723 avo
3216 3677 3382 3727 nostm
3394 3675 3488 3725 nati
3500 3673 3610 3732 sunt,
3626 3668 3713 3717 iilius

2228 3758 2421 3824 quidem
2452 3772 2578 3811 unus
2611 3760 2940 3824 Dicaeogenes,
2977 3760 3088 3811 fili'ae
3122 3764 3287 3813 autem
3326 3765 3534 3827 quatuor,
3558 3766 3712 3821 quarum

2228 3860 2389 3898 unanr
2402 3847 2543 3899 duxit
2568 3849 2819 3911 Polyartus
2840 3854 2977 3913 pater
3000 3862 3139 3900 meus
3153 3887 3169 3912 ,
3189 3851 3336 3902 aliam
3358 3849 3582 3902 Democies
3604 3846 3713 3895 Phre-

2227 3938 2439 4000 arrhius,
2460 3937 2603 4001 aliam
2628 3938 2885 4002 Ctesiphon
2909 3938 3217 4001 Paeaniensis‚
3238 3940 3381 3991 aliam
3402 3940 3585 4003 denique
3598 3934 3713 3985 Theo-

2230 4038 2438 4089 pompus
2463 4028 2600 4089 pater
2621 4026 2940 4089 Cephisodoti.
2968 4047 2971 4051 ·
3004 4026 3069 4090 (e)
3097 4030 3208 4078 Jam
3230 4030 3524 4092 Dicoeogenes
3541 4022 3711 4089 quidem.

2227 4127 2379 4178 quum
2396 4114 2686 4165 trierarchus
2703 4128 2733 4165 e
2748 4116 2891 4178 portu
2911 4116 3128 4167 solvisset
3146 4116 3195 4167 in
3213 4117 3402 4179 Par-aio,
3419 4125 3607 4180 pugnans
3620 4106 3711 4173 apud

2229 4203 2438 4253 Gnidum
2456 4202 2684 4254 occubuit
2708 4223 2721 4255 ι
2746 4204 2975 4255 defuncto
3001 4204 3094 4255 hoc
3110 4206 3347 4269 improle,
3374 4210 3502 4270 pater
3522 4205 3711 4259 Dicaeoge-

2226 4291 2301 4342 nis
2317 4292 2425 4355 (ΙΙΙ)
2447 4296 2694 4344 Proxenus
2702 4293 3044 4345 testamentum
3058 4295 3279 4359 protulit,
3299 4295 3377 4345 cui
3393 4294 3525 4345 tidem
3538 4288 3711 4341 habent&

2225 4385 2387 4445 patres
2408 4382 2559 4433 nostri
2585 4381 2897 4435 hereditatem
2920 4384 3193 4433 creverunt.
3260 4386 3323 4435 Et
3343 4384 3410 4435 sic
3425 4383 3563 4434 sactus
3578 4380 3635 4429 aet
3654 4374 3709 4423 hic

2228 4471 2529 4533 Dicaeogenes
2544 4470 2613 4521 ilii
2632 4471 2901 4534 Dicoeogeni
2920 4472 3171 4523 Menexeni
3190 4471 3289 4522 tilio
3302 4508 3318 4533 ,
3336 4470 3558 4522 avunculo
3571 4466 3707 4519 nostro,

2226 4558 2354 4609 iilius
2378 4540 2633 4623 adoptivus
2654 4572 2712 4609 ea
2734 4558 2839 4623 lege
2860 4558 2916 4608 ut
2936 4559 3039 4611 sola
3058 4560 3233 4611 triente
3248 4562 3496 4611 contentus
3510 4556 3634 4616 essen
3654 4562 3709 4599 re·
3739 4594 3740 4609 ¹

2224 4648 2467 4711 liquorum
2490 4650 2653 4697 autem
2681 4648 2867 4711 partem
2899 4648 3055 4697 ratam
3082 4648 3173 4698 sibi
3198 4662 3229 4699 a
3242 4648 3479 4711 judicibus
3504 4636 3708 4707 adjudicari

2224 4736 2425 4786 curabat
2440 4749 2745 4800 unaquaeque
2763 4736 3011 4786 Menexeni
3032 4736 3258 4788 filiarum.
3322 4742 3495 4789 Horum
3514 4746 3588 4797 ego
3602 4728 3709 4781 1⁸⁵1ae
3739 4720 3740 4761 ³

2223 4825 2460 4877 exhibebo
2485 4839 2567 4877 eos
2582 4862 2598 4889 ‚
2627 4825 2837 4888 quitum
2853 4824 2996 4876 rebus
3010 4824 3285 4877 interfuere.

2876 4956 3117 4999 ustus.

2234 5065 2242 5071 “
2282 5070 2332 5118 7.
2365 5064 2683 5128 Jurejurando
2705 5066 2865 5130 itaque
2885 5079 3039 5130 quum
3057 5066 3289 5118 cavissent
3302 5078 3365 5116 ne
3375 5063 3505 5128 pacta
3520 5056 3711 5110 conventa
3739 5066 3740 5081 ¹

2221 5154 2529 5215 violarentur,
2576 5154 2784 5219 possedIt
2824 5156 3152 5220 unusquisque
3190 5155 3449 5221 portionem
3486 5143 3713 5201 heredissfiss
3739 5162 3740 5209 ἐ

585 5227 712 5289 δεκα
739 5225 830 5302 ἔτη
858 5225 892 5287 ἃ
921 5226 1104 5311 ἔλαχε·
1132 5228 1222 5291 καὶ
1246 5232 1298 5291 ἐν
1330 5228 1556 5313 τοσούτῳ
1583 5229 1756 5313 χρόνῳ
1783 5231 1947 5291 οὐσῶν
1978 5232 2131 5294 δικῶν
2218 5256 2357 5296 suam
2377 5243 2633 5297 duodecim
2650 5258 2735 5311 per
2750 5256 2927 5309 annos3
2946 5245 2997 5298 et
3015 5258 3291 5312 quanquam
3306 5242 3485 5295 nulium
3502 5241 3597 5291 turn
3614 5232 3711 5287 enei
