3825 5842
112 463 351 546 (ms-m)

821 450 1066 515 LYSIAE
1105 448 1626 513 ACCEPTOBUM
1668 446 2065 511 MUNERUM
2104 444 2501 508 DEFENSIO.

3136 454 3247 509 198

61 618 85 659 η
102 590 301 666 λωμένα,
345 584 562 651 ἐκείνους
593 579 649 643 δὲ
689 584 856 642 δοκεῖν
895 582 1057 661 ὀρθῶς
1107 578 1480 660 βεὸουλεῦσθαι
1523 575 1605 637 ὅτι
1699 588 1900 653 gratiam
1913 598 2084 637 eorum
2098 598 2207 650 quoe
2220 598 2311 649 pro
2326 583 2466 635 vobis
2486 581 2697 647 impendi
2712 618 2728 644 ,
2742 581 2805 632 ab
2820 580 2935 645 ipsis
2950 585 3115 633 autem
3130 584 3254 635 bene

104 680 196 755 ὑμῖν
219 674 354 735 οὐδὲν
383 680 647 755 προεῖνται
688 673 794 729 τῶν
833 665 1092 748 σφετέρων
1127 669 1320 731 αὐτῶν.
1395 664 1489 727 Ἂν
1521 655 1610 724 οὖν

105 764 196 842 ἐμοὶ
216 765 450 833 πεισθῆτε
464 804 484 833 ,
509 759 577 818 τά
617 781 674 817 τε
701 757 878 817 δίκαια
903 756 1174 838 ψηφιεῖσθε
1203 755 1294 815 καὶ
1320 753 1387 813 τὰ
1409 756 1612 813 λυσιτε-

105 856 256 911 λοῦντα
297 850 414 926 ὑμῖν
441 848 611 914 αὐτοῖς
654 844 950 927 αἱρήσεσθε.
1050 843 1144 922 (ιε)
1187 841 1382 922 Ὁρᾶτε
1400 841 1536 922 γάρ,
1567 828 1612 899 ὦ

107 938 252 1017 ἄνδρες
282 933 554 1009 δικασταί,
598 930 666 992 τὰ
719 929 1006 1010 προσιόντα
1047 934 1114 1010 τῇ
1157 929 1310 989 πόλει
1355 932 1424 995 ὣς
1461 927 1612 1005 ὀλίγα

109 1028 216 1097 ἐστί,
237 1024 320 1083 καὶ
345 1028 516 1082 ταῦτα
555 1025 625 1089 ὣς
651 1019 752 1079 ὑπὸ
778 1023 882 1079 τῶν
917 1016 1278 1099 ἐφεστηκότων
1305 1016 1612 1097 ἁρπάζεται·

111 1110 206 1172 ὥστ’
233 1112 358 1181 ἄξιον
383 1108 578 1183 ταύτην
611 1110 851 1188 ἡγεῖσθαι
881 1106 1134 1188 πρόσοδον
1173 1100 1518 1186 βεὸαιοτάι-ην
1547 1106 1613 1182 τῇ

112 1202 244 1273 πόλει,
262 1200 348 1265 τὰς
367 1198 542 1265 οὐσίας
558 1200 662 1256 τῶν
683 1194 958 1256 ἐθελόντων
981 1194 1314 1275 λειτουργεῖν.
1399 1192 1491 1270 (ιε)
1521 1189 1613 1250 Ἂν

59 1310 96 1349 ιο
113 1280 178 1347 ὧν
219 1281 268 1349 εὖ
304 1286 645 1369 βουλεύσησθε
665 1331 683 1366 ,
708 1286 851 1344 οὐδὲν
885 1275 1040 1357 ἧττον
1094 1281 1472 1361 ἐπιμελήσεσθε
1512 1283 1615 1338 τῶν

111 1377 330 1459 ἡμετέρων
354 1374 642 1457 χρημάτων
664 1372 700 1447 ἢ
723 1378 826 1433 τῶν
849 1372 991 1433 ἰδίων
1014 1376 1117 1432 τῶν
1135 1369 1396 1452 ὑμετέρων
1419 1370 1615 1441 αὐτῶν,

113 1465 260 1531 εἰδότες
281 1464 354 1523 ὅτι
393 1460 531 1533 ἕξετε
570 1470 708 1522 πᾶσι
729 1465 962 1542 χρῆσθαι
989 1468 1094 1528 τοῖς
1129 1457 1400 1538 ἡμετέροις
1438 1454 1616 1535 ὥσπερ

113 1551 436 1633 καὶπρότερον.
517 1541 694 1628 Οἶμαι
725 1549 781 1609 δὲ
803 1550 1004 1617 πάντας
1032 1551 1170 1627 ὑμᾶς
1205 1545 1512 1607 ἐπίστασθαι
1538 1543 1618 1604 ὅτι

113 1644 194 1699 τῶν
213 1644 336 1717 ἐμῶν
362 1638 464 1719 ἐγὼ
487 1639 626 1699 πολὺ
665 1636 876 1719 βελτίων
911 1638 1032 1715 ὑμῖν
1071 1635 1258 1713 ἔσομαι
1295 1633 1490 1711 ταμίας
1515 1635 1618 1690 τῶν

115 1728 166 1787 τὰ
181 1733 258 1801 τῆς
273 1728 460 1797 πόλεως
481 1728 608 1807 ὑμῖν
624 1725 996 1804 ταμιευόντων.
1081 1722 1214 1785 Ἐὰν
1232 1724 1278 1781 δ’
1303 1719 1396 1799 ἐμὲ
1417 1718 1618 1791 πένητα

118 1816 351 1889 ποιήσητε,
381 1814 472 1877 καὶ
495 1818 634 1894 ὑμᾶς
667 1812 852 1883 αὐτοὺς
893 1810 1186 1883 ἀδικήσετε·
1231 1806 1395 1889 ἕτεροι
1435 1804 1491 1867 δὲ
1526 1806 1618 1867 καὶ

119 1909 252 1964 ταῦτα
277 1906 663 1985 διανεμοῦνται,
691 1900 872 1983 ὥσπερ
899 1899 990 1961 καὶ
1009 1890 1200 1961 τᾶλλα.

61 2002 120 2053 163
181 2014 238 2052 ιε.
274 1990 430 2062 Ἄξιον
463 1992 524 2052 δέ
551 1994 691 2052 ἐστιν
728 1992 1077 2068 ἐνθυμηθῆναι
1121 1988 1200 2046 ὅτι
1245 1983 1376 2045 πολὺ
1423 1984 1620 2061 μᾶλλον

119 2082 214 2156 ὑμῖν
235 2080 468 2161 προσήκει
489 2082 596 2139 τῶν
621 2076 884 2158 ὑμετέρων
921 2074 1039 2154 ἐμοὶ
1065 2072 1260 2133 διδόναι
1289 2069 1326 2143 ἢ
1353 2074 1456 2129 τῶν
1483 2073 1623 2146 ἐμῶν

121 2168 210 2241 ἐμοὶ
243 2166 626 2249 ἇμφισὸητῆσαι
642 2214 659 2241 ,
706 2163 798 2225 καὶ
839 2164 1039 2236 πένητα
1084 2158 1355 2240 γενόμενον
1412 2159 1624 2230 ἐλεῆσαι

119 2257 278 2331 μᾶλλον
293 2255 325 2329 ἢ
342 2257 650 2315 πλουτοῦντι
678 2256 928 2335 φθονῆσαι
944 2296 961 2324 ,
983 2248 1202 2315 καὶτοῖς
1225 2246 1355 2313 θεοῖς
1383 2242 1626 2325 εὔχεσθαι

119 2342 210 2410 τοὺς
230 2343 396 2411 ἄλλους
419 2334 556 2403 εἶναι
579 2340 838 2407 τοιούτους
865 2337 1084 2405 πολίτας
1098 2382 1117 2415 ,
1148 2332 1236 2393 ἵνα
1254 2336 1358 2393 τῶν
1387 2330 1482 2409 μὲν
1505 2328 1624 2389 ἑτέ-

124 2452 202 2511 ρων
223 2432 288 2509 μὴ
320 2430 683 2511 ἐπιθυμήσωσι
699 2474 718 2503 ,
760 2427 830 2488 τὰ
855 2426 910 2487 δὲ
939 2423 1160 2535 σφέτερα
1199 2424 1370 2482 αὐτῶν
1399 2422 1468 2487 εἷς
1495 2421 1628 2496 ὑμᾶς

79 2538 96 2573 ⁵
123 2520 435 2580 ἀναλίσκωσιν.
538 2518 632 2597 (ιε)
678 2517 946 2595 Ἡγοῦμαι
987 2514 1054 2587 δ’,
1095 2535 1140 2571 ω
1168 2510 1346 2590 ἄνδρες
1383 2505 1628 2569 δικασταί

127 2605 222 2681 (καὶ
255 2608 422 2683 μηδεὶς
475 2609 632 2682 ὑμῶν
686 2601 972 2685 ἀχθεσθῇ),
1012 2597 1148 2660 πολὺ
1194 2595 1258 2657 ἂν
1313 2592 1628 2675 δικαιότερον

129 2694 234 2767 ὖμᾶς
252 2696 339 2753 ὑπὸ
357 2698 456 2753 τῶν
488 2695 732 2765 ζητητῶν
771 2690 1138 2769 ἀπογραφῆναι
1158 2683 1227 2744 τὰ
1267 2680 1374 2761 ἒμὰ
1400 2680 1562 2761 ἔχειν,
1594 2676 1629 2750 ἢ

130 2778 202 2855 ἐμὲ
216 2780 310 2839 νυνὶ
334 2780 644 2841 κινδυνεύειν
671 2780 742 2846 ὣς
761 2782 851 2839 τοῦ
877 2774 1128 2852 δημοσίου
1147 2770 1401 2854 χρήματα
1419 2770 1628 2850 ἔχοντα.

131 2868 330 2928 Τοιοῦτον
367 2868 467 2952 γὰρ
500 2866 732 2947 ἐμαυτὸν
771 2869 838 2945 τῇ
882 2863 1035 2923 πόλει
1070 2860 1321 2944 παρέχω,
1359 2855 1484 2917 ὥστ’
1527 2855 1634 2936 ἰδία

130 2952 200 3028 μὶν
219 2956 459 3035 φείδομαι,
481 2954 718 3035 δημοσία
746 2951 802 3013 δὲ
828 2954 1138 3031 λειτουργῶν
1157 2947 1356 3025 ἥδομαι
1372 2990 1391 3023 ,
1429 2944 1520 3005 καὶ
1541 2944 1635 3003 οὐκ

131 3044 196 3102 ἐπὶ
225 3050 316 3114 τοῖς
347 3052 587 3128 περιοῦσι
624 3042 763 3123 μέγα
786 3044 958 3124 φρονῶ
971 3086 988 3113 ,
1017 3040 1136 3099 ἀλλ’
1161 3034 1250 3096 ἐπὶ
1275 3042 1381 3101 τοῖς
1403 3035 1472 3100 εἷς
1500 3036 1636 3109 ὑμᾶς

132 3133 426 3211 ἆνηλωμένοις
443 3180 462 3211 ,
495 3134 592 3213 (17)
623 3129 910 3212 ἡγούμενος
951 3125 1146 3188 τούτων
1176 3122 1270 3202 μὲν
1293 3120 1446 3188 αὐτὸς
1477 3120 1638 3188 αἴτιος

83 3232 116 3271 1⁰
133 3208 265 3295 εἶναι,
282 3222 370 3295 τὴν
407 3222 450 3282 δ’
483 3221 670 3283 οὓσίαν
705 3217 908 3298 ἑτέρους
941 3239 1030 3294 μοι
1059 3210 1396 3283 καταλιπεῖν,
1431 3207 1522 3268 καὶ
1551 3205 1637 3266 διὰ

132 3309 282 3382 ταύτην
316 3310 404 3389 μὲν
445 3309 551 3370 ὕπὸ
593 3312 697 3368 τῶν
721 3308 920 3387 ἐχθρῶν
948 3302 1136 3368 ἀδίκως
1178 3300 1640 3380 συκοφαντεῖσθαι,

135 3397 346 3457 δι’ἓκιῖνα
373 3398 424 3457 δὲ
453 3399 540 3480 ὑφ’
575 3398 722 3474 ὑμῶν
756 3392 967 3459 δικαίως
997 3388 1271 3459 σώζεσθαι.
1353 3382 1516 3445 Ἵλατ’
1547 3385 1642 3442 οὐκ

135 3484 182 3540 ἂν
205 3486 386 3553 εἰκότως
405 3484 574 3568 ἕτεροί
600 3506 666 3561 με
690 3480 1010 3562 ἐξῃτήσαντο
1035 3478 1161 3558 παρ’
1185 3477 1354 3553 ὑμῶν,
1379 3470 1471 3531 καὶΙ
1490 3469 1540 3530 εἴ
1566 3492 1644 3537 τις

133 3575 212 3629 τῶν
235 3576 356 3651 ἐμῶν
379 3574 544 3656 φίλων
589 3574 817 3631 τοιοῦτον
857 3570 1036 3645 ἀγῶνα
1074 3562 1352 3644 ἠγωνίζετο
1369 3604 1385 3631 ,
1413 3562 1548 3637 ὅμᾶς
1581 3555 1644 3617 ἃν

139 3660 272 3731 ἠξίουν
291 3662 400 3740 ίμοὶ
427 3664 613 3722 δοῦναι
634 3656 728 3731 τὴν
747 3656 904 3738 χάριν
919 3700 938 3733 ,
967 3652 1060 3714 καὶ
1083 3654 1129 3711 εἰ
1155 3654 1282 3732 παρ’
1307 3650 1479 3715 ἄλλοις
1506 3648 1648 3705 ἐκιν-

135 3746 333 3823 δύνευον,
355 3752 486 3828 ὑμᾶς
526 3737 666 3809 εἶναι
695 3743 811 3813 τοὺς
858 3741 1126 3819 δεομένους
1158 3738 1288 3815 ὑπὲρ
1317 3738 1468 3814 ἐμοῦ.
1554 3734 1644 3813 (ιε)

135 3834 268 3893 Τοῦτο
285 3838 327 3895 δ’
353 3840 443 3897 οὐκ
457 3835 522 3896 ἂν
545 3836 714 3894 εἰπεῖν
735 3830 850 3911 ἔχοι
871 3854 970 3907 τις,
990 3834 1061 3896 ὡς
1086 3823 1282 3893 πολλὰς
1309 3821 1475 3904 ἀρχὰς
1493 3819 1650 3899 ἄρξας

85 3924 120 3964 1⁸
137 3913 183 3971 ἐκ
197 3918 282 3973 τῶν
295 3915 548 3997 ὑμετέρων
573 3911 872 3994 ὠφέλημαι,
890 3908 927 3981 ἢ
945 3913 1015 3976 ὥς
1038 3902 1258 3986 αἰσχρὰς
1283 3904 1430 3969 δίκας
1455 3900 1652 3959 δεδίκα-

138 4022 266 4081 σμαι,
281 4002 314 4075 ἢ
330 4007 395 4071 ὣς
415 4006 640 4083 αἰσχροῦ
669 4022 801 4066 τινος
827 3996 988 4064 αἴτιός
1009 3998 1118 4073 εἶμι
1133 4038 1150 4071 ,
1166 3990 1202 4063 ἢ
1225 3995 1293 4059 ὥς
1311 3987 1405 4058 τὰς
1429 3992 1523 4061 τῆς
1549 3986 1651 4047 πό-

136 4088 238 4155 λεως
260 4088 512 4172 συμφορὰς
551 4084 790 4164 ἀσμένως
831 4073 982 4143 εἶδον·
1026 4080 1158 4160 ὑπὲρ
1187 4077 1434 4138 ἁπάντων
1464 4074 1520 4134 δὲ
1561 4072 1652 4133 καὶ

139 4176 276 4259 [τῶν]
289 4180 423 4240 ἰδίων
436 4178 528 4239 καὶ
547 4180 654 4236 τῶν
669 4171 932 4252 δημοσίων
947 4168 1109 4236 οὕτως
1125 4164 1358 4246 ἡγοῦμαί
1378 4187 1466 4243 μοι
1489 4185 1654 4221 πεπο·

139 4266 378 4341 λιτεῦσθαι,
399 4268 488 4327 καὶ
508 4270 648 4344 ὑμᾶς
665 4260 880 4335 εἰδέναι,
903 4256 1040 4319 ὥστε
1068 4254 1212 4316 οὐδὲν
1236 4255 1342 4314 δεῖν
1365 4274 1430 4329 με
1451 4252 1656 4309 ἀπολο-

141 4352 362 4430 γήσασθαι
385 4356 505 4437 περὶ
529 4354 723 4413 αὐτῶν.
809 4350 902 4428 (ιε)
935 4345 1138 4423 Δέομαι
1173 4332 1262 4403 οὖν
1291 4344 1468 4419 ὑμῶν,
1495 4328 1539 4399 ὦ
1566 4338 1655 4397 ἄν·

145 4442 233 4519 epe<
248 4442 502 4517 δικασταί,
530 4442 630 4513 τὴν
661 4437 822 4511 αὐτὴν
849 4443 938 4496 νῦν
967 4432 1086 4514 περὶ
1115 4435 1244 4511 ἐμοῦ
1268 4428 1492 4509 ’γνώμην
1519 4426 1656 4505 ἔχειν

146 4526 282 4609 ἥνπερ
302 4529 386 4589 καὶ
411 4533 464 4591 ἐν
487 4534 568 4610 τῷ
587 4527 714 4595 τέως
735 4524 908 4609 χρόνῳ
921 4568 938 4597 ,
961 4520 1150 4600 καὶμὴ
1179 4518 1335 4598 μόνον
1369 4520 1470 4575 τῶν
1500 4517 1658 4590 δημο-

95 4622 134 4665 8
151 4614 248 4674 σίων
264 4619 582 4699 λειτωργιῶν
611 4620 937 4695 μεμνῆσθαι,
968 4608 1107 4670 ἀλλὰ
1134 4606 1226 4667 καὶ
1251 4608 1356 4665 τῶν
1385 4602 1526 4662 ἰδίων
1554 4604 1662 4660 ἐπι·

157 4704 444 4781 τηδευμάτων
468 4708 828 4782 ἐνθυμεῖσθαι,
855 4697 1172 4779 ἡγουμένους
1200 4692 1393 4765 ταύτην
1415 4681 1546 4749 εἶναι
1566 4688 1659 4760 τὴν

157 4789 428 4871 λειτουργίαν
451 4789 875 4862 ἐπιπονωτάτην,
895 4785 982 4846 διὰ
1001 4784 1176 4851 τέλους
1197 4781 1286 4842 τὸν
1321 4778 1494 4838 πάντα
1528 4773 1662 4858 χρό-

161 4896 224 4933 *ov
255 4879 450 4959 κόσμιον
489 4871 624 4939 εἶναι
663 4877 754 4939 καὶ
781 4876 1022 4957 σώφρονα
1059 4870 1152 4931 καὶ
1194 4868 1318 4948 μήθ’
1365 4864 1448 4948 ὑφ’
1475 4866 1662 4939 ἡδονῆς

165 4965 400 5038 ἡττηθῆναι
421 4966 546 5045 μήθ’
576 4965 678 5025 ὑπὸ
697 4964 906 5045 κέρδους
934 4962 1252 5041 ἐπαρθῆναι,
1281 4954 1417 5014 ἀλλὰ
1433 4955 1660 5013 τοιοῦτον

167 5056 410 5133 παρασχεῖν
454 5054 636 5113 ἑαυτὸν
685 5051 822 5111 ὥστε
865 5046 1066 5127 μηδένα
1110 5049 1214 5105 τῶν
1259 5043 1482 5102 πολιτῶν
1529 5036 1662 5117 μήτε

171 5133 426 5219 μέμψασθαι
459 5140 595 5221 μήτε
609 5138 758 5213 δίκην
773 5139 1038 5215 τολμῆσαι
1067 5128 1545 5214 προσκαλέσασθαι.

113 5236 150 5273 ²⁵
229 5245 286 5285 ²¹1-
318 5228 510 5289 Οὔκουν
537 5228 674 5299 ἄξιον
692 5272 710 5303 ,
747 5215 791 5286 ὦ
829 5225 1006 5307 ἄνδρες
1035 5216 1312 5297 δικασταί,
1333 5208 1664 5293 πειθομένρυς

342 5335 602 5381 eurotas.

1701 668 1752 717 et
1771 666 2009 731 sapienter
2026 665 2303 715 consultum
2333 663 2479 713 fuisse
2513 660 2645 725 quod
2671 660 2809 710 vobis
2840 659 2961 711 nihil
2986 660 3255 725 quidquam

1700 744 1763 795 de
1787 746 1886 795 suis
1905 743 2271 808 impertiverint.
2332 744 2385 793 Si
2416 741 2557 803 igitur
2580 739 2701 789 mibi
2730 739 3015 789 auscultetis
3028 776 3045 801 ,
3070 741 3123 791 et
3145 755 3257 805 ques

1699 822 1828 885 justa
1839 823 1954 873 sunt
1970 821 2189 872 statuetis
2199 857 2215 883 ,
2234 820 2284 871 et
2296 832 2407 884 quse
2420 815 2769 880 vobismetipsis
2788 816 2926 866 utilia
2939 817 3136 881 eligetis.
3156 818 3256 883 (13)

1703 904 1886 956 Videtis
1910 904 2040 955 enim
2056 941 2072 967 ,
2088 903 2302 966 iudices,
2320 901 2529 952 civitatis
2562 899 2747 951 reditus
2766 912 2914 962 quam
2950 900 3046 949 sint
3070 901 3258 966 exigui,

1703 1001 1947 1052 quamque
1966 988 2029 1038 ab
2046 987 2105 1037 iis
2117 988 2203 1050 qui
2220 987 2335 1036 fisco
2356 986 2597 1049 praesunt,
2616 983 2917 1047 diripiantur.
2938 986 3079 1034 Hunc
3098 985 3264 1049 itaque

1705 1072 2023 1124 certissimum
2038 1072 2309 1136 reipublicae
2326 1070 2535 1121 reditum
2557 1068 2831 1121 existimare
2852 1072 3067 1133 oportet,
3090 1084 3259 1123 eorum

1705 1153 1923 1205 fortunas
1941 1155 2025 1219 qui
2042 1153 2104 1204 ad
2122 1152 2345 1205 obeunda
2359 1151 2634 1216 reipublicae
2652 1150 2814 1201 munia
2839 1153 2954 1201 sunt
2965 1154 3136 1216 parati.
3159 1154 3260 1218 (14)

1709 1238 1758 1290 Si
1777 1238 1921 1301 igitur
1938 1239 2062 1289 bene
2080 1237 2338 1288 consulatis
2353 1274 2369 1300 ,
2388 1250 2485 1294 non
2494 1236 2730 1286 minorem
2748 1236 2815 1286 rei
2828 1237 3008 1287 nostrae
3029 1237 3262 1288 rationem

1705 1322 1942 1374 babebitis
1961 1337 2109 1388 quam
2125 1324 2331 1387 propriae
2345 1320 2721 1385 uniuscujusque
2735 1322 2949 1372 vestrum
2963 1338 2979 1383 ;
2997 1319 3049 1370 id
3060 1322 3265 1373 scientes

1706 1420 1783 1459 res
1796 1420 1928 1458 meas
1943 1420 2133 1471 semper
2152 1408 2215 1457 ad
2234 1406 2493 1458 utilitatem
2510 1407 2719 1455 vestram
2740 1405 2842 1455 rore
2864 1405 3263 1469 promptissimas,

1706 1492 1764 1541 ut
1785 1492 1835 1541 et
1851 1490 1969 1542 olim
1992 1491 2206 1541 fuerunt.
2236 1490 2378 1553 Apud
2400 1483 2491 1540 vos
2510 1488 2677 1538 autem
2702 1501 2869 1539 omnes
2893 1490 3117 1539 constare
3140 1489 3264 1540 arbi-

1707 1578 1810 1628 tror
1825 1588 1906 1627 me
1920 1576 2059 1627 vobis
2070 1587 2287 1625 mearum
2306 1575 2607 1624 fortunarum
2625 1573 2764 1636 longe
2783 1572 3029 1622 meliorem
3046 1573 3149 1622 sore
3164 1572 3261 1623 dis-

1707 1660 2007 1723 pensatorem
2014 1670 2163 1721 quam
2182 1656 2357 1719 eosqui
2370 1655 2506 1705 vobis
2515 1656 2737 1719 pecunias
2746 1653 2961 1719 publicas
2972 1655 3260 1718 dispensant.

1710 1742 1892 1803 Quodsi
1903 1754 1987 1793 me
2008 1742 2072 1791 ad
2089 1742 2421 1805 paupertatem
2437 1738 2655 1803 adigatis,
2672 1738 3023 1802 vobismetipsis
3034 1738 3265 1789 damnum

1711 1826 1897 1889 seretis,
1921 1827 1972 1876 et
1992 1824 2074 1875 alii
2090 1823 2236 1875 etiam
2253 1835 2362 1874 mea
2380 1822 2551 1874 eodem
2568 1822 2731 1887 modo,
2751 1836 2850 1887 quo
2870 1824 3055 1887 cetera,
3074 1821 3267 1874 interse

1710 1908 1944 1959 divident.

1777 2000 1852 2049 15.
1883 2000 1988 2049 Vos
2003 2009 2118 2048 vero
2134 2008 2223 2061 par
2240 1996 2313 2047 est
2332 1996 2556 2059 reputare
2576 1995 2717 2059 longe
2739 1994 2926 2061 aequius
2945 2008 3049 2047 esse
3066 1997 3124 2047 ut
3147 1995 3266 2046 mihi

1713 2090 1894 2155 aliquid
1910 2090 1973 2141 de
1993 2090 2163 2141 vestris
2179 2089 2462 2153 impertiatis
2476 2126 2493 2153 ,
2511 2101 2658 2152 quam
2677 2090 2733 2140 nt
2749 2101 2941 2139 mecum
2958 2088 3019 2139 de
3040 2089 3159 2139 meis
3174 2089 3270 2141 dis-

1723 2184 1951 2249 ceptetia3
1978 2187 2035 2235 ut
2054 2198 2143 2235 vos
2163 2184 2257 2235 mei
2289 2183 2561 2234 miserescat
2582 2184 2623 2234 ei
2648 2196 2832 2247 pauper
2867 2182 3009 2244 tiam,
3035 2196 3184 2248 quam
3215 2184 3270 2233 ut

1715 2278 1854 2330 diviti
1886 2277 2161 2340 invideatis3
2200 2278 2258 2328 ut
2289 2277 2499 2340 denique
2521 2276 2637 2326 deos
2672 2276 2819 2326 oretis
2854 2276 3040 2327 ceteros
3074 2288 3270 2339 quoque

1716 2374 1845 2425 cives
1877 2386 1981 2424 esse
2000 2372 2303 2437 hujusmodi,
2340 2372 2424 2435 qui
2459 2370 2617 2421 aliena
2640 2383 2739 2421 non
2761 2370 3013 2434 appetant,
3038 2371 3089 2419 et
3111 2382 3198 2419 sua
3222 2370 3271 2418 in

1717 2483 1803 2521 vos
1824 2468 2119 2533 impendant.
2186 2467 2285 2531 (16)
2318 2466 2551 2529 Equidem
2586 2464 2805 2515 existimo
2819 2501 2836 2525 ,
2874 2462 3061 2527 judices
3087 2464 3275 2527 (neque

1717 2565 1971 2628 quisquam
1998 2565 2213 2614 vestrum
2244 2559 2548 2623 succenseat)
2571 2596 2587 2624 ,
2616 2559 2773 2610 multo
2793 2560 3085 2623 esseiustius
3112 2560 3169 2608 ut
3188 2571 3276 2608 vos

1721 2658 1782 2709 ab
1799 2656 2163 2721 inquisitoribus
2180 2653 2471 2705 desei-amini
2486 2653 2620 2719 quod
2649 2666 2758 2703 mea
2774 2652 3018 2717 habeatis,
3040 2665 3187 2716 quam
3220 2652 3277 2700 ut

1722 2766 1807 2817 ego
1837 2765 1968 2802 nunc
1996 2752 2049 2801 in
2071 2750 2337 2814 periculum
2368 2746 2581 2799 adducar
2596 2746 2727 2812 quod
2759 2746 3033 2810 reipublice
3052 2746 3277 2809 pecunias

1723 2845 1945 2896 habeam.
2008 2845 2173 2895 Talem
2198 2842 2326 2893 enim
2346 2855 2424 2891 me
2440 2840 2491 2890 in
2516 2840 2711 2890 civitate
2732 2839 2950 2903 praebeo,
2966 2839 3022 2889 ut
3038 2838 3160 2889 meis
3178 2837 3275 2902 pri-

1728 2940 1880 2989 vatim
1905 2950 2096 3001 parcam
2108 2975 2125 3001 ,
2147 2935 2340 2999 publice
2357 2935 2527 2985 lubens
2546 2935 2769 2996 sumptus
2786 2932 2957 2983 faciam
2971 2949 2986 2994 ς
3010 2934 3175 2982 utnon
3192 2945 3279 2995 ego

1725 3030 1996 3096 superbiam
2018 3031 2213 3093 propter
2230 3038 2371 3090 opes,
2400 3025 2486 3077 sed
2502 3026 2697 3088 propter
2712 3024 2819 3075 haze
2854 3037 2966 3087 quoe
2998 3036 3028 3074 a
3044 3037 3124 3073 me
3146 3024 3284 3073 vobis

1729 3124 2071 3189 impenduntur
2100 3142 2113 3173 ι
2138 3122 2237 3185 (17)
2264 3120 2527 3171 arbItratus
2549 3117 2731 3169 scilicet
2748 3117 2922 3167 borum
2960 3128 3037 3166 me
3062 3128 3163 3166 esse
3188 3129 3280 3165 au-

1727 3223 1939 3284 ctorem,
1962 3230 2096 3269 meas
2120 3218 2283 3267 autem
2313 3214 2533 3265 fortunas
2560 3226 2591 3262 a
2617 3210 2883 3274 maioribus
2900 3210 3047 3261 fuisse
3068 3210 3183 3260 mibi
3202 3222 3282 3259 re-

1728 3314 1894 3376 lictas,
1911 3312 2170 3362 arbitratus
2190 3319 2387 3373 quoque
2410 3320 2487 3357 me
2505 3306 2699 3369 propter
2715 3304 2803 3354 has
2820 3302 2882 3353 ab
2899 3302 3101 3353 inimicis
3120 3302 3285 3365 inique

1730 3408 1943 3458 accusari
1954 3443 1970 3469 ,
1988 3406 2041 3455 at
2062 3406 2254 3469 propter
2275 3404 2491 3466 impensa
2511 3413 2542 3449 a
2564 3412 2645 3450 me
2662 3398 2773 3461 Jure
2789 3410 2868 3447 me
2880 3410 2909 3447 a
2926 3396 3064 3447 vobis
3080 3409 3183 3446 esse
3197 3395 3285 3445 ab·

1731 3501 2033 3554 solvendum.
2097 3502 2257 3558 Quare
2281 3496 2401 3547 adeo
2426 3508 2525 3546 non
2546 3494 2685 3544 decet
2710 3493 2767 3543 ut
2783 3490 2863 3541 alii
2884 3504 2973 3554 pro
2992 3503 3072 3541 me
3091 3503 3180 3540 vos
3196 3488 3285 3539 de·

1732 3597 2005 3661 precentur,
2041 3594 2126 3657 ut,
2161 3593 2203 3643 si
2237 3591 2347 3656 quis
2385 3588 2653 3641 amicorum
2690 3598 2908 3636 meorum
2934 3584 2987 3634 in
3012 3581 3285 3647 hujusmodi

1733 3690 2003 3754 perieulum
2026 3685 2362 3747 adduceretur,
2381 3695 2576 3746 mquum
2592 3681 2812 3744 putarem
2834 3679 2954 3729 meis
2974 3677 3157 3727 meritis
3173 3688 3287 3726 eum

1735 3798 1765 3835 a
1794 3783 1931 3835 vobis
1956 3778 2245 3842 condonari,
2274 3779 2323 3829 et
2343 3777 2384 3827 si
2414 3775 2543 3840 apud
2563 3774 2687 3825 alios
2708 3784 2901 3823 causam
2924 3770 3163 3831 dicerem,
3200 3780 3289 3818 vos

1737 3874 1863 3941 ipsos
1873 3889 1963 3940 pro
1976 3888 2054 3924 me
2069 3871 2375 3924 intercedere.
2425 3867 2523 3932 (18)
2544 3867 2604 3918 At
2624 3878 2739 3916 vero
2753 3877 2895 3914 nemo
2908 3863 3161 3926 quisquam
3174 3872 3287 3923 pos-

1737 3972 1798 4022 sit
1823 3970 1983 4021 dicere
1998 3982 2077 4019 me
2094 3964 2422 4030 compluribus
2434 3958 2788 4025 magistratibus
2813 3957 3033 4007 sunctum
3050 3969 3114 4019 ex
3130 3954 3289 4004 vestro

1740 4066 1896 4117 reditu
1916 4077 2046 4114 meas
2068 4063 2287 4112 fortunas
2308 4057 2526 4116 auxisse,
2548 4055 2636 4103 aut
2666 4051 2828 4114 turpia
2846 4048 3031 4113 judicia
3060 4046 3289 4107 subiisse,

1740 4156 1827 4205 aut
1855 4152 2163 4203 inhonestum
2191 4145 2389 4211 aliquod
2408 4145 2459 4195 in
2493 4155 2573 4193 me
2594 4138 2865 4200 admisisse,
2892 4139 2980 4186 aut
3018 4132 3290 4197 reipublicae

1743 4248 2039 4301 caianiitates
2061 4243 2285 4294 lubenter
2309 4237 2547 4302 aspexisse
2587 4255 2600 4286 ι
2629 4246 2800 4285 verum
2834 4244 2922 4293 ego
2956 4230 3007 4279 in
3042 4227 3290 4288 omnibus,

1742 4342 1843 4391 tam
1867 4333 2067 4400 privatis
2087 4342 2233 4396 quam
2263 4325 2492 4392 publicis,
2512 4323 2579 4373 ita
2608 4335 2689 4372 me
2704 4319 2951 4370 versatum
2972 4328 3075 4367 esse
3091 4316 3293 4365 conten-

1743 4426 1834 4491 do,
1859 4434 2044 4486 vosque
2058 4419 2181 4471 scire
2196 4416 2417 4476 arbitror,
2436 4414 2492 4463 ut
2512 4411 2629 4461 nihil
2651 4419 2844 4460 necesse
2868 4406 2931 4455 sit
2948 4404 3011 4453 ad
3042 4414 3161 4453 mere
3178 4401 3295 4451 vitae

1745 4514 1951 4564 rationes
1966 4504 2285 4560 defendendas
2305 4500 2606 4553 descendere.
2671 4496 2772 4559 (19)
2801 4495 2901 4545 Vos
2922 4492 3066 4555 igitur
3084 4502 3169 4539 oro
3183 4526 3198 4552 ,
3214 4490 3295 4551 Ju-

1745 4602 1902 4663 dices,
1928 4601 1985 4649 ut
2014 4597 2075 4647 de
2096 4600 2175 4646 me
2194 4605 2327 4644 nune
2356 4590 2485 4640 idem
2505 4585 2744 4647 sentiatis,
2768 4580 2899 4645 quod
2919 4581 2970 4630 et
2989 4579 3107 4629 olim
3144 4578 3297 4627 sensi-

1746 4690 1858 4751 stis,
1877 4688 1928 4737 et
1946 4687 2001 4737 ut
2029 4696 2127 4734 non
2148 4682 2305 4733 solum
2328 4675 2631 4742 publicorum
2652 4680 2913 4722 munerum
2924 4664 3205 4717 memoriam
3230 4664 3297 4711 te·

1747 4777 1926 4838 neatis,
1952 4774 2036 4825 sed
2058 4774 2114 4822 ut
2137 4769 2323 4834 privata
2345 4777 2541 4830 quoque
2561 4760 2727 4813 studia
2742 4755 2991 4818 recolatis3
3024 4751 3300 4816 reputantes

1747 4864 1869 4915 iliud
1885 4875 1989 4914 esse
2004 4871 2181 4910 munus
2195 4858 2337 4919 longe
2352 4850 2765 4917 operosissimum,
2786 4856 2873 4909 per
2890 4852 3083 4893 omnem
3106 4840 3299 4889 aetatem

1748 4951 1933 5005 seilicet
1970 4947 2217 4999 moderate
2252 4945 2304 4995 et
2322 4940 2547 4993 decenter
2576 4937 2769 4996 vivere,
2793 4933 2844 4983 et
2874 4942 3035 4993 neque
3053 4926 3301 4988 voluptate

1749 5040 1876 5094 vinci
1889 5074 1905 5102 ,
1924 5048 2081 5101 neque
2101 5035 2238 5085 luero
2263 5029 2421 5082 efferri
2434 5066 2449 5091 ,
2468 5038 2641 5078 verum
2665 5018 2898 5086 ejusmodi
2926 5016 3082 5067 civem
3100 5026 3153 5063 se
3168 5009 3301 5061 exhi—

1749 5130 1863 5181 bere
1878 5164 1895 5191 ,
1918 5126 1977 5176 ut
1990 5136 2135 5175 nemo
2156 5120 2339 5173 civium
2366 5117 2446 5169 vel
2465 5112 2605 5179 queri
2624 5110 2798 5176 possit,
2824 5106 2903 5156 vel
2918 5104 3027 5167 iure
3040 5098 3299 5164 postulare.

1813 5224 1892 5267 20.
1928 5212 2183 5277 indiguum
2214 5207 2389 5270 tuerit,
2418 5202 2629 5271 judices,
2655 5210 2743 5249 vos
2770 5195 2833 5245 ab
2852 5192 2929 5241 his
2943 5181 3300 5239 accusatoribus

3062 5326 3111 5367 la
