3825 5842
154 504 456 588 ‹vav-m)

150 640 242 701 καὶ
280 636 664 703 διαὸάλλοντες
689 632 758 692 τὰ
790 636 861 701 εἰς
886 630 981 705 τὴν
1005 630 1176 693 πόλιν.
1263 629 1371 692 Καὶ
1406 634 1471 709 τῇ
1509 628 1604 707 μὲν
1625 630 1724 690 πό..

151 732 256 803 λει,
293 730 344 787 εἷ
377 726 476 805 μὲν
499 727 792 799 ἂδικεῑται,
816 718 1132 801 κατηγορίαν
1165 719 1278 779 ἀντὶ
1309 716 1560 799 τιμωρίας
1596 721 1724 778 ἀπο·

152 816 420 894 νέμυσιν,
453 811 602 873 αὐτοὶ
632 810 688 870 δὲ
717 802 764 892 ᾧ
791 808 885 881 τὴν
907 808 1058 868 πόλιν
1086 806 1242 889 φασὶν
1270 808 1584 879 ἀδικεῖσθαι,
1607 806 1727 866 τού-

151 930 242 965 του
261 904 378 987 ἰδίᾳ
397 902 600 971 ἀξιοῦσι
618 900 768 971 δίκην
791 896 1094 976 λαμὸάνειν.
1168 897 1258 974 (io)
1285 894 1470 956 Καίτοι
1491 886 1650 955 αὗται
1671 897 1724 954 αἱ

78 1010 128 1049 25
153 989 475 1073 κατηγορίαι
497 988 618 1049 οὔτε
649 987 862 1070 χάριτος
889 984 1028 1053 ἄξιαι
1055 982 1173 1043 οὔτε
1196 982 1434 1051 πίστεως·
1469 980 1587 1041 οὔτε
1622 980 1724 1063 γὰρ

157 1084 220 1155 δὴ
239 1074 301 1141 οὗ
325 1087 361 1153 ἡ
375 1079 527 1147 πόλις
545 1076 838 1155 ἐλάμὸανεν
857 1072 920 1131 ἂν
942 1072 1088 1145 δίκην
1113 1070 1224 1130 εἴτι
1241 1070 1474 1143 ἠδίκητο,
1500 1073 1719 1162 ἐχταῦθα

157 1172 256 1243 τὴν
281 1166 607 1247 κατηγορίαν
641 1168 892 1241 ποιεῖται,
931 1158 1067 1221 ὥστε
1092 1160 1302 1243 χάριτος
1336 1158 1474 1228 ἄξιον
1503 1162 1636 1217 εἶναι
1657 1164 1722 1239 τῇ

161 1260 350 1319 πόλει·
385 1256 508 1316 οὔτε
537 1254 679 1321 ὅστις
715 1244 803 1312 οὗν
843 1251 980 1309 ἄλλα
1016 1246 1358 1331 κατηγορεῖ-ἢ
1398 1246 1434 1305 ἃ
1471 1246 1645 1307 διώκει
1671 1252 1724 1307 ἐν

159 1346 442 1429 πράγματι
462 1343 714 1424 τοιούτῳ,
757 1345 1033 1400 πιστεῦσαι
1067 1337 1234 1410 δήπου
1277 1337 1420 1417 αὖτιῖ)
1447 1334 1721 1417 ἀξιώτερόν

161 1440 301 1498 ἔστιν
329 1435 367 1507 ἢ
393 1438 702 1505 ἀπιστῆσαι.
731 1428 876 1508 Ἐγὼ
891 1426 946 1487 δὲ
969 1426 1152 1507 σχεδὸν
1172 1423 1457 1502 ἐπίσταμαι
1481 1422 1572 1495 τὴν
1597 1428 1724 1501 ὑμε-

161 1526 318 1606 τέραν
341 1521 580 1603 γνώμην,
601 1518 679 1578 ὅτι
697 1516 804 1577 οὔτ’
825 1516 888 1575 ἃν
915 1516 1369 1598 καταψηφίσαισθε
1392 1510 1499 1571 οὔτ’
1515 1511 1580 1570 ἂν
1599 1514 1724 1570 ἀπο·

162 1611 488 1693 ψηφίσαισθε
506 1605 682 1687 ἑτέρου
701 1603 835 1671 τινὸς
858 1602 1009 1663 ἔνεκα
1029 1602 1228 1679 μᾶλλον
1251 1597 1286 1671 ἢ
1307 1602 1462 1659 αὐτοῦ
1479 1604 1568 1657 τοῦ
1593 1598 1722 1681 πρά·

81 1726 138 1769 ω
159 1722 378 1779 γματος·
397 1703 566 1758 ταῦτα
585 1693 686 1775 γὰρ
709 1693 801 1753 καὶ
823 1691 998 1751 δίκαια
1013 1690 1101 1751 καὶ
1122 1689 1260 1751 ὅσια.
1292 1686 1350 1750 Ἄ
1359 1687 1544 1769 ρξομαι
1565 1686 1618 1747 δὲ
1641 1690 1721 1749 ἓν·

160 1794 356 1850 τεῦθεν.

240 1898 312 1938 ιι.
357 1870 582 1943 Ἐπειδὴ
607 1870 831 1952 χορηγὸς
860 1865 1186 1939 κατεστάθην
1215 1868 1284 1933 εἰς
1311 1864 1593 1945 Θαργήλια
1631 1864 1723 1924 καὶ

165 1964 356 2045 ἔλαχον
385 1959 708 2023 Παντακλέα
748 1955 1059 2016 διδάσκαλον
1096 1954 1188 2013 καὶ
1229 1953 1530 2033 Κεκροπίδα
1557 1951 1724 2030 φυλὴν

169 2052 290 2133 πρὸς
323 2054 394 2121 τῆ
423 2051 680 2125 ἐμαυτοῦ,
713 2042 947 2105 τουτέστι
972 2047 1038 2122 τῇ
1077 2040 1404 2123 Ἐρεχθηίδι,
1443 2040 1726 2121 ἐχορήγουν

165 2144 233 2207 ὥς
255 2115 450 2221 ἄριστα
464 2134 726 2211 ἐδυνάμην
749 2131 840 2193 καὶ
862 2129 1186 2191 δικαιότατα.
1271 2129 1383 2191 Καὶ
1396 2131 1601 2209 πρῶτον
1626 2125 1722 2206 μὲν

166 2226 530 2286 διδασκαλεῖον
547 2216 584 2303 ᾗ
601 2214 664 2295 ἦν
680 2217 1092 2292 ἐπιτηδειότατον
1116 2222 1208 2290 τῆς
1232 2220 1364 2293 ἕμῆς
1382 2218 1546 2285 οἰκίας
1567 2240 1722 2275 κατε·

167 2314 432 2385 σκεύασα,
455 2314 510 2371 ἐν
532 2304 677 2393 ᾧπερ
709 2308 802 2368 καὶ
828 2304 1111 2373 Διονυσίοις
1131 2304 1218 2365 ὅτε
1241 2305 1522 2387 ἐχορήγουν
1555 2304 1724 2363 ἐδίδα-

168 2426 308 2463 σκον·
339 2402 523 2461 ἔπειτα
541 2398 632 2459 τὸν
655 2396 812 2477 χορὸν
840 2394 1082 2464 συνέλεξα
1112 2396 1182 2461 ὡς
1209 2393 1468 2471 ἐδυνάμην
1505 2391 1722 2473 ἄριστα,

85 2510 142 2547 ει·-
165 2492 284 2552 οὔτε
325 2486 597 2568 ζημιώσας
636 2485 818 2545 οὐδένα
857 2482 976 2543 οὔτε
1019 2482 1238 2563 ἐνέχυρα
1281 2480 1370 2563 βία
1414 2479 1580 2563 φέρων
1614 2480 1721 2539 οὔτ’

167 2577 586 2661 ἀπεχθανόμενος
604 2571 806 2651 οὐδενί,
841 2571 955 2631 ἀλλ’
979 2570 1157 2653 ὥσπερ
1185 2570 1248 2629 ἂν
1275 2568 1464 2643 ἥδιστα
1495 2572 1585 2628 καὶ
1609 2570 1724 2628 ἐπι·

164 2666 479 2743 τηδειότατα
501 2661 807 2745 ἀμφοτέροις
831 2659 1088 2739 ἐγίγνετο,
1121 2657 1226 2736 ἐγὼ
1257 2656 1352 2732 μὲν
1381 2655 1615 2717 ἐκέλευον
1633 2672 1724 2716 και

165 2757 432 2835 ἠτούμην,
453 2756 503 2812 οἱ
529 2754 575 2811 δ’
598 2751 800 2817 ἑκόντες
826 2750 916 2809 καὶ
946 2746 1248 2828 βουλόμενοι
1273 2744 1526 2824 ἔπεμπον.
1627 2745 1721 2825 (ἣν)

168 2825 325 2907 ’.Επεὶ
347 2844 406 2903 δὲ
433 2834 562 2915 ἧκον
589 2842 638 2898 οἱ
678 2838 886 2910 παῖδες,
919 2838 1124 2915 πρῶτον
1155 2835 1250 2912 μέν
1283 2856 1370 2911 μοι
1403 2832 1626 2913 ἀσχολία
1659 2825 1695 2905 ἦ

167 2934 414 3013 παρεῖναι
432 2928 528 2989 καὶ
539 2926 912 3003 ἐπιμελεῖσθαι·
928 2922 1179 3003 ἐτύγχανε
1197 2920 1300 3002 γάρ
1323 2944 1411 2999 μοι
1434 2922 1724 3001 πράγματα

167 3022 292 3081 ὄντα
308 3019 440 3102 πρὸς
467 3012 772 3097 Ἀριστίωνα
800 3011 892 3071 καὶ
919 3013 1158 3087 Φιλῖνον,
1191 3009 1225 3067 ἃ
1249 3008 1353 3087 ἐγὼ
1383 3009 1504 3089 περὶ
1530 3012 1722 3068 πολλοῦ

85 3136 142 3175 ⁴0
167 3106 473 3184 ἐποιούμην,
498 3100 678 3173 ἐπειδή
708 3121 808 3180 περ
842 3096 1167 3176 εἰσήγγειλα,
1194 3097 1355 3177 ὀρθῶς
1389 3096 1480 3154 καὶ
1516 3095 1726 3163 δικαίως

167 3196 437 3263 ἀποδεῖξαι
453 3195 520 3271 τῆ
539 3190 700 3269 βουλῇ
717 3185 808 3244 καὶ
819 3185 925 3251 τοῖς
947 3182 1122 3251 ἄλλοις
1145 3180 1446 3253 Ἀθηναίοις.
1470 3180 1614 3260 Ἐγὼ
1631 3181 1724 3259 μὲν

167 3275 252 3343 οὖν
278 3279 483 3347 τούτοις
509 3274 789 3358 προσεῖχον
828 3271 916 3331 τὸν
941 3276 1075 3343 νοῦν,
1115 3268 1414 3342 κατέστησα
1442 3269 1496 3329 δὲ
1537 3272 1726 3348 ἐπιμε-

167 3376 400 3442 λεῖσθαι,
430 3366 480 3426 εἴ
512 3389 565 3426 τι
605 3363 710 3424 δέοι
736 3366 812 3443 τῷ
847 3362 1020 3440 χορῷ,
1057 3358 1449 3439 Φανόστρατον,
1492 3357 1723 3449 δημότην

167 3458 262 3537 μὲν
276 3453 496 3516 τουτωνὶ
513 3454 617 3511 τῶν
631 3449 938 3522 διωκόντων,
951 3445 1208 3519 κηδεστὴν
1229 3448 1274 3504 δ’
1293 3448 1543 3522 ἐμαυτοῦ,
1559 3450 1604 3527 ᾡ
1623 3446 1727 3524 ἐγὼ

169 3545 371 3605 δέδωκα
398 3541 492 3614 τὴν
522 3536 812 3616 θυγατέρα,
833 3534 923 3593 καὶ
943 3533 1114 3606 ἠξίουν
1141 3532 1295 3592 αὗτὸν
1320 3530 1508 3611 ἄριστα
1539 3534 1720 3610 ἐπιμε-

167 3637 388 3693 λεῖσθαι·
486 3626 574 3708 (ia)
610 3624 685 3685 ἔτι
712 3624 768 3683 δὲ
789 3623 918 3703 πρὸς
955 3622 1125 3703 τούτῳ
1158 3620 1248 3681 δύο
1270 3620 1487 3701 ἄνδρας,
1513 3620 1600 3677 τὸν
1632 3620 1726 3698 μὲν

173 3717 514 3802 Ἐρεχθηίδος
537 3712 801 3793 Ἀμυνίαν,
829 3710 886 3770 ὃν
911 3710 1058 3770 αὐτοὶ
1083 3713 1132 3770 οἱ
1163 3708 1380 3791 φυλέται
1407 3707 1726 3789 ἐψηφίσαντο

71 3808 438 3887 ί43συλλέγειν
479 3803 572 3865 καὶ
611 3802 968 3879 ἐπιμελεῖσθαι
1009 3802 1102 3869 τῆς
1129 3799 1292 3879 φυλῆς
1321 3794 1595 3870 ἑκάστοτε,
1639 3798 1725 3856 δο-

168 3904 360 3959 κοῦντα
395 3891 626 3975 χρηστὸν
655 3882 814 3964 εἶναι,
850 3889 936 3947 τὸν
967 3888 1011 3946 δ’
1043 3885 1216 3967 ἕτερον
1251 3890 1342 3957 τῆς
1379 3883 1726 3964 Κεκροπίδος,

172 3986 334 4067 ὅσπερ
358 3984 612 4043 ἑκάστοτε
637 3978 782 4038 εἴωθε
805 3976 999 4049 ταύτην
1022 3973 1117 4047 τὴν
1144 3972 1309 4055 φυλὴν
1338 3971 1626 4050 συλλέγειν·
1650 3971 1727 4032 ἔτι

171 4075 226 4135 δὲ
255 4075 508 4153 τέταρτον
549 4066 838 4139 Φίλιππον,
867 4056 911 4147 ᾧ
950 4062 1332 4145 προσετέτακτο
1371 4062 1610 4120 ὠνεῖσθαι
1637 4062 1727 4122 καὶ

171 4161 472 4223 ἀναλίσκειν
498 4156 547 4217 εἴ
580 4179 628 4216 τι
663 4153 848 4238 φράζοι
875 4158 903 4212 ὁ
936 4152 1246 4218 διδάσκαλος
1266 4149 1302 4223 ἢ
1331 4148 1485 4216 ἄλλος
1505 4171 1580 4215 τις
1607 4148 1726 4209 τού-

167 4274 292 4323 τιον,
310 4248 458 4315 ὅπως
487 4246 673 4326 ἄριστα
700 4242 1009 4324 χορηγοῖντο
1032 4242 1080 4299 οἱ
1099 4240 1280 4305 παῖδες
1304 4236 1394 4295 καὶ
1420 4235 1638 4313 μηδενὸς
1653 4238 1730 4295 ἐν·

105 4366 129 4403 s
171 4343 297 4407 δεεῖς
322 4328 429 4397 εἷεν
451 4334 540 4394 διὰ
562 4332 656 4404 τὴν
681 4330 816 4411 ἐμὴν
842 4328 1115 4410 ἀσχολίαν.
1199 4324 1546 4397 Καθειστήκει
1575 4323 1669 4403 μὲν
1691 4328 1726 4397 ἡ

167 4426 394 4509 χορηγία
419 4422 574 4483 οὕτω.
619 4420 712 4500 (1⁴)
743 4417 856 4480 Καὶ
875 4417 1069 4477 τούτων
1097 4416 1145 4475 εἴ
1169 4439 1218 4474 τι
1237 4412 1496 4494 ψεύδομαι
1524 4413 1728 4495 προφά-

169 4498 298 4581 σεως
323 4512 480 4573 ἕνεκα
495 4554 516 4589 ,
545 4508 708 4577 ἔξεστι
729 4511 806 4588 τῷ
831 4504 1106 4585 κατηγόρῳ
1133 4500 1390 4581 ἐξελέγξαι
1407 4503 1462 4559 ἐν
1484 4505 1558 4581 τῷ
1579 4500 1724 4560 ὑστέ-

171 4628 242 4682 ρω
267 4603 412 4682 λόγῳ
435 4598 470 4659 ὅ
487 4622 539 4657 τι
567 4596 630 4656 ἂν
661 4595 912 4676 βούληται
938 4594 1117 4652 εἰπεῖν·
1143 4590 1256 4650 ἐπεί
1279 4614 1358 4650 τοι
1383 4588 1546 4655 οὕτως
1583 4587 1723 4668 ἔχει,

169 4666 438 4771 εἶέᾶνδρες·
459 4684 646 4747 πολλοὶ
667 4688 771 4743 τῶν
790 4681 1152 4765 περιεστώτων
1168 4679 1363 4739 τούτων
1387 4678 1454 4737 τὰ
1485 4676 1577 4753 μὲν
1601 4678 1731 4757 πρά-

166 4803 348 4862 γματα
378 4782 551 4837 ταῦτα
582 4772 757 4834 πάντα
786 4772 1014 4853 ἀκριὸῶς
1041 4769 1371 4843 ἐπίστανται,
1401 4766 1492 4827 καὶ
1521 4771 1611 4824 τοῦ
1639 4768 1727 4847 δρ-

169 4874 336 4929 κωτοῦ
379 4863 660 4936 ἀκούουσι,
691 4860 782 4921 καὶ
811 4860 928 4935 ἐμοὶ
965 4856 1282 4938 προσέχουσι
1327 4856 1413 4917 τὸν
1442 4861 1556 4914 νοῦν
1599 4852 1728 4911 ἅττα

169 4956 270 5036 ἐγὼ
305 4952 692 5035 ἀποκρίνομαι,
723 4942 797 5016 οἷς
830 4946 934 5027 ’ἐγὼ
969 4944 1261 5023 ἐὸουλόμην
1289 4942 1352 5003 ἂν
1384 4944 1549 5002 δοκεῖν
1580 4940 1730 5008 αὐτός

101 5075 148 5114 1⁰
169 5070 223 5107 τε
249 5044 460 5125 εὔορκος
486 5032 624 5101 εἶναι
644 5038 736 5099 καὶ
759 5043 894 5115 ὑμᾶς
915 5039 1115 5108 τάληθῆ
1140 5032 1303 5111 λέγων
1327 5040 1508 5091 πεῖσαι
1532 5030 1732 5109 ἀποψη-

169 5130 420 5213 φίσασθαί
437 5152 565 5209 μου.
652 5126 744 5207 (ιο)
767 5128 988 5203 Πρῶτον
1004 5120 1097 5201 μὲν
1120 5112 1208 5180 οὖν
1230 5118 1484 5187 ἀποδείξω
1509 5122 1630 5195 ὑμῖν
1650 5115 1730 5175 ὅτι

170 5222 272 5282 οὔτ’
289 5220 548 5281 ἐκέλευσα
572 5216 662 5276 τὸν
686 5214 855 5273 παῖδα
877 5213 1010 5271 πιεῖν
1040 5210 1099 5267 τὸ
1128 5208 1400 5290 φάρμακον
1431 5204 1537 5265 οὔτ’
1570 5204 1730 5283 ἠνάγ·

169 5334 302 5371 κασα
331 5308 442 5369 οὔτ’
478 5304 657 5367 ἔδωκα
679 5300 800 5363 οὔτε
825 5304 996 5383 παρῆν
1027 5296 1098 5357 ὅτ’
1132 5296 1296 5359 ἔπιεν.
1327 5294 1434 5357 Καὶ
1469 5296 1526 5353 οὗ
1551 5292 1732 5352 τούτου

957 498 1474 563 ANTIPHONTIS
1515 498 1801 563 ORATIO
1845 499 2091 564 SUPER
2134 502 2562 568 CHOREUTA.
3288 522 3355 573 41

1813 652 1947 691 meas
1979 641 2029 691 in
2052 642 2296 705 republica
2320 644 2694 697 administranda
2728 648 2889 711 partes
2920 649 3207 704 infamatum
3227 654 3361 705 eunt.

1813 732 1923 787 Quo
1940 731 2215 794 reipublicae
2242 734 2464 798 quidem,
2488 737 2722 800 querendi
2740 738 2900 789 locum
2926 739 3272 806 relinquentes,
3292 743 3362 794 nl·

1811 817 1957 869 tionis
1972 820 2160 882 copiam
2192 821 2425 886 eripiunt,
2452 823 2542 886 ipsi
2559 826 2723 875 autem
2750 826 3062 890 iniuriarum,
3094 843 3215 893 quas
3244 832 3359 895 reip.

1811 906 1998 957 oblatas
2022 909 2184 972 aiunt,
2210 923 2375 973 poenas
2390 913 2657 975 repetentes
2672 914 2927 965 ditescunt.
2994 917 3092 980 (io)
3113 920 3257 982 Atqui
3278 932 3363 970 ne-

1811 1008 1906 1059 que
1924 994 2019 1046 fide
2034 1010 2193 1060 neque
2204 1000 2463 1061 gratiarum
2477 1001 2663 1052 actione
2680 1002 2834 1065 dignoe
2848 1004 2963 1054 sunt
2980 1006 3212 1068 ejusmodi
3228 1020 3365 1059 accu-

1813 1084 2033 1135 sationes.
2055 1088 2177 1136 Nam
2190 1123 2206 1149 ,
2228 1086 2311 1137 ubi
2330 1088 2514 1139 fructus
2525 1102 2587 1138 ex
2604 1090 2789 1141 ultione
2804 1091 2869 1154 ini
2876 1092 3085 1143 uriarum
3104 1094 3217 1158 reip.
3232 1096 3362 1147 obla·

1810 1174 1971 1221 tarum
1993 1173 2055 1222 ad
2080 1174 2231 1237 ipsam
2254 1188 2405 1238 remp.
2438 1178 2559 1227 esset
2588 1181 2931 1241 perventurus,
2955 1181 3022 1231 ibi
3052 1184 3240 1244 tacent5
3265 1197 3363 1246 quo

1811 1260 1919 1310 loco
1932 1260 1973 1310 si
1984 1262 2312 1326 loquerentur,
2328 1265 2443 1327 reip.
2460 1266 2659 1327 gratiam
2674 1266 2841 1334 utique
2854 1270 3178 1333 mererentur-3
3193 1270 3363 1323 deinde

1810 1360 1925 1397 vero
1942 1349 1983 1397 si
2006 1348 2115 1411 quis
2140 1352 2190 1400 in
2212 1364 2287 1401 res
2312 1364 2343 1401 a
2364 1352 2653 1415 professione
2678 1367 2781 1405 suae
2802 1356 3115 1407 accusationis
3131 1358 3362 1409 alienissi-

1811 1446 1914 1485 mas
1938 1437 2182 1499 evagatur,
2207 1436 2393 1500 dignior
2420 1439 2461 1488 is
2483 1440 2555 1489 est
2582 1441 2661 1491 cui
2676 1441 2797 1493 tides
2817 1443 3092 1507 denegetur,
3111 1458 3256 1508 quam
3278 1444 3355 1497 cui

1811 1523 2059 1575 habeatur.
2116 1527 2211 1587 Ego
2239 1538 2355 1577 vero
2370 1528 2409 1576 si
2428 1529 2615 1579 animos
2632 1532 2815 1580 vestros
2842 1532 2955 1583 satis
2976 1533 3117 1595 novi,
3136 1532 3364 1583 videmini

1809 1612 1953 1674 mihi,
1982 1613 2083 1663 sive
2104 1613 2429 1665 condemnetis
2450 1616 2551 1666 sive
2572 1617 2856 1680 absolvatis,
2884 1619 3001 1669 nibil
3032 1620 3164 1669 aliud
3180 1623 3361 1684 specta·

1809 1701 1907 1751 turi
1934 1714 2083 1764 quam
2112 1702 2337 1753 naturam
2356 1704 2504 1766 ipsius
2529 1717 2687 1755 causae
2709 1724 2722 1756 ι
2746 1705 2839 1756 boc
2870 1720 3000 1759 emm
3042 1710 3220 1767 metum
3248 1722 3360 1759 san·

1810 1791 2057 1853 ctumque.
2081 1790 2205 1841 ilinc
2222 1790 2457 1842 exordiar.

1875 1884 1949 1929 11.
1979 1879 2280 1931 constitutus
2308 1880 2544 1945 choregus
2566 1883 2851 1933 instantibus
2873 1884 3157 1949 Thargeliis,
3190 1886 3365 1949 praeter

1809 1972 1969 2011 meam
1990 1958 2172 2011 tribum
2186 1996 2199 2019 .
2224 1974 2336 2025 qua».
2362 1964 2437 2013 est
2456 1964 2753 2019 Erechtheis,
2772 1964 2917 2015 etiam
2939 1966 3249 2029 cecropidem
3266 1980 3365 2023 una

1810 2056 1923 2093 cum
1947 2045 2171 2107 magistro
2193 2046 2417 2095 Pantacle
2442 2046 2613 2096 sortito
2645 2045 2963 2111 accipiebam
2991 2050 3221 2112 fungebar
3252 2062 3363 2101 mu-

1808 2140 1923 2179 nere
1940 2141 2087 2191 quam
2100 2130 2315 2192 poteram
2332 2129 2512 2191 optime
2525 2131 2672 2192 atque
2690 2130 3049 2195 religiosissime.
3072 2136 3133 2185 Et
3153 2136 3361 2197 primum

1808 2209 2005 2271 quidem
2021 2211 2437 2261 exercitationibus
2462 2212 2801 2263 consecrabant
2827 2212 3000 2265 domus
3025 2228 3147 2265 meae
3173 2217 3360 2278 partem

1809 2296 1878 2344 rei
1894 2294 2431 2345 accommodatissimam
2444 2332 2460 2357 ,
2480 2294 2531 2345 in
2546 2308 2645 2359 qua
2662 2296 2762 2359 jam
2780 2296 2921 2346 antea
2948 2297 3139 2361 choregi
3164 2313 3364 2359 munere

1809 2378 1860 2428 in
1883 2378 2120 2443 Dionysiis
2135 2380 2337 2443 fungens
2352 2381 2553 2431 chorum
2570 2378 2839 2431 docendum
2860 2395 3157 2433 curaveram.
3183 2385 3367 2435 Deinde

1810 2464 2013 2513 chorum
2028 2463 2307 2527 colligebam
2319 2465 2499 2528 quanta
2511 2466 2727 2527 poteram
2740 2466 2953 2515 maxima
2962 2465 3207 2529 civilitate,
3223 2469 3365 2518 nemi-

1809 2560 1921 2597 nem
1934 2548 2189 2611 mulctans,
2204 2562 2234 2597 a
2253 2548 2443 2599 nemine
2457 2547 2653 2611 pignora
2668 2560 2751 2611 per
2768 2549 2869 2597 vim
2886 2550 3133 2613 auferens,
3152 2564 3261 2601 cum
3281 2566 3366 2603 ne-

1811 2634 1941 2684 mine
1958 2635 2225 2685 simultates
2237 2633 2524 2697 suscipiens,
2543 2633 2709 2684 sedita
2726 2634 2991 2697 agebantur
3010 2636 3171 2685 omnia
3185 2671 3199 2695 ,
3216 2638 3359 2698 prout

1813 2717 2005 2779 utrique
2012 2716 2137 2780 parti
2150 2718 2197 2767 et
2206 2715 2585 2779 acceptissimum
2592 2716 2643 2767 et
2658 2716 2788 2766 factu
2799 2718 2921 2766 esset
2931 2716 3336 2781 expeditissimum
3348 2737 3363 2782 3

1811 2801 1978 2851 citanti
1996 2800 2115 2851 mibi
2132 2802 2279 2863 atqne
2304 2799 2629 2860 praescribenti
2654 2802 2876 2861 parentes
2894 2799 3069 2851 liberos
3083 2802 3335 2852 mittebant
3346 2839 3363 2865 ,

1811 2884 2027 2934 volentes
2043 2884 2189 2946 atqm
2206 2881 2437 2933 lubentes.
2476 2881 2575 2943 (12)
2597 2882 2693 2932 Sed
2711 2882 2939 2931 interesse
2963 2881 3223 2944 disciplinae
3244 2896 3363 2945 pue-

1810 2980 1974 3016 rorum
2000 2978 2085 3028 per
2103 2966 2291 3027 negotia
2316 2965 2432 3013 mibi
2450 2976 2549 3014 non
2566 2964 2767 3027 licebat,
2786 2965 2971 3015 intento
2998 2965 3174 3015 actioni
3192 2965 3365 3017 adver-

1809 3058 1894 3095 sus
1922 3042 2206 3094 Austionem
2232 3051 2379 3106 atque
2417 3041 2657 3091 Philinum
2688 3042 2900 3103 occeptae
2936 3062 2948 3091 :
2982 3055 3105 3103 quos
3139 3046 3365 3105 quoniam

1811 3122 2003 3187 publice
2019 3132 2287 3172 receperam
2310 3124 2561 3177 peculatus
2581 3132 2687 3169 reos
2704 3119 2970 3181 faciendos,
2996 3120 3239 3182 permagni
3261 3134 3367 3171 mea

1811 3202 2047 3253 referebat
2110 3212 2277 3253 eorum
2314 3200 2365 3253 fu
2372 3200 2445 3249 ria
2476 3199 2663 3249 senatui
2686 3197 2873 3263 totique
2907 3198 3083 3262 populo
3106 3200 3365 3251 Athenien-

1811 3282 1939 3333 sium
1958 3293 1987 3330 a
2006 3292 2082 3329 me
2102 3292 2193 3339 qua
2216 3287 2304 3335 par
2318 3280 2391 3327 est
2408 3276 2609 3327 veritate
2626 3278 2770 3340 atque
2786 3276 3015 3339 aequitate
3030 3276 3362 3330 demonstrari.

1815 3364 1939 3415 Huic
1960 3365 2123 3415 itauue
2141 3358 2330 3424 negotio
2347 3372 2567 3409 animum
2590 3358 2771 3409 babens
2792 3359 3031 3409 intentum
3043 3396 3059 3421 ,
3082 3359 3369 3412 mandabam

1816 3442 2155 3500 Phanostrata,
2181 3441 2236 3488 ut
2258 3438 2407 3487 choro
2427 3436 2780 3499 suppeditaret,
2804 3437 2843 3485 si
2867 3436 2983 3500 quid
3011 3436 3055 3487 ei
3080 3450 3201 3500 opus
3218 3441 3367 3500 essen

1814 3519 2114 3581 municipalis
2134 3518 2465 3567 accusatorum
2490 3517 2563 3565 est
2589 3516 2958 3577 Phanostratus,
2986 3513 3215 3578 idemque
3232 3530 3371 3567 meus

1813 3600 1984 3661 gener,
2008 3596 2123 3645 huic
2146 3594 2462 3655 mandabam,
2498 3594 2553 3641 ut
2576 3592 2723 3643 choro
2750 3605 2897 3656 quam
2924 3594 3083 3655 posset
3107 3593 3367 3657 diligentis-

1815 3678 1936 3729 sime
1960 3676 2247 3740 prospiceret
2268 3696 2280 3725 :
2330 3674 2425 3735 (⁴23)
2443 3672 2678 3722 addebam
2698 3672 2741 3721 ei
2766 3673 2925 3722 adhuc
2940 3672 3063 3723 duos
3078 3672 3225 3736 alios,
3248 3674 3369 3725 alte-

1819 3776 1927 3812 rum
1947 3762 2199 3824 Amyniam
2212 3760 2271 3810 ‹le
2286 3759 2415 3809 tribu
2430 3756 2745 3809 Erechtheide
2755 3792 2769 3818 ,
2784 3756 2867 3808 cui
2884 3756 3051 3818 utpote
3068 3756 3172 3805 viro
3185 3756 3370 3819 integro

1817 3840 2018 3890 tribules
2036 3841 2195 3902 partes
2204 3838 2313 3887 iden
2318 3836 2385 3887 tid
2390 3848 2468 3886 em
2480 3834 2827 3885 demandarant
2838 3834 3010 3883 choros
3024 3833 3272 3895 colligendi
3292 3834 3369 3883 in·

1817 3920 2155 3981 struendique3
2174 3918 2380 3967 alterum
2398 3914 2459 3964 de
2478 3914 2605 3964 tribu
2626 3910 2887 3975 Cecropide
2900 3948 2915 3973 ,
2938 3912 3051 3974 qui,
3072 3911 3258 3975 quoties
3279 3926 3369 3963 usu

1817 4002 2029 4061 veniret,
2048 4001 2165 4050 item
2196 3999 2417 4061 colligere
2434 3996 2635 4046 chorum
2656 3994 2793 4044 istius
2817 3993 2972 4043 tribus
2988 3994 3195 4045 soleret:
3225 4008 3371 4059 quar-

1819 4086 1924 4134 tum
1933 4082 2139 4145 denique
2153 4078 2443 4141 Philippum,
2459 4089 2571 4125 cum
2581 4072 2829 4134 mandato,
2840 4084 3159 4135 quaecumque
3172 4074 3371 4135 impera·

1817 4166 1957 4213 turus
1970 4163 2094 4212 essct
2105 4158 2327 4219 magister
2342 4156 2426 4204 aut
2438 4154 2565 4203 alius
2580 4152 2819 4216 quispiam
2833 4150 2979 4199 modo
2997 4151 3370 4215 nominatorum,

1817 4243 2007 4295 emendi
2038 4243 2089 4291 et
2122 4239 2343 4301 sumptus
2368 4237 2599 4298 tantisper
2634 4232 2884 4295 erogandi,
2920 4244 3021 4295 quo
3050 4232 3185 4295 pueri
3225 4246 3372 4297 quam

1817 4320 1998 4388 optime
2018 4318 2324 4378 docerentur,
2343 4327 2500 4377 neque
2512 4350 2527 4377 ‚
2552 4324 2631 4363 me
2646 4312 2752 4363 aliis
2769 4312 2912 4361 rebus
2926 4313 3159 4375 occupato
3170 4349 3187 4376 ,
3206 4314 3305 4364 ulla
3323 4328 3377 4367 re

1817 4408 2081 4461 necessaria
2101 4404 2450 4457 fraudarentur.
2472 4400 2743 4452 Defunctus
2764 4399 2823 4449 ad
2842 4399 2972 4448 bunc
2992 4399 3191 4450 modum
3216 4401 3375 4453 chore-

1817 4500 1931 4563 gatu
1954 4494 2039 4545 mi.
2103 4491 2201 4555 (14)
2231 4491 2387 4553 Atque
2405 4488 2444 4537 si
2466 4487 2585 4551 quid
2604 4486 2652 4536 in
2679 4484 2754 4535 his
2770 4485 3001 4535 mentitus
3016 4498 3124 4536 sum
3138 4523 3153 4549 ‚
3172 4487 3268 4537 mei
3285 4501 3375 4537 ex·

1818 4580 2017 4633 cusandi
2030 4590 2164 4641 orgo,
2180 4574 2343 4626 licebit
2358 4571 2624 4622 accusatori
2646 4572 2695 4620 in
2719 4571 2981 4633 posteriore
3001 4572 3304 4624 accusatione
3328 4573 3375 4623 id

1818 4666 2074 4725 coarguere
2093 4658 2141 4706 et
2158 4652 2386 4719 quicquid
2402 4652 2533 4701 volet
2556 4652 2724 4700 contra
2742 4649 3013 4713 disputare;
3045 4662 3160 4700 nam
3182 4663 3258 4701 res
3278 4652 3375 4700 uti·

1818 4754 1913 4803 que
1931 4741 2000 4789 ita
2016 4736 2179 4794 babet,
2195 4734 2253 4782 ut
2270 4731 2495 4793 exposui3
2516 4729 2657 4779 multi
2672 4728 3087 4778 circumstantium
3102 4729 3254 4778 totam
3272 4741 3373 4778 rem

1819 4820 1874 4868 ut
1903 4818 2033 4879 gesta
2061 4815 2133 4864 est
2159 4813 2348 4876 penitus
2385 4810 2588 4871 callent,
2626 4810 2675 4859 et
2706 4808 2909 4857 audiunt
2949 4822 3029 4859 me
3065 4805 3374 4871 iureiurando

1821 4897 2071 4949 astrictum
2083 4930 2100 4957 ,
2127 4892 2391 4953 seduloque
2412 4890 2470 4939 ad
2490 4887 2699 4951 singulas
2716 4901 2847 4937 meas
2874 4888 3201 4949 responsiones
3216 4888 3375 4936 atten-

1820 4976 1971 5037 dunt,
2009 4970 2185 5036 quibus
2210 4969 2309 5033 ipse
2340 4970 2390 5019 et
2414 4968 2661 5031 religiosus
2691 4978 2793 5015 esse
2821 4964 2973 5015 videri
3004 4965 3149 5015 velim
3180 4965 3228 5013 et
3264 4975 3377 5011 vera

1821 5060 1890 5111 rei
1911 5056 2207 5121 expositione
2242 5052 2379 5103 vobis
2409 5050 2694 5115 persuadere
2726 5050 2781 5097 ut
2802 5060 2881 5097 me
2907 5044 3176 5096 absolvatis·
3278 5044 3374 5105 (15)

1825 5141 2025 5190 Planum
2054 5139 2220 5200 itaque
2238 5134 2377 5185 vobis
2398 5137 2511 5183 ante
2526 5132 2688 5183 omnia
2713 5130 2914 5188 faciam,
2940 5140 3018 5176 me
3038 5138 3193 5186 neque
3224 5124 3378 5187 impe-

1823 5230 1950 5268 rasse
1966 5230 2115 5279 puero
2148 5216 2203 5264 ut
2218 5214 2464 5277 potionem
2485 5210 2698 5271 biberet,
2726 5219 2883 5269 neque
2900 5216 3013 5253 eum
3033 5202 3093 5251 ad
3116 5200 3377 5251 bibendum

1823 5295 2033 5360 adegisse
2050 5306 2205 5359 neque
2226 5291 2511 5357 praebuisse,
2530 5300 2687 5352 neque
2709 5283 2975 5339 interfuisse
3002 5294 3152 5347 quum
3175 5279 3374 5333 biberet.
