<?xml version="1.0" encoding="UTF-8"?>
<!DOCTYPE html PUBLIC "-//W3C//DTD XHTML 1.0 Transitional//EN"
    "http://www.w3.org/TR/xhtml1/DTD/xhtml1-transitional.dtd">
<html xmlns="http://www.w3.org/1999/xhtml" xml:lang="en" lang="en">
 <head>
  <title>
</title>
<meta http-equiv="Content-Type" content="text/html;charset=utf-8" />
  <meta name='ocr-system' content='tesseract 3.04.00' />
  <meta name='ocr-capabilities' content='ocr_page ocr_carea ocr_par ocr_line ocrx_word'/>
</head>
<body>
  <div class='ocr_page' id='page_1' title='image "./oratoresatticia03unkngoog/oratoresatticia03unkngoog_0573.png"; bbox 0 0 3825 5842; ppageno 0'>
   <div class='ocr_carea' id='block_1_1' title="bbox 1009 413 2555 481">
    <p class='ocr_par' dir='ltr' id='par_1_1' title="bbox 1009 413 2555 481">
     <span class='ocr_line' id='line_1_1' title="bbox 1009 413 2555 481; baseline 0.003 -6"><span class='ocrx_word' id='word_1_1' title='bbox 1009 414 1410 478; x_wconf 80' lang='lat' dir='ltr'>ISOCRATIS</span> <span class='ocrx_word' id='word_1_2' title='bbox 1451 413 1738 477; x_wconf 81' lang='lat' dir='ltr'><strong>ORATIO</strong></span> <span class='ocrx_word' id='word_1_3' title='bbox 1779 417 1880 477; x_wconf 74' lang='lat' dir='ltr'><strong>DE</strong></span> <span class='ocrx_word' id='word_1_4' title='bbox 1923 416 2555 481; x_wconf 76' lang='lat' dir='ltr'><strong>PERMUTATIONE.</strong></span> 
     </span>
    </p>
   </div>
   <div class='ocr_carea' id='block_1_2' title="bbox 3246 428 3353 483">
    <p class='ocr_par' dir='ltr' id='par_1_2' title="bbox 3246 428 3353 483">
     <span class='ocr_line' id='line_1_2' title="bbox 3246 428 3353 483; baseline -0.019 0"><span class='ocrx_word' id='word_1_5' title='bbox 3246 428 3353 483; x_wconf 76' lang='lat'><strong>221</strong></span> 
     </span>
    </p>
   </div>
   <div class='ocr_carea' id='block_1_3' title="bbox 147 542 3367 624">
    <p class='ocr_par' dir='ltr' id='par_1_3' title="bbox 147 542 3367 624">
     <span class='ocr_line' id='line_1_3' title="bbox 147 542 3367 624; baseline 0.001 -17"><span class='ocrx_word' id='word_1_6' title='bbox 147 544 312 615; x_wconf 83' lang='grc' dir='ltr'>κείαις</span> <span class='ocrx_word' id='word_1_7' title='bbox 329 542 366 617; x_wconf 77' lang='grc' dir='ltr'>ἢ</span> <span class='ocrx_word' id='word_1_8' title='bbox 391 545 508 612; x_wconf 85' lang='grc' dir='ltr'>ταῖς</span> <span class='ocrx_word' id='word_1_9' title='bbox 525 546 724 604; x_wconf 75' lang='grc' dir='ltr'>ἑαυτῶν</span> <span class='ocrx_word' id='word_1_10' title='bbox 747 542 986 624; x_wconf 75' lang='grc' dir='ltr'>ἀτυχίαις</span> <span class='ocrx_word' id='word_1_11' title='bbox 1012 546 1104 604; x_wconf 75' lang='grc' dir='ltr'><strong>οὐκ</strong></span> <span class='ocrx_word' id='word_1_12' title='bbox 1123 544 1262 604; x_wconf 82' lang='grc' dir='ltr'>ἔστιν</span> <span class='ocrx_word' id='word_1_13' title='bbox 1289 544 1428 613; x_wconf 80' lang='grc' dir='ltr'>ὅπως</span> <span class='ocrx_word' id='word_1_14' title='bbox 1445 547 1504 605; x_wconf 83' lang='grc' dir='ltr'>οὖ</span> <span class='ocrx_word' id='word_1_15' title='bbox 1529 547 1710 607; x_wconf 87' lang='grc' dir='ltr'>δυσκο-</span> <span class='ocrx_word' id='word_1_16' title='bbox 1798 554 2058 607; x_wconf 80' lang='lat' dir='ltr'><strong>virtutibus</strong></span> <span class='ocrx_word' id='word_1_17' title='bbox 2068 564 2150 607; x_wconf 85' lang='lat' dir='ltr'><strong>aut</strong></span> <span class='ocrx_word' id='word_1_18' title='bbox 2166 558 2267 607; x_wconf 85' lang='lat' dir='ltr'><strong>suis</strong></span> <span class='ocrx_word' id='word_1_19' title='bbox 2284 556 2658 608; x_wconf 86' lang='lat' dir='ltr'><strong>miseriisdolore</strong></span> <span class='ocrx_word' id='word_1_20' title='bbox 2670 556 2976 620; x_wconf 81' lang='lat' dir='ltr'><strong>affici-solent,</strong></span> <span class='ocrx_word' id='word_1_21' title='bbox 2995 557 3198 609; x_wconf 80' lang='lat' dir='ltr'><strong>fierinon</strong></span> <span class='ocrx_word' id='word_1_22' title='bbox 3209 560 3367 623; x_wconf 81' lang='lat' dir='ltr'><strong>potest</strong></span> 
     </span>
    </p>
   </div>
   <div class='ocr_carea' id='block_1_4' title="bbox 69 625 1741 4517">
    <p class='ocr_par' dir='ltr' id='par_1_4' title="bbox 69 625 1741 4517">
     <span class='ocr_line' id='line_1_4' title="bbox 148 625 1712 714; baseline -0.001 -20"><span class='ocrx_word' id='word_1_23' title='bbox 148 638 366 694; x_wconf 80' lang='grc' dir='ltr'>λανοῢσι</span> <span class='ocrx_word' id='word_1_24' title='bbox 385 633 476 693; x_wconf 73' lang='grc' dir='ltr'><strong>καὶ</strong></span> <span class='ocrx_word' id='word_1_25' title='bbox 503 634 750 714; x_wconf 80' lang='grc' dir='ltr'>χαλεπῶς</span> <span class='ocrx_word' id='word_1_26' title='bbox 776 631 1024 695; x_wconf 76' lang='grc' dir='ltr'><strong>οἴσουσιν.</strong></span> <span class='ocrx_word' id='word_1_27' title='bbox 1108 632 1200 702; x_wconf 85' lang='grc' dir='ltr'>Ὡς</span> <span class='ocrx_word' id='word_1_28' title='bbox 1233 625 1322 694; x_wconf 69' lang='grc' dir='ltr'><strong>οὗν</strong></span> <span class='ocrx_word' id='word_1_29' title='bbox 1356 632 1517 702; x_wconf 79' lang='grc' dir='ltr'>οὕτως</span> <span class='ocrx_word' id='word_1_30' title='bbox 1541 636 1712 695; x_wconf 79' lang='grc' dir='ltr'>αὗτῶν</span> 
     </span>
     <span class='ocr_line' id='line_1_5' title="bbox 148 720 1716 799; baseline 0 -17"><span class='ocrx_word' id='word_1_31' title='bbox 148 720 598 799; x_wconf 85' lang='grc' dir='ltr'>διατεθησομένων</span> <span class='ocrx_word' id='word_1_32' title='bbox 638 720 822 781; x_wconf 85' lang='grc' dir='ltr'>σκόπει</span> <span class='ocrx_word' id='word_1_33' title='bbox 857 720 910 780; x_wconf 92' lang='grc' dir='ltr'><strong>τί</strong></span> <span class='ocrx_word' id='word_1_34' title='bbox 942 744 1026 781; x_wconf 92' lang='grc' dir='ltr'><strong>σοι</strong></span> <span class='ocrx_word' id='word_1_35' title='bbox 1053 721 1264 783; x_wconf 76' lang='grc' dir='ltr'>λεκτέον</span> <span class='ocrx_word' id='word_1_36' title='bbox 1305 720 1501 782; x_wconf 89' lang='grc' dir='ltr'>τούτων</span> <span class='ocrx_word' id='word_1_37' title='bbox 1537 722 1627 783; x_wconf 78' lang='grc' dir='ltr'><strong>καὶ</strong></span> <span class='ocrx_word' id='word_1_38' title='bbox 1661 722 1716 782; x_wconf 85' lang='grc' dir='ltr'><strong>τί</strong></span> 
     </span>
     <span class='ocr_line' id='line_1_6' title="bbox 147 810 776 893; baseline -0.011 -22"><span class='ocrx_word' id='word_1_39' title='bbox 147 810 536 893; x_wconf 81' lang='grc' dir='ltr'>παραλειπτέον</span> <span class='ocrx_word' id='word_1_40' title='bbox 566 810 726 870; x_wconf 80' lang='grc' dir='ltr'>ἐστίν.</span> <span class='ocrx_word' id='word_1_41' title='bbox 751 837 776 864; x_wconf 67' lang='grc' dir='ltr'>ι</span> 
     </span>
     <span class='ocr_line' id='line_1_7' title="bbox 93 897 1716 979; baseline -0.001 -18"><span class='ocrx_word' id='word_1_42' title='bbox 93 933 122 972; x_wconf 77' lang='lat'><strong>5</strong></span> <span class='ocrx_word' id='word_1_43' title='bbox 237 922 336 963; x_wconf 75' lang='lat'>150.</span> <span class='ocrx_word' id='word_1_44' title='bbox 388 898 534 978; x_wconf 83' lang='grc' dir='ltr'><strong>Ἐγὼ</strong></span> <span class='ocrx_word' id='word_1_45' title='bbox 555 897 610 959; x_wconf 79' lang='grc' dir='ltr'><strong>δὲ</strong></span> <span class='ocrx_word' id='word_1_46' title='bbox 635 898 876 960; x_wconf 84' lang='grc' dir='ltr'>κάκείνου</span> <span class='ocrx_word' id='word_1_47' title='bbox 905 898 1023 960; x_wconf 85' lang='grc' dir='ltr'>τότε</span> <span class='ocrx_word' id='word_1_48' title='bbox 1049 904 1216 959; x_wconf 73' lang='grc' dir='ltr'>ταῦτα</span> <span class='ocrx_word' id='word_1_49' title='bbox 1244 899 1481 979; x_wconf 82' lang='grc' dir='ltr'>λέγοντος</span> <span class='ocrx_word' id='word_1_50' title='bbox 1509 900 1601 961; x_wconf 77' lang='grc' dir='ltr'><strong>καὶ</strong></span> <span class='ocrx_word' id='word_1_51' title='bbox 1627 905 1716 961; x_wconf 75' lang='grc' dir='ltr'><strong>νῦν</strong></span> 
     </span>
     <span class='ocr_line' id='line_1_8' title="bbox 151 980 1718 1070; baseline 0.001 -22"><span class='ocrx_word' id='word_1_52' title='bbox 151 996 388 1070; x_wconf 76' lang='grc' dir='ltr'>ἡγοῦμαι</span> <span class='ocrx_word' id='word_1_53' title='bbox 432 987 644 1053; x_wconf 77' lang='grc' dir='ltr'>πάντων</span> <span class='ocrx_word' id='word_1_54' title='bbox 687 987 972 1070; x_wconf 84' lang='grc' dir='ltr'>ἀνθρώπων</span> <span class='ocrx_word' id='word_1_55' title='bbox 1027 988 1396 1057; x_wconf 86' lang='grc' dir='ltr'>ἀτοπωτάτους</span> <span class='ocrx_word' id='word_1_56' title='bbox 1445 980 1578 1049; x_wconf 72' lang='grc' dir='ltr'>εἶναι</span> <span class='ocrx_word' id='word_1_57' title='bbox 1627 988 1718 1049; x_wconf 76' lang='grc' dir='ltr'><strong>καὶ</strong></span> 
     </span>
     <span class='ocr_line' id='line_1_9' title="bbox 149 1074 1720 1160; baseline -0.001 -22"><span class='ocrx_word' id='word_1_58' title='bbox 149 1076 565 1160; x_wconf 84' lang='grc' dir='ltr'>σχετλιωτάτους</span> <span class='ocrx_word' id='word_1_59' title='bbox 607 1074 788 1144; x_wconf 77' lang='grc' dir='ltr'>οἵτινες</span> <span class='ocrx_word' id='word_1_60' title='bbox 821 1078 1019 1158; x_wconf 83' lang='grc' dir='ltr'>βαρέως</span> <span class='ocrx_word' id='word_1_61' title='bbox 1049 1076 1111 1137; x_wconf 73' lang='grc' dir='ltr'><strong>ἂν</strong></span> <span class='ocrx_word' id='word_1_62' title='bbox 1141 1076 1371 1136; x_wconf 80' lang='grc' dir='ltr'>ἀκούοιεν</span> <span class='ocrx_word' id='word_1_63' title='bbox 1399 1080 1444 1137; x_wconf 89' lang='grc' dir='ltr'><strong>εἶ</strong></span> <span class='ocrx_word' id='word_1_64' title='bbox 1487 1081 1720 1157; x_wconf 87' lang='grc' dir='ltr'>λειτουρ-</span> 
     </span>
     <span class='ocr_line' id='line_1_10' title="bbox 148 1164 1720 1247; baseline -0.001 -21"><span class='ocrx_word' id='word_1_65' title='bbox 148 1174 346 1247; x_wconf 75' lang='grc' dir='ltr'>γοῦντα</span> <span class='ocrx_word' id='word_1_66' title='bbox 375 1164 470 1245; x_wconf 84' lang='grc' dir='ltr'><strong>μὲν</strong></span> <span class='ocrx_word' id='word_1_67' title='bbox 499 1164 729 1244; x_wconf 80' lang='grc' dir='ltr'>ἐμαυτὸν</span> <span class='ocrx_word' id='word_1_68' title='bbox 751 1169 816 1245; x_wconf 83' lang='grc' dir='ltr'><strong>τῇ</strong></span> <span class='ocrx_word' id='word_1_69' title='bbox 844 1166 996 1223; x_wconf 87' lang='grc' dir='ltr'>πόλει</span> <span class='ocrx_word' id='word_1_70' title='bbox 1021 1164 1244 1247; x_wconf 84' lang='grc' dir='ltr'>παρέχω</span> <span class='ocrx_word' id='word_1_71' title='bbox 1269 1165 1360 1225; x_wconf 74' lang='grc' dir='ltr'><strong>καὶ</strong></span> <span class='ocrx_word' id='word_1_72' title='bbox 1386 1171 1634 1226; x_wconf 78' lang='grc' dir='ltr'>ποιοῦντα</span> <span class='ocrx_word' id='word_1_73' title='bbox 1659 1166 1720 1224; x_wconf 85' lang='grc' dir='ltr'><strong>τὸ</strong></span> 
     </span>
     <span class='ocr_line' id='line_1_11' title="bbox 149 1251 1720 1337; baseline -0.003 -22"><span class='ocrx_word' id='word_1_74' title='bbox 149 1253 628 1337; x_wconf 79' lang='grc' dir='ltr'>προσταττόμενον,</span> <span class='ocrx_word' id='word_1_75' title='bbox 673 1251 834 1331; x_wconf 82' lang='grc' dir='ltr'>μηδὲν</span> <span class='ocrx_word' id='word_1_76' title='bbox 889 1251 946 1313; x_wconf 78' lang='grc' dir='ltr'><strong>δὲ</strong></span> <span class='ocrx_word' id='word_1_77' title='bbox 991 1252 1180 1331; x_wconf 80' lang='grc' dir='ltr'>δέομαι</span> <span class='ocrx_word' id='word_1_78' title='bbox 1227 1254 1360 1333; x_wconf 81' lang='grc' dir='ltr'>μήτε</span> <span class='ocrx_word' id='word_1_79' title='bbox 1399 1256 1720 1335; x_wconf 78' lang='grc' dir='ltr'>κληροῦσθαι</span> 
     </span>
     <span class='ocr_line' id='line_1_12' title="bbox 69 1341 1718 1423; baseline -0.003 -18"><span class='ocrx_word' id='word_1_80' title='bbox 69 1377 120 1415; x_wconf 86' lang='lat'><strong>10</strong></span> <span class='ocrx_word' id='word_1_81' title='bbox 148 1350 256 1405; x_wconf 83' lang='grc' dir='ltr'><strong>τῶν</strong></span> <span class='ocrx_word' id='word_1_82' title='bbox 306 1347 484 1423; x_wconf 80' lang='grc' dir='ltr'>ἀρχῶν</span> <span class='ocrx_word' id='word_1_83' title='bbox 527 1342 709 1416; x_wconf 79' lang='grc' dir='ltr'>ἕνεκα,</span> <span class='ocrx_word' id='word_1_84' title='bbox 757 1341 890 1418; x_wconf 78' lang='grc' dir='ltr'>μήτε</span> <span class='ocrx_word' id='word_1_85' title='bbox 935 1342 1224 1420; x_wconf 76' lang='grc' dir='ltr'>λαμὸάνειν</span> <span class='ocrx_word' id='word_1_86' title='bbox 1255 1343 1290 1401; x_wconf 75' lang='grc' dir='ltr'>ἃ</span> <span class='ocrx_word' id='word_1_87' title='bbox 1329 1351 1436 1411; x_wconf 86' lang='grc' dir='ltr'>τοῖς</span> <span class='ocrx_word' id='word_1_88' title='bbox 1483 1343 1658 1409; x_wconf 80' lang='grc' dir='ltr'>ἄλλοις</span> <span class='ocrx_word' id='word_1_89' title='bbox 1684 1346 1718 1413; x_wconf 82' lang='grc' dir='ltr'>ἡ</span> 
     </span>
     <span class='ocr_line' id='line_1_13' title="bbox 149 1422 1714 1513; baseline -0.003 -19"><span class='ocrx_word' id='word_1_90' title='bbox 149 1434 301 1501; x_wconf 83' lang='grc' dir='ltr'>πόλις</span> <span class='ocrx_word' id='word_1_91' title='bbox 326 1432 538 1511; x_wconf 86' lang='grc' dir='ltr'>δίδωσι,</span> <span class='ocrx_word' id='word_1_92' title='bbox 560 1431 683 1510; x_wconf 81' lang='grc' dir='ltr'>μήτ’</span> <span class='ocrx_word' id='word_1_93' title='bbox 709 1422 776 1489; x_wconf 71' lang='grc' dir='ltr'><strong>αῧ</strong></span> <span class='ocrx_word' id='word_1_94' title='bbox 790 1430 994 1513; x_wconf 81' lang='grc' dir='ltr'>φεύγειν</span> <span class='ocrx_word' id='word_1_95' title='bbox 1020 1429 1164 1498; x_wconf 81' lang='grc' dir='ltr'>δίκας</span> <span class='ocrx_word' id='word_1_96' title='bbox 1189 1430 1322 1509; x_wconf 82' lang='grc' dir='ltr'>μήτε</span> <span class='ocrx_word' id='word_1_97' title='bbox 1347 1428 1569 1491; x_wconf 83' lang='grc' dir='ltr'>διώκειν.</span> <span class='ocrx_word' id='word_1_98' title='bbox 1595 1432 1714 1508; x_wconf 80' lang='lat'>(1⁵¹)</span> 
     </span>
     <span class='ocr_line' id='line_1_14' title="bbox 148 1518 1719 1602; baseline -0.003 -21"><span class='ocrx_word' id='word_1_99' title='bbox 148 1528 343 1586; x_wconf 77' lang='grc' dir='ltr'>Ταῦτα</span> <span class='ocrx_word' id='word_1_100' title='bbox 363 1520 464 1602; x_wconf 69' lang='grc' dir='ltr'><strong>γὰρ</strong></span> <span class='ocrx_word' id='word_1_101' title='bbox 487 1518 845 1595; x_wconf 79' lang='grc' dir='ltr'>συνεταξάμην</span> <span class='ocrx_word' id='word_1_102' title='bbox 870 1522 928 1577; x_wconf 82' lang='grc' dir='ltr'>οὗ</span> <span class='ocrx_word' id='word_1_103' title='bbox 953 1518 1039 1578; x_wconf 74' lang='grc' dir='ltr'><strong>διὰ</strong></span> <span class='ocrx_word' id='word_1_104' title='bbox 1057 1521 1280 1578; x_wconf 78' lang='grc' dir='ltr'>πλοῦτον</span> <span class='ocrx_word' id='word_1_105' title='bbox 1311 1518 1427 1579; x_wconf 75' lang='grc' dir='ltr'>οὐδὲ</span> <span class='ocrx_word' id='word_1_106' title='bbox 1459 1521 1524 1577; x_wconf 89' lang='grc' dir='ltr'><strong>δι’</strong></span> <span class='ocrx_word' id='word_1_107' title='bbox 1557 1522 1719 1600; x_wconf 80' lang='grc' dir='ltr'>ὑπερ-</span> 
     </span>
     <span class='ocr_line' id='line_1_15' title="bbox 151 1606 1721 1695; baseline -0.003 -25"><span class='ocrx_word' id='word_1_108' title='bbox 151 1610 404 1695; x_wconf 79' lang='grc' dir='ltr'>ηφανίαν,</span> <span class='ocrx_word' id='word_1_109' title='bbox 433 1608 550 1668; x_wconf 81' lang='grc' dir='ltr'>οὐδὲ</span> <span class='ocrx_word' id='word_1_110' title='bbox 593 1612 934 1690; x_wconf 76' lang='grc' dir='ltr'>καταφρονῶν</span> <span class='ocrx_word' id='word_1_111' title='bbox 973 1610 1076 1666; x_wconf 91' lang='grc' dir='ltr'><strong>τῶν</strong></span> <span class='ocrx_word' id='word_1_112' title='bbox 1120 1606 1194 1685; x_wconf 78' lang='grc' dir='ltr'>μὴ</span> <span class='ocrx_word' id='word_1_113' title='bbox 1222 1608 1308 1667; x_wconf 83' lang='grc' dir='ltr'><strong>τὸν</strong></span> <span class='ocrx_word' id='word_1_114' title='bbox 1343 1606 1500 1666; x_wconf 81' lang='grc' dir='ltr'>αὐτὸν</span> <span class='ocrx_word' id='word_1_115' title='bbox 1531 1607 1721 1687; x_wconf 83' lang='grc' dir='ltr'>τρόπον</span> 
     </span>
     <span class='ocr_line' id='line_1_16' title="bbox 152 1693 1722 1777; baseline -0.004 -19"><span class='ocrx_word' id='word_1_116' title='bbox 152 1698 277 1777; x_wconf 78' lang='grc' dir='ltr'>ἐμοὶ</span> <span class='ocrx_word' id='word_1_117' title='bbox 307 1697 534 1774; x_wconf 79' lang='grc' dir='ltr'>ζώντων,</span> <span class='ocrx_word' id='word_1_118' title='bbox 581 1694 720 1755; x_wconf 74' lang='grc' dir='ltr'>ἀλλὰ</span> <span class='ocrx_word' id='word_1_119' title='bbox 755 1694 852 1767; x_wconf 84' lang='grc' dir='ltr'><strong>τὴν</strong></span> <span class='ocrx_word' id='word_1_120' title='bbox 888 1694 983 1773; x_wconf 85' lang='grc' dir='ltr'><strong>μὲν</strong></span> <span class='ocrx_word' id='word_1_121' title='bbox 1028 1694 1254 1775; x_wconf 80' lang='grc' dir='ltr'>ἡσυχίαν</span> <span class='ocrx_word' id='word_1_122' title='bbox 1291 1693 1384 1755; x_wconf 75' lang='grc' dir='ltr'><strong>καὶ</strong></span> <span class='ocrx_word' id='word_1_123' title='bbox 1427 1694 1522 1767; x_wconf 87' lang='grc' dir='ltr'><strong>τὴν</strong></span> <span class='ocrx_word' id='word_1_124' title='bbox 1552 1698 1722 1776; x_wconf 83' lang='grc' dir='ltr'>ἀπρα-</span> 
     </span>
     <span class='ocr_line' id='line_1_17' title="bbox 77 1782 1722 1867; baseline -0.004 -21"><span class='ocrx_word' id='word_1_125' title='bbox 77 1812 126 1851; x_wconf 78' lang='lat'><strong>15</strong></span> <span class='ocrx_word' id='word_1_126' title='bbox 150 1787 423 1867; x_wconf 85' lang='grc' dir='ltr'>γμοσύνην</span> <span class='ocrx_word' id='word_1_127' title='bbox 445 1786 688 1863; x_wconf 77' lang='grc' dir='ltr'>ἀγαπῶν,</span> <span class='ocrx_word' id='word_1_128' title='bbox 720 1783 952 1860; x_wconf 86' lang='grc' dir='ltr'>μάλιστα</span> <span class='ocrx_word' id='word_1_129' title='bbox 987 1784 1033 1841; x_wconf 91' lang='grc' dir='ltr'><strong>δ’</strong></span> <span class='ocrx_word' id='word_1_130' title='bbox 1059 1786 1192 1865; x_wconf 83' lang='grc' dir='ltr'>δρῶν</span> <span class='ocrx_word' id='word_1_131' title='bbox 1217 1782 1337 1852; x_wconf 78' lang='grc' dir='ltr'>τοὺς</span> <span class='ocrx_word' id='word_1_132' title='bbox 1354 1782 1614 1851; x_wconf 80' lang='grc' dir='ltr'>τοιούτους</span> <span class='ocrx_word' id='word_1_133' title='bbox 1632 1782 1722 1842; x_wconf 75' lang='grc' dir='ltr'><strong>καὶ</strong></span> 
     </span>
     <span class='ocr_line' id='line_1_18' title="bbox 148 1869 1722 1955; baseline -0.003 -21"><span class='ocrx_word' id='word_1_134' title='bbox 148 1878 276 1955; x_wconf 85' lang='grc' dir='ltr'>παρ’</span> <span class='ocrx_word' id='word_1_135' title='bbox 307 1874 432 1951; x_wconf 79' lang='grc' dir='ltr'><strong>ὗμῖν</strong></span> <span class='ocrx_word' id='word_1_136' title='bbox 460 1871 553 1931; x_wconf 75' lang='grc' dir='ltr'><strong>καὶ</strong></span> <span class='ocrx_word' id='word_1_137' title='bbox 579 1870 728 1951; x_wconf 76' lang='grc' dir='ltr'>παρὰ</span> <span class='ocrx_word' id='word_1_138' title='bbox 743 1880 850 1939; x_wconf 86' lang='grc' dir='ltr'>τοῖς</span> <span class='ocrx_word' id='word_1_139' title='bbox 876 1869 1055 1939; x_wconf 79' lang='grc' dir='ltr'>ἄλλοις</span> <span class='ocrx_word' id='word_1_140' title='bbox 1073 1872 1472 1949; x_wconf 75' lang='grc' dir='ltr'>εὐδοκιμοῦντας</span> <span class='ocrx_word' id='word_1_141' title='bbox 1488 1917 1505 1949; x_wconf 99' lang='grc'>,</span> <span class='ocrx_word' id='word_1_142' title='bbox 1537 1870 1722 1930; x_wconf 80' lang='grc' dir='ltr'>ἔπειτα</span> 
     </span>
     <span class='ocr_line' id='line_1_19' title="bbox 145 1948 1724 2043; baseline -0.003 -21"><span class='ocrx_word' id='word_1_143' title='bbox 145 1965 236 2023; x_wconf 77' lang='grc' dir='ltr'><strong>τὸν</strong></span> <span class='ocrx_word' id='word_1_144' title='bbox 276 1962 388 2043; x_wconf 88' lang='grc' dir='ltr'>βίον</span> <span class='ocrx_word' id='word_1_145' title='bbox 415 1960 550 2032; x_wconf 82' lang='grc' dir='ltr'>ἡδίω</span> <span class='ocrx_word' id='word_1_146' title='bbox 576 1958 793 2037; x_wconf 79' lang='grc' dir='ltr'>νομίσας</span> <span class='ocrx_word' id='word_1_147' title='bbox 840 1948 972 2018; x_wconf 77' lang='grc' dir='ltr'>εἶναι</span> <span class='ocrx_word' id='word_1_148' title='bbox 999 1964 1180 2018; x_wconf 75' lang='grc' dir='ltr'>τοῦτον</span> <span class='ocrx_word' id='word_1_149' title='bbox 1219 1958 1254 2030; x_wconf 86' lang='grc' dir='ltr'>ἢ</span> <span class='ocrx_word' id='word_1_150' title='bbox 1291 1958 1380 2018; x_wconf 82' lang='grc' dir='ltr'><strong>τὸν</strong></span> <span class='ocrx_word' id='word_1_151' title='bbox 1410 1963 1514 2018; x_wconf 90' lang='grc' dir='ltr'><strong>τῶν</strong></span> <span class='ocrx_word' id='word_1_152' title='bbox 1550 1958 1724 2018; x_wconf 75' lang='grc' dir='ltr'>πολλὰ</span> 
     </span>
     <span class='ocr_line' id='line_1_20' title="bbox 149 2046 1723 2133; baseline -0.004 -22"><span class='ocrx_word' id='word_1_153' title='bbox 149 2050 514 2133; x_wconf 85' lang='grc' dir='ltr'>πραττόντων,</span> <span class='ocrx_word' id='word_1_154' title='bbox 537 2046 614 2107; x_wconf 88' lang='grc' dir='ltr'><strong>ἔτι</strong></span> <span class='ocrx_word' id='word_1_155' title='bbox 637 2048 693 2106; x_wconf 81' lang='grc' dir='ltr'><strong>δὲ</strong></span> <span class='ocrx_word' id='word_1_156' title='bbox 722 2051 836 2115; x_wconf 86' lang='grc' dir='ltr'>ταῖς</span> <span class='ocrx_word' id='word_1_157' title='bbox 865 2047 1157 2129; x_wconf 75' lang='grc' dir='ltr'>διατριὸαῖς</span> <span class='ocrx_word' id='word_1_158' title='bbox 1183 2049 1297 2115; x_wconf 83' lang='grc' dir='ltr'>ταῖς</span> <span class='ocrx_word' id='word_1_159' title='bbox 1325 2051 1476 2127; x_wconf 83' lang='grc' dir='ltr'>ἐμαῖς</span> <span class='ocrx_word' id='word_1_160' title='bbox 1505 2071 1723 2129; x_wconf 87' lang='grc' dir='ltr'>πρεπω-</span> 
     </span>
     <span class='ocr_line' id='line_1_21' title="bbox 155 2129 1722 2219; baseline -0.004 -20"><span class='ocrx_word' id='word_1_161' title='bbox 155 2138 418 2219; x_wconf 80' lang='grc' dir='ltr'>δέστερον,</span> <span class='ocrx_word' id='word_1_162' title='bbox 455 2129 536 2204; x_wconf 75' lang='grc' dir='ltr'><strong>αἶς</strong></span> <span class='ocrx_word' id='word_1_163' title='bbox 562 2134 616 2204; x_wconf 80' lang='grc' dir='ltr'><strong>ἐξ</strong></span> <span class='ocrx_word' id='word_1_164' title='bbox 650 2139 816 2216; x_wconf 76' lang='grc' dir='ltr'>ἀρχῆς</span> <span class='ocrx_word' id='word_1_165' title='bbox 843 2138 1276 2213; x_wconf 87' lang='grc' dir='ltr'>κατεστησάμην.</span> <span class='ocrx_word' id='word_1_166' title='bbox 1362 2138 1484 2215; x_wconf 69' lang='lat'>(152)</span> <span class='ocrx_word' id='word_1_167' title='bbox 1506 2136 1722 2197; x_wconf 78' lang='grc' dir='ltr'>Τούτων</span> 
     </span>
     <span class='ocr_line' id='line_1_22' title="bbox 71 2222 1723 2306; baseline -0.002 -21"><span class='ocrx_word' id='word_1_168' title='bbox 71 2252 126 2290; x_wconf 78' lang='lat'><strong>2⁰</strong></span> <span class='ocrx_word' id='word_1_169' title='bbox 155 2224 256 2303; x_wconf 79' lang='grc' dir='ltr'><strong>μὲν</strong></span> <span class='ocrx_word' id='word_1_170' title='bbox 285 2226 440 2283; x_wconf 80' lang='grc' dir='ltr'>ἕνεκα</span> <span class='ocrx_word' id='word_1_171' title='bbox 471 2228 652 2283; x_wconf 76' lang='grc' dir='ltr'>τοῦτον</span> <span class='ocrx_word' id='word_1_172' title='bbox 675 2223 762 2282; x_wconf 82' lang='grc' dir='ltr'><strong>τὸν</strong></span> <span class='ocrx_word' id='word_1_173' title='bbox 791 2222 980 2305; x_wconf 88' lang='grc' dir='ltr'>τρόπον</span> <span class='ocrx_word' id='word_1_174' title='bbox 1023 2228 1117 2295; x_wconf 79' lang='grc' dir='ltr'><strong>ζῆν</strong></span> <span class='ocrx_word' id='word_1_175' title='bbox 1147 2222 1468 2306; x_wconf 82' lang='grc' dir='ltr'>προειλόμην</span> <span class='ocrx_word' id='word_1_176' title='bbox 1486 2248 1500 2260; x_wconf 92' lang='grc'><em>·</em></span> <span class='ocrx_word' id='word_1_177' title='bbox 1532 2226 1636 2283; x_wconf 88' lang='grc' dir='ltr'><strong>τῶν</strong></span> <span class='ocrx_word' id='word_1_178' title='bbox 1669 2223 1723 2283; x_wconf 80' lang='grc' dir='ltr'><strong>δὲ</strong></span> 
     </span>
     <span class='ocr_line' id='line_1_23' title="bbox 155 2310 1724 2392; baseline -0.003 -19"><span class='ocrx_word' id='word_1_179' title='bbox 155 2314 457 2392; x_wconf 82' lang='grc' dir='ltr'>λημμάτων</span> <span class='ocrx_word' id='word_1_180' title='bbox 507 2314 612 2370; x_wconf 90' lang='grc' dir='ltr'><strong>τῶν</strong></span> <span class='ocrx_word' id='word_1_181' title='bbox 642 2311 789 2390; x_wconf 72' lang='grc' dir='ltr'>παρὰ</span> <span class='ocrx_word' id='word_1_182' title='bbox 821 2317 914 2385; x_wconf 70' lang='grc' dir='ltr'><strong>τῆς</strong></span> <span class='ocrx_word' id='word_1_183' title='bbox 941 2310 1141 2379; x_wconf 88' lang='grc' dir='ltr'>πόλεως</span> <span class='ocrx_word' id='word_1_184' title='bbox 1183 2311 1514 2391; x_wconf 74' lang='grc' dir='ltr'>ἀπεσχόμην,</span> <span class='ocrx_word' id='word_1_185' title='bbox 1561 2310 1724 2370; x_wconf 78' lang='grc' dir='ltr'>δεινὸν</span> 
     </span>
     <span class='ocr_line' id='line_1_24' title="bbox 155 2400 1722 2482; baseline -0.002 -20"><span class='ocrx_word' id='word_1_186' title='bbox 155 2400 495 2481; x_wconf 77' lang='grc' dir='ltr'>ἡγησάμενος</span> <span class='ocrx_word' id='word_1_187' title='bbox 533 2403 580 2459; x_wconf 84' lang='grc' dir='ltr'><strong>εἰ</strong></span> <span class='ocrx_word' id='word_1_188' title='bbox 604 2400 884 2476; x_wconf 86' lang='grc' dir='ltr'>δυνάμενος</span> <span class='ocrx_word' id='word_1_189' title='bbox 910 2402 971 2459; x_wconf 80' lang='grc' dir='ltr'>ἐκ</span> <span class='ocrx_word' id='word_1_190' title='bbox 995 2405 1098 2459; x_wconf 91' lang='grc' dir='ltr'><strong>τῶν</strong></span> <span class='ocrx_word' id='word_1_191' title='bbox 1147 2401 1288 2460; x_wconf 83' lang='grc' dir='ltr'>ἰδίων</span> <span class='ocrx_word' id='word_1_192' title='bbox 1324 2400 1527 2482; x_wconf 78' lang='grc' dir='ltr'>τρέφειν</span> <span class='ocrx_word' id='word_1_193' title='bbox 1560 2403 1722 2479; x_wconf 79' lang='grc' dir='ltr'>ἐμαυ·</span> 
     </span>
     <span class='ocr_line' id='line_1_25' title="bbox 155 2487 1726 2569; baseline -0.002 -20"><span class='ocrx_word' id='word_1_194' title='bbox 155 2490 248 2549; x_wconf 81' lang='grc' dir='ltr'><strong>τὸν</strong></span> <span class='ocrx_word' id='word_1_195' title='bbox 277 2487 525 2568; x_wconf 80' lang='grc' dir='ltr'>ἐμποδών</span> <span class='ocrx_word' id='word_1_196' title='bbox 553 2512 630 2569; x_wconf 85' lang='grc' dir='ltr'><strong>τῳ</strong></span> <span class='ocrx_word' id='word_1_197' title='bbox 654 2487 943 2564; x_wconf 78' lang='grc' dir='ltr'>γενήσομαι</span> <span class='ocrx_word' id='word_1_198' title='bbox 973 2493 1076 2547; x_wconf 86' lang='grc' dir='ltr'><strong>τῶν</strong></span> <span class='ocrx_word' id='word_1_199' title='bbox 1104 2491 1334 2547; x_wconf 77' lang='grc' dir='ltr'>ἐντεῦθεν</span> <span class='ocrx_word' id='word_1_200' title='bbox 1372 2492 1463 2569; x_wconf 83' lang='grc' dir='ltr'><strong>ζῇν</strong></span> <span class='ocrx_word' id='word_1_201' title='bbox 1491 2492 1726 2568; x_wconf 83' lang='grc' dir='ltr'>ἠναγκα-</span> 
     </span>
     <span class='ocr_line' id='line_1_26' title="bbox 159 2574 1728 2658; baseline -0.003 -19"><span class='ocrx_word' id='word_1_202' title='bbox 159 2579 368 2658; x_wconf 80' lang='grc' dir='ltr'>σμένων</span> <span class='ocrx_word' id='word_1_203' title='bbox 408 2575 592 2636; x_wconf 77' lang='grc' dir='ltr'>λαὸεἷν</span> <span class='ocrx_word' id='word_1_204' title='bbox 615 2576 677 2635; x_wconf 83' lang='grc' dir='ltr'><strong>τὸ</strong></span> <span class='ocrx_word' id='word_1_205' title='bbox 706 2575 971 2654; x_wconf 86' lang='grc' dir='ltr'>διδόμενον</span> <span class='ocrx_word' id='word_1_206' title='bbox 1007 2576 1110 2636; x_wconf 76' lang='grc' dir='ltr'><strong>ὑπὸ</strong></span> <span class='ocrx_word' id='word_1_207' title='bbox 1139 2582 1231 2649; x_wconf 79' lang='grc' dir='ltr'><strong>τῆς</strong></span> <span class='ocrx_word' id='word_1_208' title='bbox 1257 2576 1459 2651; x_wconf 69' lang='grc' dir='ltr'>πόλεως</span> <span class='ocrx_word' id='word_1_209' title='bbox 1480 2623 1497 2652; x_wconf 84' lang='grc'>,</span> <span class='ocrx_word' id='word_1_210' title='bbox 1525 2576 1616 2637; x_wconf 72' lang='grc' dir='ltr'><strong>καὶ</strong></span> <span class='ocrx_word' id='word_1_211' title='bbox 1643 2574 1728 2635; x_wconf 79' lang='grc' dir='ltr'><strong>διὰ</strong></span> 
     </span>
     <span class='ocr_line' id='line_1_27' title="bbox 83 2664 1729 2747; baseline -0.003 -20"><span class='ocrx_word' id='word_1_212' title='bbox 83 2690 136 2727; x_wconf 76' lang='lat'><strong>25</strong></span> <span class='ocrx_word' id='word_1_213' title='bbox 157 2666 256 2739; x_wconf 79' lang='grc' dir='ltr'><strong>τὴν</strong></span> <span class='ocrx_word' id='word_1_214' title='bbox 293 2666 430 2745; x_wconf 77' lang='grc' dir='ltr'>ἐμὴν</span> <span class='ocrx_word' id='word_1_215' title='bbox 461 2664 754 2747; x_wconf 80' lang='grc' dir='ltr'>παρουσίαν</span> <span class='ocrx_word' id='word_1_216' title='bbox 797 2665 973 2738; x_wconf 79' lang='grc' dir='ltr'>ἐνδεής</span> <span class='ocrx_word' id='word_1_217' title='bbox 1017 2688 1095 2733; x_wconf 89' lang='grc' dir='ltr'><strong>τις</strong></span> <span class='ocrx_word' id='word_1_218' title='bbox 1137 2664 1412 2745; x_wconf 83' lang='grc' dir='ltr'>γενήσεται</span> <span class='ocrx_word' id='word_1_219' title='bbox 1447 2668 1549 2723; x_wconf 86' lang='grc' dir='ltr'><strong>τῶν</strong></span> <span class='ocrx_word' id='word_1_220' title='bbox 1579 2667 1729 2742; x_wconf 84' lang='grc' dir='ltr'>ἀναγ-</span> 
     </span>
     <span class='ocr_line' id='line_1_28' title="bbox 157 2745 1727 2835; baseline -0.003 -20"><span class='ocrx_word' id='word_1_221' title='bbox 157 2756 350 2816; x_wconf 87' lang='grc' dir='ltr'>καίων.</span> <span class='ocrx_word' id='word_1_222' title='bbox 432 2752 607 2835; x_wconf 68' lang='grc' dir='ltr'><strong>ςΥπὲρ</strong></span> <span class='ocrx_word' id='word_1_223' title='bbox 630 2745 701 2813; x_wconf 71' lang='grc' dir='ltr'><strong>ῶν</strong></span> <span class='ocrx_word' id='word_1_224' title='bbox 731 2754 945 2813; x_wconf 77' lang='grc' dir='ltr'>ἐπαίνου</span> <span class='ocrx_word' id='word_1_225' title='bbox 971 2755 1245 2834; x_wconf 80' lang='grc' dir='ltr'>τυγχάνειν</span> <span class='ocrx_word' id='word_1_226' title='bbox 1274 2754 1410 2823; x_wconf 81' lang='grc' dir='ltr'>ἄξιος</span> <span class='ocrx_word' id='word_1_227' title='bbox 1434 2746 1498 2826; x_wconf 67' lang='grc' dir='ltr'><strong>ἦν</strong></span> <span class='ocrx_word' id='word_1_228' title='bbox 1529 2756 1727 2832; x_wconf 75' lang='grc' dir='ltr'>μᾶλλον</span> 
     </span>
     <span class='ocr_line' id='line_1_29' title="bbox 159 2842 1728 2925; baseline -0.002 -21"><span class='ocrx_word' id='word_1_229' title='bbox 159 2845 196 2917; x_wconf 78' lang='grc' dir='ltr'>ἢ</span> <span class='ocrx_word' id='word_1_230' title='bbox 222 2844 494 2915; x_wconf 77' lang='grc' dir='ltr'>διαὸολῆς.</span> <span class='ocrx_word' id='word_1_231' title='bbox 581 2842 704 2919; x_wconf 81' lang='lat'><strong>(153)</strong></span> <span class='ocrx_word' id='word_1_232' title='bbox 730 2846 840 2904; x_wconf 77' lang='grc' dir='ltr'><strong>Νῦν</strong></span> <span class='ocrx_word' id='word_1_233' title='bbox 866 2845 914 2901; x_wconf 90' lang='grc' dir='ltr'><strong>δ’</strong></span> <span class='ocrx_word' id='word_1_234' title='bbox 955 2845 1026 2911; x_wconf 77' lang='grc' dir='ltr'><strong>εἰς</strong></span> <span class='ocrx_word' id='word_1_235' title='bbox 1051 2842 1249 2915; x_wconf 84' lang='grc' dir='ltr'>πολλὴν</span> <span class='ocrx_word' id='word_1_236' title='bbox 1287 2842 1508 2925; x_wconf 80' lang='grc' dir='ltr'>ἀπορίαν</span> <span class='ocrx_word' id='word_1_237' title='bbox 1559 2842 1728 2901; x_wconf 82' lang='grc' dir='ltr'>καθέ-</span> 
     </span>
     <span class='ocr_line' id='line_1_30' title="bbox 163 2929 1730 3013; baseline -0.003 -20"><span class='ocrx_word' id='word_1_238' title='bbox 163 2958 366 3007; x_wconf 82' lang='grc' dir='ltr'>στηκα,</span> <span class='ocrx_word' id='word_1_239' title='bbox 393 2932 446 2991; x_wconf 88' lang='grc' dir='ltr'><strong>τί</strong></span> <span class='ocrx_word' id='word_1_240' title='bbox 471 2933 605 3013; x_wconf 88' lang='grc' dir='ltr'>δρῶν</span> <span class='ocrx_word' id='word_1_241' title='bbox 635 2930 820 3013; x_wconf 79' lang='grc' dir='ltr'>ἀρέσαι</span> <span class='ocrx_word' id='word_1_242' title='bbox 847 2931 1118 3006; x_wconf 85' lang='grc' dir='ltr'>δυνηθείην</span> <span class='ocrx_word' id='word_1_243' title='bbox 1151 2932 1213 2997; x_wconf 76' lang='grc' dir='ltr'><strong>ἂν</strong></span> <span class='ocrx_word' id='word_1_244' title='bbox 1239 2939 1346 3000; x_wconf 86' lang='grc' dir='ltr'>τοῖς</span> <span class='ocrx_word' id='word_1_245' title='bbox 1362 2929 1624 2999; x_wconf 86' lang='grc' dir='ltr'>τοιούτοις.</span> <span class='ocrx_word' id='word_1_246' title='bbox 1663 2934 1730 2992; x_wconf 83' lang='grc' dir='ltr'><strong>Εἰ</strong></span> 
     </span>
     <span class='ocr_line' id='line_1_31' title="bbox 159 3018 1729 3103; baseline -0.001 -22"><span class='ocrx_word' id='word_1_247' title='bbox 159 3022 264 3103; x_wconf 70' lang='grc' dir='ltr'><strong>γὰρ</strong></span> <span class='ocrx_word' id='word_1_248' title='bbox 286 3021 498 3081; x_wconf 75' lang='grc' dir='ltr'>ἅπαντα</span> <span class='ocrx_word' id='word_1_249' title='bbox 526 3020 614 3079; x_wconf 77' lang='grc' dir='ltr'><strong>τὸν</strong></span> <span class='ocrx_word' id='word_1_250' title='bbox 641 3020 825 3101; x_wconf 85' lang='grc' dir='ltr'>χρόνον</span> <span class='ocrx_word' id='word_1_251' title='bbox 856 3020 1002 3101; x_wconf 87' lang='grc' dir='ltr'>ἔργον</span> <span class='ocrx_word' id='word_1_252' title='bbox 1030 3020 1336 3099; x_wconf 79' lang='grc' dir='ltr'>ποιούμενος</span> <span class='ocrx_word' id='word_1_253' title='bbox 1364 3019 1502 3088; x_wconf 81' lang='grc' dir='ltr'>ὅπως</span> <span class='ocrx_word' id='word_1_254' title='bbox 1531 3018 1729 3098; x_wconf 80' lang='grc' dir='ltr'>μηδένα</span> 
     </span>
     <span class='ocr_line' id='line_1_32' title="bbox 84 3108 1731 3190; baseline -0.002 -21"><span class='ocrx_word' id='word_1_255' title='bbox 84 3139 138 3178; x_wconf 68' lang='grc' dir='ltr'>ω</span> <span class='ocrx_word' id='word_1_256' title='bbox 165 3110 290 3189; x_wconf 72' lang='grc' dir='ltr'>μήτ’</span> <span class='ocrx_word' id='word_1_257' title='bbox 323 3110 560 3182; x_wconf 76' lang='grc' dir='ltr'>ἀδικήσω</span> <span class='ocrx_word' id='word_1_258' title='bbox 589 3108 715 3187; x_wconf 84' lang='grc' dir='ltr'>μήτ’</span> <span class='ocrx_word' id='word_1_259' title='bbox 747 3109 1018 3190; x_wconf 79' lang='grc' dir='ltr'>ἐνοχλήσω</span> <span class='ocrx_word' id='word_1_260' title='bbox 1042 3109 1176 3185; x_wconf 71' lang='grc' dir='ltr'>μήτε</span> <span class='ocrx_word' id='word_1_261' title='bbox 1204 3109 1457 3182; x_wconf 77' lang='grc' dir='ltr'>λυπήσω,</span> <span class='ocrx_word' id='word_1_262' title='bbox 1497 3112 1563 3168; x_wconf 88' lang='grc' dir='ltr'><strong>δι’</strong></span> <span class='ocrx_word' id='word_1_263' title='bbox 1595 3108 1731 3167; x_wconf 74' lang='grc' dir='ltr'>αὐτὰ</span> 
     </span>
     <span class='ocr_line' id='line_1_33' title="bbox 163 3195 1730 3278; baseline -0.002 -20"><span class='ocrx_word' id='word_1_264' title='bbox 163 3206 336 3258; x_wconf 79' lang='grc' dir='ltr'>ταῦτα</span> <span class='ocrx_word' id='word_1_265' title='bbox 367 3200 520 3257; x_wconf 90' lang='grc' dir='ltr'>λυπῶ</span> <span class='ocrx_word' id='word_1_266' title='bbox 546 3220 718 3271; x_wconf 89' lang='grc' dir='ltr'>τινας,</span> <span class='ocrx_word' id='word_1_267' title='bbox 747 3198 800 3257; x_wconf 88' lang='grc' dir='ltr'><strong>τί</strong></span> <span class='ocrx_word' id='word_1_268' title='bbox 823 3202 984 3256; x_wconf 85' lang='grc' dir='ltr'>ποιῶν</span> <span class='ocrx_word' id='word_1_269' title='bbox 1015 3196 1078 3255; x_wconf 78' lang='grc' dir='ltr'><strong>ἂν</strong></span> <span class='ocrx_word' id='word_1_270' title='bbox 1100 3197 1439 3278; x_wconf 73' lang='grc' dir='ltr'>χαριζοίμην,</span> <span class='ocrx_word' id='word_1_271' title='bbox 1467 3196 1502 3269; x_wconf 85' lang='grc' dir='ltr'>ἢ</span> <span class='ocrx_word' id='word_1_272' title='bbox 1530 3195 1581 3256; x_wconf 91' lang='grc' dir='ltr'><strong>τί</strong></span> <span class='ocrx_word' id='word_1_273' title='bbox 1607 3198 1730 3255; x_wconf 91' lang='grc' dir='ltr'>λοι-</span> 
     </span>
     <span class='ocr_line' id='line_1_34' title="bbox 162 3282 1728 3367; baseline -0.003 -20"><span class='ocrx_word' id='word_1_274' title='bbox 162 3288 266 3347; x_wconf 85' lang='grc' dir='ltr'><strong>πόν</strong></span> <span class='ocrx_word' id='word_1_275' title='bbox 290 3290 403 3347; x_wconf 78' lang='grc' dir='ltr'>ἔστι</span> <span class='ocrx_word' id='word_1_276' title='bbox 417 3284 556 3358; x_wconf 79' lang='grc' dir='ltr'>πλὴν</span> <span class='ocrx_word' id='word_1_277' title='bbox 587 3282 680 3363; x_wconf 80' lang='grc' dir='ltr'>ἐμὲ</span> <span class='ocrx_word' id='word_1_278' title='bbox 706 3282 800 3363; x_wconf 81' lang='grc' dir='ltr'><strong>μὲν</strong></span> <span class='ocrx_word' id='word_1_279' title='bbox 828 3289 1032 3367; x_wconf 79' lang='grc' dir='ltr'>ἀτυχῆ,</span> <span class='ocrx_word' id='word_1_280' title='bbox 1061 3287 1180 3355; x_wconf 81' lang='grc' dir='ltr'>τοὺς</span> <span class='ocrx_word' id='word_1_281' title='bbox 1208 3284 1264 3345; x_wconf 84' lang='grc' dir='ltr'><strong>δὲ</strong></span> <span class='ocrx_word' id='word_1_282' title='bbox 1301 3286 1561 3353; x_wconf 88' lang='grc' dir='ltr'>τοιούτους</span> <span class='ocrx_word' id='word_1_283' title='bbox 1590 3287 1728 3362; x_wconf 88' lang='grc' dir='ltr'>ἀμα-</span> 
     </span>
     <span class='ocr_line' id='line_1_35' title="bbox 165 3367 1731 3451; baseline -0.001 -18"><span class='ocrx_word' id='word_1_284' title='bbox 165 3379 270 3442; x_wconf 85' lang='grc' dir='ltr'>Θεῖς</span> <span class='ocrx_word' id='word_1_285' title='bbox 299 3375 471 3433; x_wconf 83' lang='grc' dir='ltr'>δοκεῖν</span> <span class='ocrx_word' id='word_1_286' title='bbox 519 3367 650 3433; x_wconf 72' lang='grc' dir='ltr'>εἶναι</span> <span class='ocrx_word' id='word_1_287' title='bbox 695 3372 787 3433; x_wconf 73' lang='grc' dir='ltr'><strong>καὶ</strong></span> <span class='ocrx_word' id='word_1_288' title='bbox 821 3374 1101 3440; x_wconf 84' lang='grc' dir='ltr'>δυσκόλους</span> <span class='ocrx_word' id='word_1_289' title='bbox 1139 3381 1244 3440; x_wconf 86' lang='grc' dir='ltr'>τοῖς</span> <span class='ocrx_word' id='word_1_290' title='bbox 1287 3374 1731 3451; x_wconf 86' lang='grc' dir='ltr'>συμπολιτευομέ-</span> 
     </span>
     <span class='ocr_line' id='line_1_36' title="bbox 167 3452 1734 3542; baseline -0.001 -20"><span class='ocrx_word' id='word_1_291' title='bbox 167 3485 304 3542; x_wconf 81' lang='grc' dir='ltr'>νοις;</span> <span class='ocrx_word' id='word_1_292' title='bbox 341 3464 462 3541; x_wconf 71' lang='lat'>(154)</span> <span class='ocrx_word' id='word_1_293' title='bbox 495 3462 637 3542; x_wconf 82' lang='grc' dir='ltr'>Πρὸς</span> <span class='ocrx_word' id='word_1_294' title='bbox 666 3460 760 3540; x_wconf 80' lang='grc' dir='ltr'><strong>μὲν</strong></span> <span class='ocrx_word' id='word_1_295' title='bbox 789 3452 876 3521; x_wconf 72' lang='grc' dir='ltr'><strong>οῧν</strong></span> <span class='ocrx_word' id='word_1_296' title='bbox 920 3461 1036 3529; x_wconf 77' lang='grc' dir='ltr'>τοὺς</span> <span class='ocrx_word' id='word_1_297' title='bbox 1079 3460 1240 3538; x_wconf 84' lang='grc' dir='ltr'>μηδὲν</span> <span class='ocrx_word' id='word_1_298' title='bbox 1285 3466 1390 3520; x_wconf 88' lang='grc' dir='ltr'><strong>τῶν</strong></span> <span class='ocrx_word' id='word_1_299' title='bbox 1430 3464 1600 3521; x_wconf 76' lang='grc' dir='ltr'>αὐτῶν</span> <span class='ocrx_word' id='word_1_300' title='bbox 1629 3466 1734 3530; x_wconf 85' lang='grc' dir='ltr'>τοῖς</span> 
     </span>
     <span class='ocr_line' id='line_1_37' title="bbox 87 3548 1735 3631; baseline -0.001 -19"><span class='ocrx_word' id='word_1_301' title='bbox 87 3574 140 3612; x_wconf 74' lang='lat'><strong>35</strong></span> <span class='ocrx_word' id='word_1_302' title='bbox 164 3550 346 3618; x_wconf 78' lang='grc' dir='ltr'>ἄλλοις</span> <span class='ocrx_word' id='word_1_303' title='bbox 387 3548 796 3630; x_wconf 79' lang='grc' dir='ltr'>γιγνώσκοντας,</span> <span class='ocrx_word' id='word_1_304' title='bbox 822 3549 975 3610; x_wconf 78' lang='grc' dir='ltr'>ἀλλὰ.</span> <span class='ocrx_word' id='word_1_305' title='bbox 995 3548 1393 3631; x_wconf 80' lang='grc' dir='ltr'>χαλεπωτέρους</span> <span class='ocrx_word' id='word_1_306' title='bbox 1442 3550 1593 3617; x_wconf 82' lang='grc' dir='ltr'>ὄντας</span> <span class='ocrx_word' id='word_1_307' title='bbox 1630 3555 1735 3618; x_wconf 85' lang='grc' dir='ltr'>τοῖς</span> 
     </span>
     <span class='ocr_line' id='line_1_38' title="bbox 165 3637 1734 3721; baseline 0.001 -24"><span class='ocrx_word' id='word_1_308' title='bbox 165 3639 244 3717; x_wconf 81' lang='grc' dir='ltr'>μὴ</span> <span class='ocrx_word' id='word_1_309' title='bbox 291 3642 468 3707; x_wconf 86' lang='grc' dir='ltr'>κακῶς</span> <span class='ocrx_word' id='word_1_310' title='bbox 495 3637 810 3721; x_wconf 83' lang='grc' dir='ltr'>πράττουσιν</span> <span class='ocrx_word' id='word_1_311' title='bbox 847 3638 881 3710; x_wconf 80' lang='grc' dir='ltr'>ἢ</span> <span class='ocrx_word' id='word_1_312' title='bbox 919 3643 1028 3706; x_wconf 83' lang='grc' dir='ltr'>τοῖς</span> <span class='ocrx_word' id='word_1_313' title='bbox 1072 3640 1336 3710; x_wconf 79' lang='grc' dir='ltr'>ἀδικοῦσι,</span> <span class='ocrx_word' id='word_1_314' title='bbox 1379 3637 1552 3719; x_wconf 88' lang='grc' dir='ltr'>μωρόν</span> <span class='ocrx_word' id='word_1_315' title='bbox 1595 3642 1734 3699; x_wconf 78' lang='grc' dir='ltr'>ἐστιν</span> 
     </span>
     <span class='ocr_line' id='line_1_39' title="bbox 159 3726 1733 3809; baseline 0.001 -24"><span class='ocrx_word' id='word_1_316' title='bbox 159 3726 453 3803; x_wconf 85' lang='grc' dir='ltr'>ἀπολογίαν</span> <span class='ocrx_word' id='word_1_317' title='bbox 479 3730 650 3801; x_wconf 82' lang='grc' dir='ltr'>ζητεῖν</span> <span class='ocrx_word' id='word_1_318' title='bbox 666 3750 678 3762; x_wconf 92' lang='grc'><em>·</em></span> <span class='ocrx_word' id='word_1_319' title='bbox 704 3727 811 3809; x_wconf 79' lang='grc' dir='ltr'>ὅσῳ</span> <span class='ocrx_word' id='word_1_320' title='bbox 851 3726 952 3807; x_wconf 78' lang='grc' dir='ltr'><strong>γὰρ</strong></span> <span class='ocrx_word' id='word_1_321' title='bbox 983 3726 1045 3785; x_wconf 78' lang='grc' dir='ltr'><strong>ἄν</strong></span> <span class='ocrx_word' id='word_1_322' title='bbox 1082 3751 1159 3794; x_wconf 87' lang='grc' dir='ltr'><strong>τις</strong></span> <span class='ocrx_word' id='word_1_323' title='bbox 1182 3726 1556 3807; x_wconf 78' lang='grc' dir='ltr'>ἐπιεικέστερον</span> <span class='ocrx_word' id='word_1_324' title='bbox 1581 3728 1733 3788; x_wconf 81' lang='grc' dir='ltr'>αὑτὸν</span> 
     </span>
     <span class='ocr_line' id='line_1_40' title="bbox 159 3813 1736 3897; baseline 0.001 -22"><span class='ocrx_word' id='word_1_325' title='bbox 159 3814 396 3896; x_wconf 80' lang='grc' dir='ltr'>ἐπιδείξῃ</span> <span class='ocrx_word' id='word_1_326' title='bbox 415 3859 432 3887; x_wconf 93' lang='grc'>,</span> <span class='ocrx_word' id='word_1_327' title='bbox 448 3817 602 3887; x_wconf 77' lang='grc' dir='ltr'>δῆλον</span> <span class='ocrx_word' id='word_1_328' title='bbox 624 3813 702 3874; x_wconf 77' lang='grc' dir='ltr'><strong>ὅτι</strong></span> <span class='ocrx_word' id='word_1_329' title='bbox 728 3816 962 3897; x_wconf 84' lang='grc' dir='ltr'>τοσούτῳ</span> <span class='ocrx_word' id='word_1_330' title='bbox 983 3824 1156 3896; x_wconf 86' lang='grc' dir='ltr'>χεῖρον</span> <span class='ocrx_word' id='word_1_331' title='bbox 1179 3818 1477 3895; x_wconf 85' lang='grc' dir='ltr'>ἀγωνιεῖται</span> <span class='ocrx_word' id='word_1_332' title='bbox 1498 3817 1625 3893; x_wconf 90' lang='grc' dir='ltr'>παρ’</span> <span class='ocrx_word' id='word_1_333' title='bbox 1650 3819 1736 3876; x_wconf 81' lang='grc' dir='ltr'><strong>αὖ·</strong></span> 
     </span>
     <span class='ocr_line' id='line_1_41' title="bbox 157 3896 1735 3986; baseline -0.001 -22"><span class='ocrx_word' id='word_1_334' title='bbox 157 3912 267 3972; x_wconf 84' lang='grc' dir='ltr'>τοῖς</span> <span class='ocrx_word' id='word_1_335' title='bbox 283 3928 298 3941; x_wconf 91' lang='grc'><em>·</em></span> <span class='ocrx_word' id='word_1_336' title='bbox 323 3904 452 3985; x_wconf 79' lang='grc' dir='ltr'>πρὸς</span> <span class='ocrx_word' id='word_1_337' title='bbox 467 3903 520 3963; x_wconf 81' lang='grc' dir='ltr'><strong>δὲ</strong></span> <span class='ocrx_word' id='word_1_338' title='bbox 535 3903 654 3972; x_wconf 76' lang='grc' dir='ltr'>τοὺς</span> <span class='ocrx_word' id='word_1_339' title='bbox 679 3904 887 3981; x_wconf 80' lang='grc' dir='ltr'>ἄλλους,</span> <span class='ocrx_word' id='word_1_340' title='bbox 918 3904 1039 3986; x_wconf 82' lang='grc' dir='ltr'>περὶ</span> <span class='ocrx_word' id='word_1_341' title='bbox 1061 3896 1133 3963; x_wconf 73' lang='grc' dir='ltr'><strong>ὧν</strong></span> <span class='ocrx_word' id='word_1_342' title='bbox 1149 3904 1459 3983; x_wconf 86' lang='grc' dir='ltr'>Λυσίμαχος</span> <span class='ocrx_word' id='word_1_343' title='bbox 1477 3903 1735 3979; x_wconf 75' lang='grc' dir='ltr'>διέὸαλεν,</span> 
     </span>
     <span class='ocr_line' id='line_1_42' title="bbox 89 3992 1738 4071; baseline 0.002 -21"><span class='ocrx_word' id='word_1_344' title='bbox 89 4010 143 4050; x_wconf 65' lang='lat' dir='ltr'><strong>io</strong></span> <span class='ocrx_word' id='word_1_345' title='bbox 162 3994 543 4069; x_wconf 78' lang='grc' dir='ltr'>ὣςπαμπληθῆ</span> <span class='ocrx_word' id='word_1_346' title='bbox 558 3993 853 4068; x_wconf 77' lang='grc' dir='ltr'>κεκτήμεθα</span> <span class='ocrx_word' id='word_1_347' title='bbox 870 3992 964 4063; x_wconf 82' lang='grc' dir='ltr'><strong>τὴν</strong></span> <span class='ocrx_word' id='word_1_348' title='bbox 979 3992 1180 4071; x_wconf 79' lang='grc' dir='ltr'>οὐσίαν,</span> <span class='ocrx_word' id='word_1_349' title='bbox 1197 3994 1483 4071; x_wconf 85' lang='grc' dir='ltr'>ἀναγκαῖόν</span> <span class='ocrx_word' id='word_1_350' title='bbox 1496 3994 1634 4051; x_wconf 81' lang='grc' dir='ltr'>ἐστιν</span> <span class='ocrx_word' id='word_1_351' title='bbox 1660 3996 1738 4053; x_wconf 79' lang='grc' dir='ltr'><strong>εἰ·</strong></span> 
     </span>
     <span class='ocr_line' id='line_1_43' title="bbox 167 4080 1739 4160; baseline 0.001 -21"><span class='ocrx_word' id='word_1_352' title='bbox 167 4085 305 4154; x_wconf 85' lang='grc' dir='ltr'>πεῖν,</span> <span class='ocrx_word' id='word_1_353' title='bbox 327 4080 417 4139; x_wconf 74' lang='grc' dir='ltr'><strong>ἵνα</strong></span> <span class='ocrx_word' id='word_1_354' title='bbox 443 4080 517 4158; x_wconf 81' lang='grc' dir='ltr'>μὴ</span> <span class='ocrx_word' id='word_1_355' title='bbox 542 4081 828 4149; x_wconf 80' lang='grc' dir='ltr'>πιστευθεὶς</span> <span class='ocrx_word' id='word_1_356' title='bbox 854 4086 882 4141; x_wconf 99' lang='lat'><em>6</em></span> <span class='ocrx_word' id='word_1_357' title='bbox 903 4084 936 4140; x_wconf 93' lang='grc' dir='ltr'>λ</span> <span class='ocrx_word' id='word_1_358' title='bbox 952 4080 966 4104; x_wconf 86' lang='grc'><em>’</em></span> <span class='ocrx_word' id='word_1_359' title='bbox 1000 4105 1055 4149; x_wconf 91' lang='grc' dir='ltr'><strong>ος</strong></span> <span class='ocrx_word' id='word_1_360' title='bbox 1085 4084 1156 4149; x_wconf 77' lang='grc' dir='ltr'><strong>εἷς</strong></span> <span class='ocrx_word' id='word_1_361' title='bbox 1194 4080 1396 4160; x_wconf 82' lang='grc' dir='ltr'>μείζους</span> <span class='ocrx_word' id='word_1_362' title='bbox 1418 4082 1504 4140; x_wconf 80' lang='grc' dir='ltr'><strong>καὶ</strong></span> <span class='ocrx_word' id='word_1_363' title='bbox 1533 4083 1739 4150; x_wconf 88' lang='grc' dir='ltr'>πλείους</span> 
     </span>
     <span class='ocr_line' id='line_1_44' title="bbox 168 4106 1737 4251; baseline 0.001 -24"><span class='ocrx_word' id='word_1_364' title='bbox 168 4175 314 4248; x_wconf 73' lang='grc' dir='ltr'>ἡμᾶς</span> <span class='ocrx_word' id='word_1_365' title='bbox 367 4167 577 4248; x_wconf 77' lang='grc' dir='ltr'>ἐμὸάλῃ</span> <span class='ocrx_word' id='word_1_366' title='bbox 618 4106 1038 4251; x_wconf 54' lang='grc' dir='ltr'>λειτουργίαςοέν</span> <span class='ocrx_word' id='word_1_367' title='bbox 1088 4174 1385 4248; x_wconf 75' lang='grc' dir='ltr'>ὑπενεγκεῖν</span> <span class='ocrx_word' id='word_1_368' title='bbox 1415 4168 1476 4229; x_wconf 74' lang='grc' dir='ltr'><strong>ἂν</strong></span> <span class='ocrx_word' id='word_1_369' title='bbox 1502 4172 1737 4243; x_wconf 86' lang='grc' dir='ltr'>δυνηθεῖ-</span> 
     </span>
     <span class='ocr_line' id='line_1_45' title="bbox 169 4249 1739 4340; baseline 0 -23"><span class='ocrx_word' id='word_1_370' title='bbox 169 4282 286 4336; x_wconf 81' lang='grc' dir='ltr'>μεν.</span> <span class='ocrx_word' id='word_1_371' title='bbox 373 4252 500 4338; x_wconf 67' lang='grc'>(151»)</span> <span class='ocrx_word' id='word_1_372' title='bbox 523 4256 704 4325; x_wconf 72' lang='grc' dir='ltr'>”Ολως</span> <span class='ocrx_word' id='word_1_373' title='bbox 725 4258 820 4336; x_wconf 86' lang='grc' dir='ltr'><strong>μὲν</strong></span> <span class='ocrx_word' id='word_1_374' title='bbox 841 4249 928 4317; x_wconf 62' lang='grc' dir='ltr'><strong>οὖν</strong></span> <span class='ocrx_word' id='word_1_375' title='bbox 952 4260 1114 4326; x_wconf 76' lang='grc' dir='ltr'>οὐδεὶς</span> <span class='ocrx_word' id='word_1_376' title='bbox 1147 4259 1477 4340; x_wconf 78' lang='grc' dir='ltr'>εὑρεθήσεται</span> <span class='ocrx_word' id='word_1_377' title='bbox 1499 4263 1600 4318; x_wconf 88' lang='grc' dir='ltr'><strong>τῶν</strong></span> <span class='ocrx_word' id='word_1_378' title='bbox 1642 4284 1739 4318; x_wconf 88' lang='grc' dir='ltr'><strong>κα-</strong></span> 
     </span>
     <span class='ocr_line' id='line_1_46' title="bbox 167 4346 1737 4428; baseline 0.001 -21"><span class='ocrx_word' id='word_1_379' title='bbox 167 4346 438 4427; x_wconf 76' lang='grc' dir='ltr'>λουμένων</span> <span class='ocrx_word' id='word_1_380' title='bbox 494 4350 752 4427; x_wconf 77' lang='grc' dir='ltr'>σοφιστῶν</span> <span class='ocrx_word' id='word_1_381' title='bbox 797 4346 970 4407; x_wconf 85' lang='grc' dir='ltr'>πολλὰ</span> <span class='ocrx_word' id='word_1_382' title='bbox 1024 4348 1277 4428; x_wconf 80' lang='grc' dir='ltr'>χρήματα</span> <span class='ocrx_word' id='word_1_383' title='bbox 1335 4346 1737 4425; x_wconf 82' lang='grc' dir='ltr'>συλλεξάμενος,</span> 
     </span>
     <span class='ocr_line' id='line_1_47' title="bbox 97 4432 1741 4517; baseline -0.001 -20"><span class='ocrx_word' id='word_1_384' title='bbox 97 4457 148 4497; x_wconf 74' lang='lat'><strong>45</strong></span> <span class='ocrx_word' id='word_1_385' title='bbox 170 4436 290 4495; x_wconf 84' lang='grc' dir='ltr'>ἀλλ’</span> <span class='ocrx_word' id='word_1_386' title='bbox 319 4437 368 4494; x_wconf 78' lang='grc' dir='ltr'>οἱ</span> <span class='ocrx_word' id='word_1_387' title='bbox 399 4432 494 4511; x_wconf 81' lang='grc' dir='ltr'><strong>μὲν</strong></span> <span class='ocrx_word' id='word_1_388' title='bbox 519 4436 572 4493; x_wconf 83' lang='grc' dir='ltr'><strong>ἐν</strong></span> <span class='ocrx_word' id='word_1_389' title='bbox 594 4433 821 4515; x_wconf 86' lang='grc' dir='ltr'>ὀλίγοις,</span> <span class='ocrx_word' id='word_1_390' title='bbox 847 4438 894 4494; x_wconf 79' lang='grc' dir='ltr'>οἱ</span> <span class='ocrx_word' id='word_1_391' title='bbox 927 4436 972 4494; x_wconf 85' lang='grc' dir='ltr'><strong>δ’</strong></span> <span class='ocrx_word' id='word_1_392' title='bbox 1003 4438 1056 4495; x_wconf 82' lang='grc' dir='ltr'><strong>ἐν</strong></span> <span class='ocrx_word' id='word_1_393' title='bbox 1084 4436 1222 4495; x_wconf 87' lang='grc' dir='ltr'>πάνυ</span> <span class='ocrx_word' id='word_1_394' title='bbox 1252 4436 1476 4515; x_wconf 85' lang='grc' dir='ltr'>μετρίοις</span> <span class='ocrx_word' id='word_1_395' title='bbox 1508 4438 1594 4496; x_wconf 84' lang='grc' dir='ltr'><strong>τὸν</strong></span> <span class='ocrx_word' id='word_1_396' title='bbox 1631 4437 1741 4517; x_wconf 89' lang='grc' dir='ltr'>βίον</span> 
     </span>
    </p>
   </div>
   <div class='ocr_carea' id='block_1_5' title="bbox 173 4516 1744 4603">
    <p class='ocr_par' dir='ltr' id='par_1_5' title="bbox 173 4516 1744 4603">
     <span class='ocr_line' id='line_1_48' title="bbox 173 4516 1744 4603; baseline 0.001 -21"><span class='ocrx_word' id='word_1_397' title='bbox 173 4522 536 4603; x_wconf 86' lang='grc' dir='ltr'>διαγαγόντες·</span> <span class='ocrx_word' id='word_1_398' title='bbox 580 4526 608 4581; x_wconf 99' lang='lat'><em>6</em></span> <span class='ocrx_word' id='word_1_399' title='bbox 636 4521 690 4581; x_wconf 84' lang='grc' dir='ltr'><strong>δὲ</strong></span> <span class='ocrx_word' id='word_1_400' title='bbox 724 4524 946 4582; x_wconf 85' lang='grc' dir='ltr'>πλεῖστα</span> <span class='ocrx_word' id='word_1_401' title='bbox 970 4524 1296 4602; x_wconf 88' lang='grc' dir='ltr'>κτησάμενος</span> <span class='ocrx_word' id='word_1_402' title='bbox 1323 4516 1396 4583; x_wconf 70' lang='grc' dir='ltr'><strong>ὧν</strong></span> <span class='ocrx_word' id='word_1_403' title='bbox 1425 4528 1576 4601; x_wconf 85' lang='grc' dir='ltr'>ἡμεῖς</span> <span class='ocrx_word' id='word_1_404' title='bbox 1619 4548 1744 4603; x_wconf 87' lang='grc' dir='ltr'>μνη·</span> 
     </span>
    </p>
   </div>
   <div class='ocr_carea' id='block_1_6' title="bbox 99 4604 1743 5048">
    <p class='ocr_par' dir='ltr' id='par_1_6' title="bbox 99 4604 1743 5048">
     <span class='ocr_line' id='line_1_49' title="bbox 175 4604 1741 4694; baseline 0.001 -22"><span class='ocrx_word' id='word_1_405' title='bbox 175 4612 487 4691; x_wconf 86' lang='grc' dir='ltr'>μονεύομεν,</span> <span class='ocrx_word' id='word_1_406' title='bbox 529 4610 750 4693; x_wconf 88' lang='grc' dir='ltr'>Γοργίας</span> <span class='ocrx_word' id='word_1_407' title='bbox 790 4616 818 4671; x_wconf 99' lang='lat'><em>6</em></span> <span class='ocrx_word' id='word_1_408' title='bbox 846 4617 1146 4691; x_wconf 84' lang='grc' dir='ltr'>Λεοντῖνος,</span> <span class='ocrx_word' id='word_1_409' title='bbox 1177 4604 1322 4680; x_wconf 71' lang='grc' dir='ltr'>οὗτος</span> <span class='ocrx_word' id='word_1_410' title='bbox 1354 4612 1626 4694; x_wconf 83' lang='grc' dir='ltr'>διατρίψας</span> <span class='ocrx_word' id='word_1_411' title='bbox 1647 4612 1741 4691; x_wconf 85' lang='grc' dir='ltr'><strong>μὲν</strong></span> 
     </span>
     <span class='ocr_line' id='line_1_50' title="bbox 172 4700 1742 4783; baseline 0.001 -24"><span class='ocrx_word' id='word_1_412' title='bbox 172 4702 296 4783; x_wconf 80' lang='grc' dir='ltr'>περὶ</span> <span class='ocrx_word' id='word_1_413' title='bbox 339 4700 660 4773; x_wconf 82' lang='grc' dir='ltr'>Θετταλίαν,</span> <span class='ocrx_word' id='word_1_414' title='bbox 688 4700 764 4760; x_wconf 79' lang='grc' dir='ltr'><strong>ὅτ’</strong></span> <span class='ocrx_word' id='word_1_415' title='bbox 814 4702 1270 4781; x_wconf 76' lang='grc' dir='ltr'>εὐδαιμονέστατοι</span> <span class='ocrx_word' id='word_1_416' title='bbox 1319 4706 1422 4761; x_wconf 89' lang='grc' dir='ltr'><strong>τῶν</strong></span> <span class='ocrx_word' id='word_1_417' title='bbox 1470 4701 1742 4774; x_wconf 82' lang='grc' dir='ltr'>Ἑλλήνων</span> 
     </span>
     <span class='ocr_line' id='line_1_51' title="bbox 172 4782 1742 4872; baseline 0.001 -23"><span class='ocrx_word' id='word_1_418' title='bbox 172 4782 328 4863; x_wconf 66' lang='grc' dir='ltr'>ἦσαν,</span> <span class='ocrx_word' id='word_1_419' title='bbox 353 4792 602 4849; x_wconf 91' lang='grc' dir='ltr'>πλεῖστον</span> <span class='ocrx_word' id='word_1_420' title='bbox 629 4786 683 4848; x_wconf 80' lang='grc' dir='ltr'><strong>δὲ</strong></span> <span class='ocrx_word' id='word_1_421' title='bbox 711 4788 896 4871; x_wconf 80' lang='grc' dir='ltr'>χρόνον</span> <span class='ocrx_word' id='word_1_422' title='bbox 925 4790 1067 4870; x_wconf 81' lang='grc' dir='ltr'>βιοὺς</span> <span class='ocrx_word' id='word_1_423' title='bbox 1088 4791 1179 4849; x_wconf 79' lang='grc' dir='ltr'><strong>καὶ</strong></span> <span class='ocrx_word' id='word_1_424' title='bbox 1217 4789 1339 4872; x_wconf 79' lang='grc' dir='ltr'>περὶ</span> <span class='ocrx_word' id='word_1_425' title='bbox 1367 4789 1454 4849; x_wconf 80' lang='grc' dir='ltr'><strong>τὸν</strong></span> <span class='ocrx_word' id='word_1_426' title='bbox 1478 4814 1742 4871; x_wconf 83' lang='grc' dir='ltr'>χρηματι·</span> 
     </span>
     <span class='ocr_line' id='line_1_52' title="bbox 99 4876 1742 4959; baseline 0 -21"><span class='ocrx_word' id='word_1_427' title='bbox 99 4902 146 4938; x_wconf 70' lang='lat' dir='ltr'><strong>so</strong></span> <span class='ocrx_word' id='word_1_428' title='bbox 172 4878 306 4954; x_wconf 74' lang='grc' dir='ltr'>σμὸν</span> <span class='ocrx_word' id='word_1_429' title='bbox 325 4883 512 4937; x_wconf 78' lang='grc' dir='ltr'>τοῦτον</span> <span class='ocrx_word' id='word_1_430' title='bbox 539 4876 838 4955; x_wconf 87' lang='grc' dir='ltr'>γενόμενος,</span> <span class='ocrx_word' id='word_1_431' title='bbox 855 4882 971 4959; x_wconf 72' lang='lat' dir='ltr'><strong>(tce)</strong></span> <span class='ocrx_word' id='word_1_432' title='bbox 988 4879 1140 4939; x_wconf 90' lang='grc' dir='ltr'>πόλιν</span> <span class='ocrx_word' id='word_1_433' title='bbox 1161 4880 1206 4938; x_wconf 88' lang='grc' dir='ltr'><strong>δ’</strong></span> <span class='ocrx_word' id='word_1_434' title='bbox 1235 4878 1480 4956; x_wconf 82' lang='grc' dir='ltr'>οὐδεμίαν</span> <span class='ocrx_word' id='word_1_435' title='bbox 1501 4903 1742 4939; x_wconf 89' lang='grc' dir='ltr'>καταπα-</span> 
     </span>
     <span class='ocr_line' id='line_1_53' title="bbox 173 4963 1743 5048; baseline 0.003 -25"><span class='ocrx_word' id='word_1_436' title='bbox 173 4966 296 5043; x_wconf 82' lang='grc' dir='ltr'>γίως</span> <span class='ocrx_word' id='word_1_437' title='bbox 324 4963 546 5036; x_wconf 74' lang='grc' dir='ltr'>οἰκήσας</span> <span class='ocrx_word' id='word_1_438' title='bbox 574 4964 690 5024; x_wconf 81' lang='grc' dir='ltr'>οὐδὲ</span> <span class='ocrx_word' id='word_1_439' title='bbox 717 4964 926 5048; x_wconf 77' lang='grc' dir='ltr'>περὶτὰ</span> <span class='ocrx_word' id='word_1_440' title='bbox 965 4964 1111 5027; x_wconf 77' lang='grc' dir='ltr'>κοινὰ</span> <span class='ocrx_word' id='word_1_441' title='bbox 1139 4967 1453 5039; x_wconf 81' lang='grc' dir='ltr'>δαπανηθεὶς</span> <span class='ocrx_word' id='word_1_442' title='bbox 1485 4966 1591 5027; x_wconf 80' lang='grc' dir='ltr'>οὐδ’</span> <span class='ocrx_word' id='word_1_443' title='bbox 1632 4970 1743 5027; x_wconf 82' lang='grc' dir='ltr'>εἶσ-</span> 
     </span>
    </p>
   </div>
   <div class='ocr_carea' id='block_1_7' title="bbox 1799 645 3368 801">
    <p class='ocr_par' dir='ltr' id='par_1_7' title="bbox 1799 645 3368 801">
     <span class='ocr_line' id='line_1_54' title="bbox 1799 645 3368 710; baseline 0.003 -17"><span class='ocrx_word' id='word_1_444' title='bbox 1799 646 1916 707; x_wconf 86' lang='lat' dir='ltr'><strong>quin</strong></span> <span class='ocrx_word' id='word_1_445' title='bbox 1940 645 2245 709; x_wconf 82' lang='lat' dir='ltr'><strong>indignentur</strong></span> <span class='ocrx_word' id='word_1_446' title='bbox 2274 646 2577 710; x_wconf 71' lang='lat' dir='ltr'><strong>graviterque</strong></span> <span class='ocrx_word' id='word_1_447' title='bbox 2605 647 2772 697; x_wconf 78' lang='lat' dir='ltr'><strong>serant.</strong></span> <span class='ocrx_word' id='word_1_448' title='bbox 2810 647 2896 697; x_wconf 88' lang='lat' dir='ltr'><strong>His</strong></span> <span class='ocrx_word' id='word_1_449' title='bbox 2929 646 3071 709; x_wconf 80' lang='lat' dir='ltr'><strong>igitur</strong></span> <span class='ocrx_word' id='word_1_450' title='bbox 3105 647 3172 696; x_wconf 89' lang='lat' dir='ltr'><strong>ita</strong></span> <span class='ocrx_word' id='word_1_451' title='bbox 3204 660 3256 697; x_wconf 88' lang='lat' dir='ltr'><strong>se</strong></span> <span class='ocrx_word' id='word_1_452' title='bbox 3287 648 3368 697; x_wconf 79' lang='lat' dir='ltr'><strong>lia·</strong></span> 
     </span>
     <span class='ocr_line' id='line_1_55' title="bbox 1799 733 3365 801; baseline 0.001 -17"><span class='ocrx_word' id='word_1_453' title='bbox 1799 734 2044 799; x_wconf 87' lang='lat' dir='ltr'><strong>bentibus,</strong></span> <span class='ocrx_word' id='word_1_454' title='bbox 2058 735 2169 786; x_wconf 80' lang='lat' dir='ltr'><strong>vide</strong></span> <span class='ocrx_word' id='word_1_455' title='bbox 2182 736 2297 801; x_wconf 89' lang='lat' dir='ltr'><strong>quid</strong></span> <span class='ocrx_word' id='word_1_456' title='bbox 2315 733 2569 786; x_wconf 87' lang='lat' dir='ltr'><strong>dicendum</strong></span> <span class='ocrx_word' id='word_1_457' title='bbox 2584 736 2647 787; x_wconf 88' lang='lat' dir='ltr'><strong>sit</strong></span> <span class='ocrx_word' id='word_1_458' title='bbox 2660 748 2827 786; x_wconf 86' lang='lat' dir='ltr'><strong>eorum</strong></span> <span class='ocrx_word' id='word_1_459' title='bbox 2841 737 2893 787; x_wconf 82' lang='lat' dir='ltr'><strong>et</strong></span> <span class='ocrx_word' id='word_1_460' title='bbox 2909 736 3025 799; x_wconf 88' lang='lat' dir='ltr'><strong>quid</strong></span> <span class='ocrx_word' id='word_1_461' title='bbox 3044 735 3365 787; x_wconf 85' lang='lat' dir='ltr'><strong>omittendum</strong></span> 
     </span>
    </p>
   </div>
   <div class='ocr_carea' id='block_1_8' title="bbox 1803 823 3377 1972">
    <p class='ocr_par' dir='ltr' id='par_1_8' title="bbox 1804 823 1959 872">
     <span class='ocr_line' id='line_1_56' title="bbox 1804 823 1959 872; baseline -0.026 -1"><span class='ocrx_word' id='word_1_462' title='bbox 1804 823 1906 872; x_wconf 69' lang='lat' dir='ltr'><strong>fibi.</strong></span> <span class='ocrx_word' id='word_1_463' title='bbox 1933 842 1959 867; x_wconf 69' lang='lat' dir='ltr'><strong>n</strong></span> 
     </span>
    </p>

    <p class='ocr_par' dir='ltr' id='par_1_9' title="bbox 1803 912 3377 1972">
     <span class='ocr_line' id='line_1_57' title="bbox 1867 912 3369 977; baseline 0.001 -16"><span class='ocrx_word' id='word_1_464' title='bbox 1867 917 1973 963; x_wconf 81' lang='lat'>150.</span> <span class='ocrx_word' id='word_1_465' title='bbox 2018 915 2118 976; x_wconf 78' lang='lat' dir='ltr'><strong>Ego</strong></span> <span class='ocrx_word' id='word_1_466' title='bbox 2150 924 2263 964; x_wconf 82' lang='lat' dir='ltr'><strong>vero</strong></span> <span class='ocrx_word' id='word_1_467' title='bbox 2300 917 2351 964; x_wconf 90' lang='lat' dir='ltr'><strong>et</strong></span> <span class='ocrx_word' id='word_1_468' title='bbox 2377 917 2493 964; x_wconf 86' lang='lat' dir='ltr'><strong>tunc</strong></span> <span class='ocrx_word' id='word_1_469' title='bbox 2521 927 2673 977; x_wconf 89' lang='lat' dir='ltr'><strong>quum</strong></span> <span class='ocrx_word' id='word_1_470' title='bbox 2708 912 2789 964; x_wconf 90' lang='lat' dir='ltr'><strong>ille</strong></span> <span class='ocrx_word' id='word_1_471' title='bbox 2809 913 2904 964; x_wconf 88' lang='lat' dir='ltr'><strong>boc</strong></span> <span class='ocrx_word' id='word_1_472' title='bbox 2934 912 3125 964; x_wconf 89' lang='lat' dir='ltr'><strong>dicebat</strong></span> <span class='ocrx_word' id='word_1_473' title='bbox 3160 918 3210 964; x_wconf 85' lang='lat' dir='ltr'><strong>et</strong></span> <span class='ocrx_word' id='word_1_474' title='bbox 3240 926 3369 963; x_wconf 87' lang='lat' dir='ltr'><strong>nunc</strong></span> 
     </span>
     <span class='ocr_line' id='line_1_58' title="bbox 1803 1009 3369 1075; baseline 0.001 -16"><span class='ocrx_word' id='word_1_475' title='bbox 1803 1009 2019 1059; x_wconf 88' lang='lat' dir='ltr'><strong>omnium</strong></span> <span class='ocrx_word' id='word_1_476' title='bbox 2046 1011 2293 1061; x_wconf 82' lang='lat' dir='ltr'><strong>hominum</strong></span> <span class='ocrx_word' id='word_1_477' title='bbox 2310 1011 2681 1062; x_wconf 82' lang='lat' dir='ltr'><strong>absurdissimus</strong></span> <span class='ocrx_word' id='word_1_478' title='bbox 2696 1014 2745 1062; x_wconf 89' lang='lat' dir='ltr'><strong>et</strong></span> <span class='ocrx_word' id='word_1_479' title='bbox 2765 1010 3259 1074; x_wconf 78' lang='lat' dir='ltr'><strong>nequissimosJudico</strong></span> <span class='ocrx_word' id='word_1_480' title='bbox 3282 1011 3369 1075; x_wconf 91' lang='lat' dir='ltr'><strong>qui</strong></span> 
     </span>
     <span class='ocr_line' id='line_1_59' title="bbox 1804 1107 3373 1173; baseline 0.003 -16"><span class='ocrx_word' id='word_1_481' title='bbox 1804 1121 1930 1171; x_wconf 81' lang='lat' dir='ltr'><strong>aegre</strong></span> <span class='ocrx_word' id='word_1_482' title='bbox 1947 1107 2143 1159; x_wconf 86' lang='lat' dir='ltr'><strong>audiant</strong></span> <span class='ocrx_word' id='word_1_483' title='bbox 2162 1110 2201 1159; x_wconf 89' lang='lat' dir='ltr'><strong>si</strong></span> <span class='ocrx_word' id='word_1_484' title='bbox 2222 1122 2301 1160; x_wconf 86' lang='lat' dir='ltr'><strong>me</strong></span> <span class='ocrx_word' id='word_1_485' title='bbox 2322 1122 2520 1161; x_wconf 88' lang='lat' dir='ltr'><strong>munera</strong></span> <span class='ocrx_word' id='word_1_486' title='bbox 2538 1110 2729 1173; x_wconf 89' lang='lat' dir='ltr'><strong>publica</strong></span> <span class='ocrx_word' id='word_1_487' title='bbox 2755 1110 3041 1160; x_wconf 81' lang='lat' dir='ltr'><strong>subeuntem</strong></span> <span class='ocrx_word' id='word_1_488' title='bbox 3070 1112 3119 1160; x_wconf 89' lang='lat' dir='ltr'><strong>et</strong></span> <span class='ocrx_word' id='word_1_489' title='bbox 3140 1109 3373 1173; x_wconf 83' lang='lat' dir='ltr'><strong>imperata</strong></span> 
     </span>
     <span class='ocr_line' id='line_1_60' title="bbox 1806 1190 3372 1270; baseline 0.001 -15"><span class='ocrx_word' id='word_1_490' title='bbox 1806 1206 2055 1256; x_wconf 73' lang='lat' dir='ltr'><strong>facientem</strong></span> <span class='ocrx_word' id='word_1_491' title='bbox 2076 1206 2181 1257; x_wconf 90' lang='lat' dir='ltr'><strong>urbi</strong></span> <span class='ocrx_word' id='word_1_492' title='bbox 2204 1207 2453 1256; x_wconf 78' lang='lat' dir='ltr'><strong>exhibeam</strong></span> <span class='ocrx_word' id='word_1_493' title='bbox 2468 1241 2483 1268; x_wconf 97' lang='lat'><strong>,</strong></span> <span class='ocrx_word' id='word_1_494' title='bbox 2510 1190 2629 1256; x_wconf 81' lang='lat' dir='ltr'><strong>nihil</strong></span> <span class='ocrx_word' id='word_1_495' title='bbox 2648 1218 2761 1256; x_wconf 80' lang='lat' dir='ltr'><strong>vero</strong></span> <span class='ocrx_word' id='word_1_496' title='bbox 2780 1206 2969 1269; x_wconf 84' lang='lat' dir='ltr'><strong>cupiam</strong></span> <span class='ocrx_word' id='word_1_497' title='bbox 2994 1220 3147 1270; x_wconf 79' lang='lat' dir='ltr'><strong>neque</strong></span> <span class='ocrx_word' id='word_1_498' title='bbox 3166 1206 3372 1258; x_wconf 78' lang='lat' dir='ltr'><strong>honores</strong></span> 
     </span>
     <span class='ocr_line' id='line_1_61' title="bbox 1807 1302 3371 1367; baseline 0.002 -16"><span class='ocrx_word' id='word_1_499' title='bbox 1807 1304 1969 1353; x_wconf 86' lang='lat' dir='ltr'><strong>sortiri</strong></span> <span class='ocrx_word' id='word_1_500' title='bbox 1992 1318 2147 1367; x_wconf 89' lang='lat' dir='ltr'><strong>neque</strong></span> <span class='ocrx_word' id='word_1_501' title='bbox 2165 1317 2334 1367; x_wconf 80' lang='lat' dir='ltr'><strong>capere</strong></span> <span class='ocrx_word' id='word_1_502' title='bbox 2357 1316 2467 1367; x_wconf 82' lang='lat' dir='ltr'><strong>quoe</strong></span> <span class='ocrx_word' id='word_1_503' title='bbox 2484 1303 2587 1353; x_wconf 85' lang='lat' dir='ltr'><strong>aliis</strong></span> <span class='ocrx_word' id='word_1_504' title='bbox 2610 1303 2725 1354; x_wconf 84' lang='lat' dir='ltr'><strong>urbs</strong></span> <span class='ocrx_word' id='word_1_505' title='bbox 2747 1302 2996 1365; x_wconf 75' lang='lat' dir='ltr'><strong>attribuit,</strong></span> <span class='ocrx_word' id='word_1_506' title='bbox 3019 1316 3176 1366; x_wconf 84' lang='lat' dir='ltr'><strong>neque</strong></span> <span class='ocrx_word' id='word_1_507' title='bbox 3202 1318 3371 1354; x_wconf 88' lang='lat' dir='ltr'><strong>rursus</strong></span> 
     </span>
     <span class='ocr_line' id='line_1_62' title="bbox 1811 1398 3373 1463; baseline 0.001 -14"><span class='ocrx_word' id='word_1_508' title='bbox 1811 1400 2025 1449; x_wconf 75' lang='lat' dir='ltr'><strong>acciisari</strong></span> <span class='ocrx_word' id='word_1_509' title='bbox 2046 1413 2202 1463; x_wconf 87' lang='lat' dir='ltr'><strong>neque</strong></span> <span class='ocrx_word' id='word_1_510' title='bbox 2234 1399 2354 1449; x_wconf 90' lang='lat' dir='ltr'><strong>alios</strong></span> <span class='ocrx_word' id='word_1_511' title='bbox 2386 1400 2435 1449; x_wconf 91' lang='lat' dir='ltr'><strong>in</strong></span> <span class='ocrx_word' id='word_1_512' title='bbox 2469 1402 2552 1463; x_wconf 85' lang='lat' dir='ltr'><strong>jus</strong></span> <span class='ocrx_word' id='word_1_513' title='bbox 2573 1412 2761 1451; x_wconf 76' lang='lat' dir='ltr'><strong>vocare.</strong></span> <span class='ocrx_word' id='word_1_514' title='bbox 2828 1398 2958 1463; x_wconf 85' lang='grc'>(151)</span> <span class='ocrx_word' id='word_1_515' title='bbox 2992 1402 3112 1457; x_wconf 80' lang='lat' dir='ltr'><strong>Quoe</strong></span> <span class='ocrx_word' id='word_1_516' title='bbox 3133 1413 3230 1450; x_wconf 91' lang='lat' dir='ltr'><strong>non</strong></span> <span class='ocrx_word' id='word_1_517' title='bbox 3251 1400 3373 1450; x_wconf 82' lang='lat' dir='ltr'><strong>divi·</strong></span> 
     </span>
     <span class='ocr_line' id='line_1_63' title="bbox 1811 1498 3375 1564; baseline 0.002 -17"><span class='ocrx_word' id='word_1_518' title='bbox 1811 1499 1985 1548; x_wconf 85' lang='lat' dir='ltr'><strong>tiarum</strong></span> <span class='ocrx_word' id='word_1_519' title='bbox 2008 1511 2153 1548; x_wconf 81' lang='lat' dir='ltr'><strong>causa</strong></span> <span class='ocrx_word' id='word_1_520' title='bbox 2188 1512 2345 1562; x_wconf 86' lang='lat' dir='ltr'><strong>neque</strong></span> <span class='ocrx_word' id='word_1_521' title='bbox 2368 1512 2451 1561; x_wconf 88' lang='lat' dir='ltr'><strong>per</strong></span> <span class='ocrx_word' id='word_1_522' title='bbox 2470 1499 2741 1563; x_wconf 81' lang='lat' dir='ltr'><strong>superbiam</strong></span> <span class='ocrx_word' id='word_1_523' title='bbox 2766 1499 2832 1549; x_wconf 84' lang='lat' dir='ltr'><strong>ita</strong></span> <span class='ocrx_word' id='word_1_524' title='bbox 2862 1498 3086 1549; x_wconf 88' lang='lat' dir='ltr'><strong>constitui</strong></span> <span class='ocrx_word' id='word_1_525' title='bbox 3100 1535 3116 1561; x_wconf 91' lang='lat'><strong>,</strong></span> <span class='ocrx_word' id='word_1_526' title='bbox 3146 1513 3300 1564; x_wconf 89' lang='lat' dir='ltr'><strong>neque</strong></span> <span class='ocrx_word' id='word_1_527' title='bbox 3321 1505 3375 1550; x_wconf 90' lang='lat' dir='ltr'><strong>ut</strong></span> 
     </span>
     <span class='ocr_line' id='line_1_64' title="bbox 1807 1602 3376 1669; baseline 0.002 -17"><span class='ocrx_word' id='word_1_528' title='bbox 1807 1614 1891 1652; x_wconf 90' lang='lat' dir='ltr'><strong>eos</strong></span> <span class='ocrx_word' id='word_1_529' title='bbox 1907 1605 2261 1653; x_wconf 84' lang='lat' dir='ltr'><strong>contemnerem</strong></span> <span class='ocrx_word' id='word_1_530' title='bbox 2285 1602 2371 1666; x_wconf 88' lang='lat' dir='ltr'><strong>qui</strong></span> <span class='ocrx_word' id='word_1_531' title='bbox 2393 1602 2562 1652; x_wconf 88' lang='lat' dir='ltr'><strong>eodem</strong></span> <span class='ocrx_word' id='word_1_532' title='bbox 2592 1602 2738 1652; x_wconf 89' lang='lat' dir='ltr'><strong>modo</strong></span> <span class='ocrx_word' id='word_1_533' title='bbox 2764 1616 2859 1652; x_wconf 87' lang='lat' dir='ltr'><strong>non</strong></span> <span class='ocrx_word' id='word_1_534' title='bbox 2878 1602 3119 1667; x_wconf 78' lang='lat' dir='ltr'><strong>viverent,</strong></span> <span class='ocrx_word' id='word_1_535' title='bbox 3142 1604 3225 1655; x_wconf 88' lang='lat' dir='ltr'><strong>sed</strong></span> <span class='ocrx_word' id='word_1_536' title='bbox 3262 1606 3376 1669; x_wconf 84' lang='lat' dir='ltr'><strong>quia</strong></span> 
     </span>
     <span class='ocr_line' id='line_1_65' title="bbox 1809 1707 3377 1772; baseline 0.003 -16"><span class='ocrx_word' id='word_1_537' title='bbox 1809 1707 1962 1757; x_wconf 88' lang='lat' dir='ltr'><strong>otium</strong></span> <span class='ocrx_word' id='word_1_538' title='bbox 1980 1711 2029 1757; x_wconf 89' lang='lat' dir='ltr'><strong>et</strong></span> <span class='ocrx_word' id='word_1_539' title='bbox 2060 1708 2271 1772; x_wconf 87' lang='lat' dir='ltr'><strong>quietem</strong></span> <span class='ocrx_word' id='word_1_540' title='bbox 2294 1707 2495 1769; x_wconf 87' lang='lat' dir='ltr'><strong>adamo,</strong></span> <span class='ocrx_word' id='word_1_541' title='bbox 2520 1708 2729 1759; x_wconf 77' lang='lat' dir='ltr'><strong>maxime</strong></span> <span class='ocrx_word' id='word_1_542' title='bbox 2748 1720 2861 1760; x_wconf 84' lang='lat' dir='ltr'><strong>vero</strong></span> <span class='ocrx_word' id='word_1_543' title='bbox 2878 1710 2987 1772; x_wconf 88' lang='lat' dir='ltr'><strong>quia</strong></span> <span class='ocrx_word' id='word_1_544' title='bbox 3008 1710 3224 1762; x_wconf 88' lang='lat' dir='ltr'><strong>homines</strong></span> <span class='ocrx_word' id='word_1_545' title='bbox 3256 1709 3377 1761; x_wconf 85' lang='lat' dir='ltr'><strong>tales</strong></span> 
     </span>
     <span class='ocr_line' id='line_1_66' title="bbox 1808 1802 3373 1869; baseline 0.006 -18"><span class='ocrx_word' id='word_1_546' title='bbox 1808 1802 1935 1866; x_wconf 86' lang='lat' dir='ltr'><strong>apud</strong></span> <span class='ocrx_word' id='word_1_547' title='bbox 1954 1816 2039 1853; x_wconf 78' lang='lat' dir='ltr'><strong>vos</strong></span> <span class='ocrx_word' id='word_1_548' title='bbox 2057 1808 2333 1867; x_wconf 85' lang='lat' dir='ltr'><strong>ceterosque</strong></span> <span class='ocrx_word' id='word_1_549' title='bbox 2343 1803 2466 1853; x_wconf 91' lang='lat' dir='ltr'><strong>bona</strong></span> <span class='ocrx_word' id='word_1_550' title='bbox 2477 1804 2603 1854; x_wconf 75' lang='lat' dir='ltr'><strong>sarna</strong></span> <span class='ocrx_word' id='word_1_551' title='bbox 2614 1804 2725 1855; x_wconf 79' lang='lat' dir='ltr'><strong>ferri</strong></span> <span class='ocrx_word' id='word_1_552' title='bbox 2740 1805 2855 1869; x_wconf 81' lang='lat' dir='ltr'><strong>vidi,</strong></span> <span class='ocrx_word' id='word_1_553' title='bbox 2872 1804 3043 1856; x_wconf 87' lang='lat' dir='ltr'><strong>deinde</strong></span> <span class='ocrx_word' id='word_1_554' title='bbox 3057 1807 3202 1858; x_wconf 88' lang='lat' dir='ltr'><strong>talem</strong></span> <span class='ocrx_word' id='word_1_555' title='bbox 3222 1808 3373 1860; x_wconf 80' lang='lat' dir='ltr'><strong>vitam</strong></span> 
     </span>
     <span class='ocr_line' id='line_1_67' title="bbox 1809 1897 3375 1972; baseline 0.007 -25"><span class='ocrx_word' id='word_1_556' title='bbox 1809 1897 2082 1949; x_wconf 82' lang='lat' dir='ltr'><strong>suaviorem</strong></span> <span class='ocrx_word' id='word_1_557' title='bbox 2118 1913 2265 1963; x_wconf 88' lang='lat' dir='ltr'><strong>quam</strong></span> <span class='ocrx_word' id='word_1_558' title='bbox 2304 1914 2473 1951; x_wconf 87' lang='lat' dir='ltr'><strong>eorum</strong></span> <span class='ocrx_word' id='word_1_559' title='bbox 2505 1901 2589 1965; x_wconf 87' lang='lat' dir='ltr'><strong>qui</strong></span> <span class='ocrx_word' id='word_1_560' title='bbox 2636 1902 2789 1952; x_wconf 88' lang='lat' dir='ltr'><strong>multa</strong></span> <span class='ocrx_word' id='word_1_561' title='bbox 2837 1910 3115 1969; x_wconf 84' lang='lat' dir='ltr'><strong>capessant,</strong></span> <span class='ocrx_word' id='word_1_562' title='bbox 3156 1908 3375 1972; x_wconf 84' lang='lat' dir='ltr'><strong>meisque</strong></span> 
     </span>
    </p>
   </div>
   <div class='ocr_carea' id='block_1_9' title="bbox 1808 2002 3379 2383">
    <p class='ocr_par' dir='ltr' id='par_1_10' title="bbox 1808 2002 3379 2383">
     <span class='ocr_line' id='line_1_68' title="bbox 1808 2002 3379 2063; baseline 0.008 -12"><span class='ocrx_word' id='word_1_563' title='bbox 1808 2002 2041 2054; x_wconf 84' lang='lat' dir='ltr'><strong>institutis</strong></span> <span class='ocrx_word' id='word_1_564' title='bbox 2058 2005 2107 2055; x_wconf 85' lang='lat' dir='ltr'><strong>et</strong></span> <span class='ocrx_word' id='word_1_565' title='bbox 2125 2005 2239 2055; x_wconf 74' lang='lat' dir='ltr'><strong>vitm</strong></span> <span class='ocrx_word' id='word_1_566' title='bbox 2256 2005 2587 2056; x_wconf 88' lang='lat' dir='ltr'><strong>consuetudini</strong></span> <span class='ocrx_word' id='word_1_567' title='bbox 2606 2006 2669 2057; x_wconf 90' lang='lat' dir='ltr'><strong>ab</strong></span> <span class='ocrx_word' id='word_1_568' title='bbox 2698 2006 2837 2057; x_wconf 90' lang='lat' dir='ltr'><strong>initio</strong></span> <span class='ocrx_word' id='word_1_569' title='bbox 2859 2007 3059 2060; x_wconf 77' lang='lat' dir='ltr'><strong>delectae</strong></span> <span class='ocrx_word' id='word_1_570' title='bbox 3096 2013 3379 2063; x_wconf 81' lang='lat' dir='ltr'><strong>convenien-</strong></span> 
     </span>
     <span class='ocr_line' id='line_1_69' title="bbox 1809 2109 3377 2183; baseline 0.01 -26"><span class='ocrx_word' id='word_1_571' title='bbox 1809 2110 1980 2158; x_wconf 89' lang='lat' dir='ltr'><strong>tiorem</strong></span> <span class='ocrx_word' id='word_1_572' title='bbox 1994 2109 2229 2173; x_wconf 75' lang='lat' dir='ltr'><strong>Judicavi.</strong></span> <span class='ocrx_word' id='word_1_573' title='bbox 2298 2112 2537 2175; x_wconf 82' lang='lat' dir='ltr'><strong>(152)11is</strong></span> <span class='ocrx_word' id='word_1_574' title='bbox 2562 2113 2622 2164; x_wconf 88' lang='lat' dir='ltr'><strong>de</strong></span> <span class='ocrx_word' id='word_1_575' title='bbox 2644 2114 2801 2165; x_wconf 70' lang='lat' dir='ltr'><strong>musis</strong></span> <span class='ocrx_word' id='word_1_576' title='bbox 2832 2115 2925 2166; x_wconf 90' lang='lat' dir='ltr'><strong>hoc</strong></span> <span class='ocrx_word' id='word_1_577' title='bbox 2947 2130 3097 2179; x_wconf 84' lang='lat' dir='ltr'><strong>genus</strong></span> <span class='ocrx_word' id='word_1_578' title='bbox 3118 2117 3231 2170; x_wconf 65' lang='lat' dir='ltr'><strong>vitre</strong></span> <span class='ocrx_word' id='word_1_579' title='bbox 3258 2133 3377 2183; x_wconf 84' lang='lat' dir='ltr'><strong>proe·</strong></span> 
     </span>
     <span class='ocr_line' id='line_1_70' title="bbox 1811 2206 3377 2279; baseline 0.006 -22"><span class='ocrx_word' id='word_1_580' title='bbox 1811 2206 1919 2269; x_wconf 88' lang='lat' dir='ltr'><strong>tuli;</strong></span> <span class='ocrx_word' id='word_1_581' title='bbox 1934 2206 1995 2256; x_wconf 84' lang='lat' dir='ltr'><strong>ab</strong></span> <span class='ocrx_word' id='word_1_582' title='bbox 2013 2207 2349 2259; x_wconf 75' lang='lat' dir='ltr'><strong>emolumentis</strong></span> <span class='ocrx_word' id='word_1_583' title='bbox 2360 2209 2749 2273; x_wconf 77' lang='lat' dir='ltr'><strong>reipublicaeideo</strong></span> <span class='ocrx_word' id='word_1_584' title='bbox 2758 2212 2983 2274; x_wconf 73' lang='lat' dir='ltr'><strong>abstinui,</strong></span> <span class='ocrx_word' id='word_1_585' title='bbox 3002 2216 3115 2278; x_wconf 85' lang='lat' dir='ltr'><strong>quia</strong></span> <span class='ocrx_word' id='word_1_586' title='bbox 3128 2214 3377 2279; x_wconf 84' lang='lat' dir='ltr'><strong>indignum</strong></span> 
     </span>
     <span class='ocr_line' id='line_1_71' title="bbox 1811 2311 3377 2383; baseline 0.006 -23"><span class='ocrx_word' id='word_1_587' title='bbox 1811 2311 1979 2374; x_wconf 77' lang='lat' dir='ltr'><strong>putavi</strong></span> <span class='ocrx_word' id='word_1_588' title='bbox 2000 2312 2067 2373; x_wconf 89' lang='lat' dir='ltr'><strong>si,</strong></span> <span class='ocrx_word' id='word_1_589' title='bbox 2090 2325 2240 2377; x_wconf 87' lang='lat' dir='ltr'><strong>quum</strong></span> <span class='ocrx_word' id='word_1_590' title='bbox 2264 2326 2317 2363; x_wconf 93' lang='lat' dir='ltr'><strong>re</strong></span> <span class='ocrx_word' id='word_1_591' title='bbox 2334 2313 2553 2364; x_wconf 68' lang='lat' dir='ltr'><strong>tauriliari</strong></span> <span class='ocrx_word' id='word_1_592' title='bbox 2572 2316 2841 2365; x_wconf 85' lang='lat' dir='ltr'><strong>sustentare</strong></span> <span class='ocrx_word' id='word_1_593' title='bbox 2858 2330 2935 2365; x_wconf 90' lang='lat' dir='ltr'><strong>me</strong></span> <span class='ocrx_word' id='word_1_594' title='bbox 2954 2330 3174 2380; x_wconf 87' lang='lat' dir='ltr'><strong>possem,</strong></span> <span class='ocrx_word' id='word_1_595' title='bbox 3203 2320 3377 2383; x_wconf 87' lang='lat' dir='ltr'><strong>cuique</strong></span> 
     </span>
    </p>
   </div>
   <div class='ocr_carea' id='block_1_10' title="bbox 1811 2416 3379 2675">
    <p class='ocr_par' dir='ltr' id='par_1_11' title="bbox 1811 2416 3379 2675">
     <span class='ocr_line' id='line_1_72' title="bbox 1812 2416 3379 2485; baseline 0.006 -21"><span class='ocrx_word' id='word_1_596' title='bbox 1812 2428 1977 2465; x_wconf 87' lang='lat' dir='ltr'><strong>eorum</strong></span> <span class='ocrx_word' id='word_1_597' title='bbox 2004 2416 2087 2479; x_wconf 91' lang='lat' dir='ltr'><strong>qui</strong></span> <span class='ocrx_word' id='word_1_598' title='bbox 2111 2416 2223 2466; x_wconf 91' lang='lat' dir='ltr'><strong>inde</strong></span> <span class='ocrx_word' id='word_1_599' title='bbox 2244 2417 2425 2466; x_wconf 78' lang='lat' dir='ltr'><strong>victum</strong></span> <span class='ocrx_word' id='word_1_600' title='bbox 2457 2430 2673 2481; x_wconf 82' lang='lat' dir='ltr'><strong>quoerere</strong></span> <span class='ocrx_word' id='word_1_601' title='bbox 2694 2418 2845 2468; x_wconf 84' lang='lat' dir='ltr'><strong>coacti</strong></span> <span class='ocrx_word' id='word_1_602' title='bbox 2868 2425 3012 2481; x_wconf 87' lang='lat' dir='ltr'><strong>sunt,</strong></span> <span class='ocrx_word' id='word_1_603' title='bbox 3030 2420 3379 2485; x_wconf 85' lang='lat' dir='ltr'><strong>impedimento</strong></span> 
     </span>
     <span class='ocr_line' id='line_1_73' title="bbox 1811 2512 3378 2586; baseline 0.008 -25"><span class='ocrx_word' id='word_1_604' title='bbox 1811 2524 1995 2572; x_wconf 89' lang='lat' dir='ltr'><strong>essem,</strong></span> <span class='ocrx_word' id='word_1_605' title='bbox 2018 2513 2275 2575; x_wconf 75' lang='lat' dir='ltr'><strong>quominus</strong></span> <span class='ocrx_word' id='word_1_606' title='bbox 2293 2512 2422 2575; x_wconf 87' lang='lat' dir='ltr'><strong>quod</strong></span> <span class='ocrx_word' id='word_1_607' title='bbox 2448 2513 2511 2563; x_wconf 88' lang='lat' dir='ltr'><strong>ab</strong></span> <span class='ocrx_word' id='word_1_608' title='bbox 2536 2513 2653 2563; x_wconf 90' lang='lat' dir='ltr'><strong>urbe</strong></span> <span class='ocrx_word' id='word_1_609' title='bbox 2684 2514 2900 2579; x_wconf 86' lang='lat' dir='ltr'><strong>daretur,</strong></span> <span class='ocrx_word' id='word_1_610' title='bbox 2932 2519 3169 2581; x_wconf 79' lang='lat' dir='ltr'><strong>acciperet</strong></span> <span class='ocrx_word' id='word_1_611' title='bbox 3203 2533 3378 2586; x_wconf 86' lang='lat' dir='ltr'><strong>meque</strong></span> 
     </span>
     <span class='ocr_line' id='line_1_74' title="bbox 1812 2610 3377 2675; baseline 0.009 -16"><span class='ocrx_word' id='word_1_612' title='bbox 1812 2610 2156 2661; x_wconf 79' lang='lat' dir='ltr'><strong>interveniente</strong></span> <span class='ocrx_word' id='word_1_613' title='bbox 2168 2612 2447 2661; x_wconf 87' lang='lat' dir='ltr'><strong>necessariis</strong></span> <span class='ocrx_word' id='word_1_614' title='bbox 2460 2611 2821 2665; x_wconf 83' lang='lat' dir='ltr'><strong>destitueretur.</strong></span> <span class='ocrx_word' id='word_1_615' title='bbox 2890 2618 3215 2675; x_wconf 80' lang='lat' dir='ltr'><strong>Quamobrem</strong></span> <span class='ocrx_word' id='word_1_616' title='bbox 3234 2621 3377 2673; x_wconf 85' lang='lat' dir='ltr'><strong>laude</strong></span> 
     </span>
    </p>
   </div>
   <div class='ocr_carea' id='block_1_11' title="bbox 1813 2715 3377 2786">
    <p class='ocr_par' dir='ltr' id='par_1_12' title="bbox 1813 2715 3377 2786">
     <span class='ocr_line' id='line_1_75' title="bbox 1813 2715 3377 2786; baseline 0.007 -20"><span class='ocrx_word' id='word_1_617' title='bbox 1813 2728 1942 2766; x_wconf 88' lang='lat' dir='ltr'><strong>eram</strong></span> <span class='ocrx_word' id='word_1_618' title='bbox 1967 2715 2154 2780; x_wconf 80' lang='lat' dir='ltr'><strong>dignior</strong></span> <span class='ocrx_word' id='word_1_619' title='bbox 2183 2732 2328 2781; x_wconf 88' lang='lat' dir='ltr'><strong>quam</strong></span> <span class='ocrx_word' id='word_1_620' title='bbox 2350 2719 2605 2769; x_wconf 81' lang='lat' dir='ltr'><strong>calumnia.</strong></span> <span class='ocrx_word' id='word_1_621' title='bbox 2673 2720 2803 2786; x_wconf 83' lang='grc'>(153)</span> <span class='ocrx_word' id='word_1_622' title='bbox 2827 2726 2966 2773; x_wconf 83' lang='lat' dir='ltr'><strong>Nunc</strong></span> <span class='ocrx_word' id='word_1_623' title='bbox 2986 2737 3102 2775; x_wconf 83' lang='lat' dir='ltr'><strong>vero</strong></span> <span class='ocrx_word' id='word_1_624' title='bbox 3126 2726 3377 2778; x_wconf 76' lang='lat' dir='ltr'><strong>veliemen-</strong></span> 
     </span>
    </p>
   </div>
   <div class='ocr_carea' id='block_1_12' title="bbox 1815 2826 3391 4504">
    <p class='ocr_par' dir='ltr' id='par_1_13' title="bbox 1815 2826 3391 4504">
     <span class='ocr_line' id='line_1_76' title="bbox 1816 2826 3381 2899; baseline 0.006 -23"><span class='ocrx_word' id='word_1_625' title='bbox 1816 2832 1888 2877; x_wconf 88' lang='lat' dir='ltr'><strong>ter</strong></span> <span class='ocrx_word' id='word_1_626' title='bbox 1906 2826 2095 2889; x_wconf 80' lang='lat' dir='ltr'><strong>ambigo</strong></span> <span class='ocrx_word' id='word_1_627' title='bbox 2112 2839 2317 2891; x_wconf 88' lang='lat' dir='ltr'><strong>quanam</strong></span> <span class='ocrx_word' id='word_1_628' title='bbox 2338 2827 2502 2889; x_wconf 79' lang='lat' dir='ltr'><strong>agendi</strong></span> <span class='ocrx_word' id='word_1_629' title='bbox 2516 2828 2696 2879; x_wconf 82' lang='lat' dir='ltr'><strong>ratione</strong></span> <span class='ocrx_word' id='word_1_630' title='bbox 2718 2830 2995 2882; x_wconf 83' lang='lat' dir='ltr'><strong>hominibus</strong></span> <span class='ocrx_word' id='word_1_631' title='bbox 3018 2833 3254 2894; x_wconf 81' lang='lat' dir='ltr'><strong>ejusmodi</strong></span> <span class='ocrx_word' id='word_1_632' title='bbox 3272 2849 3381 2899; x_wconf 78' lang='lat' dir='ltr'><strong>pos·</strong></span> 
     </span>
     <span class='ocr_line' id='line_1_77' title="bbox 1815 2924 3381 2997; baseline 0.006 -23"><span class='ocrx_word' id='word_1_633' title='bbox 1815 2925 1906 2974; x_wconf 88' lang='lat' dir='ltr'><strong>sim</strong></span> <span class='ocrx_word' id='word_1_634' title='bbox 1934 2926 2133 2988; x_wconf 85' lang='lat' dir='ltr'><strong>placere.</strong></span> <span class='ocrx_word' id='word_1_635' title='bbox 2198 2924 2389 2975; x_wconf 87' lang='lat' dir='ltr'><strong>Etenim</strong></span> <span class='ocrx_word' id='word_1_636' title='bbox 2419 2926 2461 2976; x_wconf 87' lang='lat' dir='ltr'><strong>si</strong></span> <span class='ocrx_word' id='word_1_637' title='bbox 2494 2928 2629 2977; x_wconf 88' lang='lat' dir='ltr'><strong>omni</strong></span> <span class='ocrx_word' id='word_1_638' title='bbox 2662 2931 2879 2992; x_wconf 84' lang='lat' dir='ltr'><strong>tempore</strong></span> <span class='ocrx_word' id='word_1_639' title='bbox 2920 2943 3159 2983; x_wconf 88' lang='lat' dir='ltr'><strong>summam</strong></span> <span class='ocrx_word' id='word_1_640' title='bbox 3186 2947 3381 2997; x_wconf 85' lang='lat' dir='ltr'><strong>operam</strong></span> 
     </span>
     <span class='ocr_line' id='line_1_78' title="bbox 1817 3020 3381 3091; baseline 0.008 -22"><span class='ocrx_word' id='word_1_641' title='bbox 1817 3020 1955 3082; x_wconf 90' lang='lat' dir='ltr'><strong>dedi,</strong></span> <span class='ocrx_word' id='word_1_642' title='bbox 1986 3036 2047 3071; x_wconf 91' lang='lat' dir='ltr'><strong>ne</strong></span> <span class='ocrx_word' id='word_1_643' title='bbox 2064 3035 2207 3085; x_wconf 88' lang='lat' dir='ltr'><strong>quem</strong></span> <span class='ocrx_word' id='word_1_644' title='bbox 2244 3023 2535 3075; x_wconf 78' lang='lat' dir='ltr'><strong>offenderem</strong></span> <span class='ocrx_word' id='word_1_645' title='bbox 2570 3038 2728 3088; x_wconf 89' lang='lat' dir='ltr'><strong>neque</strong></span> <span class='ocrx_word' id='word_1_646' title='bbox 2752 3026 2971 3076; x_wconf 86' lang='lat' dir='ltr'><strong>molestia</strong></span> <span class='ocrx_word' id='word_1_647' title='bbox 2986 3032 3072 3077; x_wconf 85' lang='lat' dir='ltr'><strong>aut</strong></span> <span class='ocrx_word' id='word_1_648' title='bbox 3094 3029 3262 3091; x_wconf 69' lang='lat' dir='ltr'><strong>iniuria</strong></span> <span class='ocrx_word' id='word_1_649' title='bbox 3279 3032 3381 3081; x_wconf 85' lang='lat' dir='ltr'><strong>affi-</strong></span> 
     </span>
     <span class='ocr_line' id='line_1_79' title="bbox 1817 3122 3377 3191; baseline 0.007 -22"><span class='ocrx_word' id='word_1_650' title='bbox 1817 3134 1994 3183; x_wconf 86' lang='lat' dir='ltr'><strong>cerem,</strong></span> <span class='ocrx_word' id='word_1_651' title='bbox 2014 3126 2061 3170; x_wconf 88' lang='lat' dir='ltr'><strong>et</strong></span> <span class='ocrx_word' id='word_1_652' title='bbox 2078 3122 2169 3171; x_wconf 85' lang='lat' dir='ltr'><strong>hac</strong></span> <span class='ocrx_word' id='word_1_653' title='bbox 2182 3122 2285 3186; x_wconf 84' lang='lat' dir='ltr'><strong>ipsa</strong></span> <span class='ocrx_word' id='word_1_654' title='bbox 2300 3137 2352 3174; x_wconf 88' lang='lat' dir='ltr'><strong>re</strong></span> <span class='ocrx_word' id='word_1_655' title='bbox 2369 3124 2625 3174; x_wconf 87' lang='lat' dir='ltr'><strong>nonnullos</strong></span> <span class='ocrx_word' id='word_1_656' title='bbox 2645 3124 2768 3175; x_wconf 77' lang='lat' dir='ltr'><strong>laedo</strong></span> <span class='ocrx_word' id='word_1_657' title='bbox 2782 3160 2798 3188; x_wconf 92' lang='lat'><strong>,</strong></span> <span class='ocrx_word' id='word_1_658' title='bbox 2824 3140 2922 3189; x_wconf 88' lang='lat' dir='ltr'><strong>quo</strong></span> <span class='ocrx_word' id='word_1_659' title='bbox 2946 3127 3089 3177; x_wconf 89' lang='lat' dir='ltr'><strong>modo</strong></span> <span class='ocrx_word' id='word_1_660' title='bbox 3108 3128 3169 3179; x_wconf 89' lang='lat' dir='ltr'><strong>iis</strong></span> <span class='ocrx_word' id='word_1_661' title='bbox 3187 3134 3377 3191; x_wconf 84' lang='lat' dir='ltr'><strong>gratum</strong></span> 
     </span>
     <span class='ocr_line' id='line_1_80' title="bbox 1817 3218 3382 3289; baseline 0.008 -22"><span class='ocrx_word' id='word_1_662' title='bbox 1817 3218 1935 3281; x_wconf 85' lang='lat' dir='ltr'><strong>quid</strong></span> <span class='ocrx_word' id='word_1_663' title='bbox 1972 3220 2174 3269; x_wconf 76' lang='lat' dir='ltr'><strong>faciam?</strong></span> <span class='ocrx_word' id='word_1_664' title='bbox 2198 3226 2284 3270; x_wconf 89' lang='lat' dir='ltr'><strong>aut</strong></span> <span class='ocrx_word' id='word_1_665' title='bbox 2304 3221 2419 3284; x_wconf 88' lang='lat' dir='ltr'><strong>quid</strong></span> <span class='ocrx_word' id='word_1_666' title='bbox 2443 3222 2679 3286; x_wconf 88' lang='lat' dir='ltr'><strong>reliquum</strong></span> <span class='ocrx_word' id='word_1_667' title='bbox 2699 3228 2775 3273; x_wconf 84' lang='lat' dir='ltr'><strong>est</strong></span> <span class='ocrx_word' id='word_1_668' title='bbox 2796 3224 2887 3275; x_wconf 87' lang='lat' dir='ltr'><strong>nisi</strong></span> <span class='ocrx_word' id='word_1_669' title='bbox 2916 3236 2995 3275; x_wconf 90' lang='lat' dir='ltr'><strong>me</strong></span> <span class='ocrx_word' id='word_1_670' title='bbox 3013 3224 3267 3289; x_wconf 76' lang='lat' dir='ltr'><strong>infelicem,</strong></span> <span class='ocrx_word' id='word_1_671' title='bbox 3293 3229 3382 3280; x_wconf 82' lang='lat' dir='ltr'><strong>bos</strong></span> 
     </span>
     <span class='ocr_line' id='line_1_81' title="bbox 1818 3315 3383 3390; baseline 0.009 -27"><span class='ocrx_word' id='word_1_672' title='bbox 1818 3315 2065 3378; x_wconf 85' lang='lat' dir='ltr'><strong>imperitos</strong></span> <span class='ocrx_word' id='word_1_673' title='bbox 2085 3323 2134 3368; x_wconf 89' lang='lat' dir='ltr'><strong>et</strong></span> <span class='ocrx_word' id='word_1_674' title='bbox 2164 3332 2334 3380; x_wconf 84' lang='lat' dir='ltr'><strong>graves</strong></span> <span class='ocrx_word' id='word_1_675' title='bbox 2356 3320 2458 3369; x_wconf 89' lang='lat' dir='ltr'><strong>suis</strong></span> <span class='ocrx_word' id='word_1_676' title='bbox 2480 3321 2666 3371; x_wconf 81' lang='lat' dir='ltr'><strong>civibus</strong></span> <span class='ocrx_word' id='word_1_677' title='bbox 2692 3321 2883 3374; x_wconf 80' lang='lat' dir='ltr'><strong>videri?</strong></span> <span class='ocrx_word' id='word_1_678' title='bbox 2908 3326 3039 3387; x_wconf 75' lang='grc'>(154)</span> <span class='ocrx_word' id='word_1_679' title='bbox 3068 3329 3124 3375; x_wconf 86' lang='lat' dir='ltr'><strong>Et</strong></span> <span class='ocrx_word' id='word_1_680' title='bbox 3148 3325 3277 3390; x_wconf 88' lang='lat' dir='ltr'><strong>apud</strong></span> <span class='ocrx_word' id='word_1_681' title='bbox 3300 3341 3383 3377; x_wconf 83' lang='lat' dir='ltr'><strong>eos</strong></span> 
     </span>
     <span class='ocr_line' id='line_1_82' title="bbox 1819 3413 3383 3482; baseline 0.006 -20"><span class='ocrx_word' id='word_1_682' title='bbox 1819 3413 2017 3475; x_wconf 87' lang='lat' dir='ltr'><strong>quidem</strong></span> <span class='ocrx_word' id='word_1_683' title='bbox 2051 3415 2135 3478; x_wconf 85' lang='lat' dir='ltr'><strong>qui</strong></span> <span class='ocrx_word' id='word_1_684' title='bbox 2158 3416 2221 3465; x_wconf 87' lang='lat' dir='ltr'><strong>ab</strong></span> <span class='ocrx_word' id='word_1_685' title='bbox 2254 3416 2455 3466; x_wconf 88' lang='lat' dir='ltr'><strong>aliorum</strong></span> <span class='ocrx_word' id='word_1_686' title='bbox 2488 3418 2736 3468; x_wconf 86' lang='lat' dir='ltr'><strong>sententiis</strong></span> <span class='ocrx_word' id='word_1_687' title='bbox 2772 3432 2969 3482; x_wconf 88' lang='lat' dir='ltr'><strong>prorsus</strong></span> <span class='ocrx_word' id='word_1_688' title='bbox 3003 3419 3289 3471; x_wconf 83' lang='lat' dir='ltr'><strong>dissentiant</strong></span> <span class='ocrx_word' id='word_1_689' title='bbox 3314 3422 3383 3471; x_wconf 89' lang='lat' dir='ltr'><strong>in·</strong></span> 
     </span>
     <span class='ocr_line' id='line_1_83' title="bbox 1821 3512 3385 3581; baseline 0.008 -22"><span class='ocrx_word' id='word_1_690' title='bbox 1821 3512 2144 3577; x_wconf 82' lang='lat' dir='ltr'><strong>lensioresque</strong></span> <span class='ocrx_word' id='word_1_691' title='bbox 2167 3512 2266 3563; x_wconf 88' lang='lat' dir='ltr'><strong>sint</strong></span> <span class='ocrx_word' id='word_1_692' title='bbox 2297 3515 2632 3566; x_wconf 83' lang='lat' dir='ltr'><strong>innocentibus</strong></span> <span class='ocrx_word' id='word_1_693' title='bbox 2662 3528 2808 3579; x_wconf 89' lang='lat' dir='ltr'><strong>quam</strong></span> <span class='ocrx_word' id='word_1_694' title='bbox 2842 3518 3153 3581; x_wconf 86' lang='lat' dir='ltr'><strong>nocentibus,</strong></span> <span class='ocrx_word' id='word_1_695' title='bbox 3180 3521 3385 3571; x_wconf 82' lang='lat' dir='ltr'><strong>stultum</strong></span> 
     </span>
     <span class='ocr_line' id='line_1_84' title="bbox 1819 3614 3383 3683; baseline 0.008 -20"><span class='ocrx_word' id='word_1_696' title='bbox 1819 3617 1893 3664; x_wconf 88' lang='lat' dir='ltr'><strong>est</strong></span> <span class='ocrx_word' id='word_1_697' title='bbox 1918 3628 1995 3665; x_wconf 83' lang='lat' dir='ltr'><strong>ine</strong></span> <span class='ocrx_word' id='word_1_698' title='bbox 2017 3614 2273 3666; x_wconf 80' lang='lat' dir='ltr'><strong>defendere</strong></span> <span class='ocrx_word' id='word_1_699' title='bbox 2296 3632 2308 3665; x_wconf 91' lang='lat'><strong>:</strong></span> <span class='ocrx_word' id='word_1_700' title='bbox 2340 3630 2438 3680; x_wconf 88' lang='lat' dir='ltr'><strong>quo</strong></span> <span class='ocrx_word' id='word_1_701' title='bbox 2470 3618 2599 3668; x_wconf 91' lang='lat' dir='ltr'><strong>euim</strong></span> <span class='ocrx_word' id='word_1_702' title='bbox 2622 3619 2733 3679; x_wconf 88' lang='lat' dir='ltr'><strong>quis</strong></span> <span class='ocrx_word' id='word_1_703' title='bbox 2756 3632 2808 3669; x_wconf 89' lang='lat' dir='ltr'><strong>se</strong></span> <span class='ocrx_word' id='word_1_704' title='bbox 2832 3619 3134 3683; x_wconf 80' lang='lat' dir='ltr'><strong>integriorem</strong></span> <span class='ocrx_word' id='word_1_705' title='bbox 3157 3622 3383 3676; x_wconf 79' lang='lat' dir='ltr'><strong>exbibue-</strong></span> 
     </span>
     <span class='ocr_line' id='line_1_85' title="bbox 1821 3715 3385 3786; baseline 0.004 -19"><span class='ocrx_word' id='word_1_706' title='bbox 1821 3715 1900 3777; x_wconf 84' lang='lat' dir='ltr'><strong>rit,</strong></span> <span class='ocrx_word' id='word_1_707' title='bbox 1920 3718 2055 3767; x_wconf 87' lang='lat' dir='ltr'><strong>tanto</strong></span> <span class='ocrx_word' id='word_1_708' title='bbox 2070 3719 2205 3781; x_wconf 83' lang='lat' dir='ltr'><strong>pejus</strong></span> <span class='ocrx_word' id='word_1_709' title='bbox 2222 3732 2335 3768; x_wconf 89' lang='lat' dir='ltr'><strong>eum</strong></span> <span class='ocrx_word' id='word_1_710' title='bbox 2350 3717 2478 3782; x_wconf 87' lang='lat' dir='ltr'><strong>apud</strong></span> <span class='ocrx_word' id='word_1_711' title='bbox 2492 3719 2599 3767; x_wconf 85' lang='lat' dir='ltr'><strong>illos</strong></span> <span class='ocrx_word' id='word_1_712' title='bbox 2617 3732 2811 3769; x_wconf 86' lang='lat' dir='ltr'><strong>causam</strong></span> <span class='ocrx_word' id='word_1_713' title='bbox 2826 3719 3066 3771; x_wconf 86' lang='lat' dir='ltr'><strong>dicturum</strong></span> <span class='ocrx_word' id='word_1_714' title='bbox 3081 3724 3385 3786; x_wconf 84' lang='lat' dir='ltr'><strong>perspicuum</strong></span> 
     </span>
     <span class='ocr_line' id='line_1_86' title="bbox 1822 3817 3387 3884; baseline 0.007 -19"><span class='ocrx_word' id='word_1_715' title='bbox 1822 3820 1932 3865; x_wconf 88' lang='lat' dir='ltr'><strong>est:</strong></span> <span class='ocrx_word' id='word_1_716' title='bbox 1958 3817 2086 3879; x_wconf 89' lang='lat' dir='ltr'><strong>apud</strong></span> <span class='ocrx_word' id='word_1_717' title='bbox 2099 3824 2283 3867; x_wconf 87' lang='lat' dir='ltr'><strong>ceteros</strong></span> <span class='ocrx_word' id='word_1_718' title='bbox 2314 3830 2428 3867; x_wconf 85' lang='lat' dir='ltr'><strong>vero</strong></span> <span class='ocrx_word' id='word_1_719' title='bbox 2452 3818 2513 3867; x_wconf 91' lang='lat' dir='ltr'><strong>de</strong></span> <span class='ocrx_word' id='word_1_720' title='bbox 2536 3819 2595 3868; x_wconf 89' lang='lat' dir='ltr'><strong>iis</strong></span> <span class='ocrx_word' id='word_1_721' title='bbox 2634 3832 2745 3882; x_wconf 66' lang='lat' dir='ltr'><strong>qua‘.</strong></span> <span class='ocrx_word' id='word_1_722' title='bbox 2788 3822 3101 3884; x_wconf 75' lang='lat' dir='ltr'><strong>Lysimachus</strong></span> <span class='ocrx_word' id='word_1_723' title='bbox 3138 3824 3189 3873; x_wconf 91' lang='lat' dir='ltr'><strong>in</strong></span> <span class='ocrx_word' id='word_1_724' title='bbox 3212 3838 3289 3875; x_wconf 87' lang='lat' dir='ltr'><strong>me</strong></span> <span class='ocrx_word' id='word_1_725' title='bbox 3312 3838 3387 3876; x_wconf 84' lang='lat' dir='ltr'><strong>ca·</strong></span> 
     </span>
     <span class='ocr_line' id='line_1_87' title="bbox 1821 3919 3389 3988; baseline 0.007 -19"><span class='ocrx_word' id='word_1_726' title='bbox 1821 3919 2085 3971; x_wconf 84' lang='lat' dir='ltr'><strong>lumniatus</strong></span> <span class='ocrx_word' id='word_1_727' title='bbox 2104 3923 2197 3983; x_wconf 85' lang='lat' dir='ltr'><strong>est,</strong></span> <span class='ocrx_word' id='word_1_728' title='bbox 2214 3933 2292 3971; x_wconf 90' lang='lat' dir='ltr'><strong>me</strong></span> <span class='ocrx_word' id='word_1_729' title='bbox 2307 3920 2515 3971; x_wconf 84' lang='lat' dir='ltr'><strong>inlinitas</strong></span> <span class='ocrx_word' id='word_1_730' title='bbox 2530 3922 2720 3973; x_wconf 81' lang='lat' dir='ltr'><strong>divitias</strong></span> <span class='ocrx_word' id='word_1_731' title='bbox 2733 3925 2976 3987; x_wconf 85' lang='lat' dir='ltr'><strong>possidere</strong></span> <span class='ocrx_word' id='word_1_732' title='bbox 2990 3960 3006 3988; x_wconf 90' lang='lat'><strong>,</strong></span> <span class='ocrx_word' id='word_1_733' title='bbox 3019 3926 3181 3978; x_wconf 87' lang='lat' dir='ltr'><strong>dicere</strong></span> <span class='ocrx_word' id='word_1_734' title='bbox 3194 3942 3389 3981; x_wconf 78' lang='lat' dir='ltr'><strong>necesse</strong></span> 
     </span>
     <span class='ocr_line' id='line_1_88' title="bbox 1823 4027 3386 4099; baseline 0.008 -24"><span class='ocrx_word' id='word_1_735' title='bbox 1823 4030 1923 4086; x_wconf 89' lang='lat' dir='ltr'><strong>est,</strong></span> <span class='ocrx_word' id='word_1_736' title='bbox 1942 4040 2003 4075; x_wconf 89' lang='lat' dir='ltr'><strong>ne</strong></span> <span class='ocrx_word' id='word_1_737' title='bbox 2019 4027 2147 4075; x_wconf 87' lang='lat' dir='ltr'><strong>illius</strong></span> <span class='ocrx_word' id='word_1_738' title='bbox 2170 4028 2319 4077; x_wconf 83' lang='lat' dir='ltr'><strong>oratio</strong></span> <span class='ocrx_word' id='word_1_739' title='bbox 2343 4040 2431 4091; x_wconf 88' lang='lat' dir='ltr'><strong>pro</strong></span> <span class='ocrx_word' id='word_1_740' title='bbox 2450 4040 2563 4078; x_wconf 81' lang='lat' dir='ltr'><strong>vera</strong></span> <span class='ocrx_word' id='word_1_741' title='bbox 2586 4029 2751 4079; x_wconf 85' lang='lat' dir='ltr'><strong>habita</strong></span> <span class='ocrx_word' id='word_1_742' title='bbox 2778 4030 2827 4080; x_wconf 92' lang='lat' dir='ltr'><strong>in</strong></span> <span class='ocrx_word' id='word_1_743' title='bbox 2852 4033 3031 4095; x_wconf 83' lang='lat' dir='ltr'><strong>majora</strong></span> <span class='ocrx_word' id='word_1_744' title='bbox 3052 4037 3103 4084; x_wconf 87' lang='lat' dir='ltr'><strong>et</strong></span> <span class='ocrx_word' id='word_1_745' title='bbox 3124 4036 3259 4099; x_wconf 84' lang='lat' dir='ltr'><strong>plura</strong></span> <span class='ocrx_word' id='word_1_746' title='bbox 3282 4050 3386 4089; x_wconf 89' lang='lat' dir='ltr'><strong>mu-</strong></span> 
     </span>
     <span class='ocr_line' id='line_1_89' title="bbox 1823 4128 3382 4203; baseline 0.009 -27"><span class='ocrx_word' id='word_1_747' title='bbox 1823 4140 1963 4189; x_wconf 87' lang='lat' dir='ltr'><strong>nera,</strong></span> <span class='ocrx_word' id='word_1_748' title='bbox 1986 4141 2131 4191; x_wconf 88' lang='lat' dir='ltr'><strong>quam</strong></span> <span class='ocrx_word' id='word_1_749' title='bbox 2149 4141 2259 4192; x_wconf 81' lang='lat' dir='ltr'><strong>quae</strong></span> <span class='ocrx_word' id='word_1_750' title='bbox 2275 4128 2511 4179; x_wconf 87' lang='lat' dir='ltr'><strong>sustinere</strong></span> <span class='ocrx_word' id='word_1_751' title='bbox 2539 4131 2793 4193; x_wconf 85' lang='lat' dir='ltr'><strong>possimus,</strong></span> <span class='ocrx_word' id='word_1_752' title='bbox 2824 4146 2913 4183; x_wconf 87' lang='lat' dir='ltr'><strong>nos</strong></span> <span class='ocrx_word' id='word_1_753' title='bbox 2942 4134 3178 4197; x_wconf 83' lang='lat' dir='ltr'><strong>conjiciat.</strong></span> <span class='ocrx_word' id='word_1_754' title='bbox 3256 4138 3382 4203; x_wconf 75' lang='grc'>(155)</span> 
     </span>
     <span class='ocr_line' id='line_1_90' title="bbox 1825 4230 3389 4297; baseline 0.008 -16"><span class='ocrx_word' id='word_1_755' title='bbox 1825 4230 2033 4281; x_wconf 87' lang='lat' dir='ltr'><strong>Omnino</strong></span> <span class='ocrx_word' id='word_1_756' title='bbox 2055 4244 2221 4283; x_wconf 86' lang='lat' dir='ltr'><strong>eorum</strong></span> <span class='ocrx_word' id='word_1_757' title='bbox 2249 4232 2333 4294; x_wconf 87' lang='lat' dir='ltr'><strong>qui</strong></span> <span class='ocrx_word' id='word_1_758' title='bbox 2358 4232 2586 4294; x_wconf 63' lang='lat' dir='ltr'><strong>sophistae</strong></span> <span class='ocrx_word' id='word_1_759' title='bbox 2614 4234 2928 4297; x_wconf 84' lang='lat' dir='ltr'><strong>appellantur,</strong></span> <span class='ocrx_word' id='word_1_760' title='bbox 2947 4250 3089 4287; x_wconf 89' lang='lat' dir='ltr'><strong>nemo</strong></span> <span class='ocrx_word' id='word_1_761' title='bbox 3113 4240 3239 4291; x_wconf 86' lang='lat' dir='ltr'><strong>ullus</strong></span> <span class='ocrx_word' id='word_1_762' title='bbox 3262 4244 3389 4293; x_wconf 92' lang='lat' dir='ltr'><strong>mul·</strong></span> 
     </span>
     <span class='ocr_line' id='line_1_91' title="bbox 1828 4332 3389 4405; baseline 0.008 -23"><span class='ocrx_word' id='word_1_763' title='bbox 1828 4338 1900 4382; x_wconf 86' lang='lat' dir='ltr'><strong>tas</strong></span> <span class='ocrx_word' id='word_1_764' title='bbox 1936 4346 2052 4395; x_wconf 88' lang='lat' dir='ltr'><strong>opes</strong></span> <span class='ocrx_word' id='word_1_765' title='bbox 2098 4332 2345 4396; x_wconf 83' lang='lat' dir='ltr'><strong>collegisse</strong></span> <span class='ocrx_word' id='word_1_766' title='bbox 2381 4334 2662 4398; x_wconf 85' lang='lat' dir='ltr'><strong>reperietur,</strong></span> <span class='ocrx_word' id='word_1_767' title='bbox 2696 4336 2783 4386; x_wconf 86' lang='lat' dir='ltr'><strong>sed</strong></span> <span class='ocrx_word' id='word_1_768' title='bbox 2814 4336 2897 4387; x_wconf 86' lang='lat' dir='ltr'><strong>alii</strong></span> <span class='ocrx_word' id='word_1_769' title='bbox 2930 4338 2979 4389; x_wconf 91' lang='lat' dir='ltr'><strong>in</strong></span> <span class='ocrx_word' id='word_1_770' title='bbox 3018 4354 3073 4391; x_wconf 85' lang='lat' dir='ltr'><strong>re</strong></span> <span class='ocrx_word' id='word_1_771' title='bbox 3110 4343 3273 4405; x_wconf 87' lang='lat' dir='ltr'><strong>tenui,</strong></span> <span class='ocrx_word' id='word_1_772' title='bbox 3310 4344 3389 4397; x_wconf 82' lang='lat' dir='ltr'><strong>alii</strong></span> 
     </span>
     <span class='ocr_line' id='line_1_92' title="bbox 1826 4432 3391 4504; baseline 0.008 -23"><span class='ocrx_word' id='word_1_773' title='bbox 1826 4434 1969 4483; x_wconf 85' lang='lat' dir='ltr'><strong>valde</strong></span> <span class='ocrx_word' id='word_1_774' title='bbox 1992 4432 2177 4483; x_wconf 89' lang='lat' dir='ltr'><strong>modica</strong></span> <span class='ocrx_word' id='word_1_775' title='bbox 2208 4438 2401 4484; x_wconf 67' lang='lat' dir='ltr'><strong>aetatem</strong></span> <span class='ocrx_word' id='word_1_776' title='bbox 2427 4438 2793 4498; x_wconf 80' lang='lat' dir='ltr'><strong>transegerunt3</strong></span> <span class='ocrx_word' id='word_1_777' title='bbox 2828 4448 2997 4488; x_wconf 83' lang='lat' dir='ltr'><strong>verum</strong></span> <span class='ocrx_word' id='word_1_778' title='bbox 3037 4439 3121 4503; x_wconf 92' lang='lat' dir='ltr'><strong>qui</strong></span> <span class='ocrx_word' id='word_1_779' title='bbox 3162 4441 3391 4504; x_wconf 84' lang='lat' dir='ltr'><strong>plurimas</strong></span> 
     </span>
    </p>
   </div>
   <div class='ocr_carea' id='block_1_13' title="bbox 1827 4535 3391 4705">
    <p class='ocr_par' dir='ltr' id='par_1_14' title="bbox 1827 4535 3391 4705">
     <span class='ocr_line' id='line_1_93' title="bbox 1827 4535 3391 4616; baseline 0.004 -30"><span class='ocrx_word' id='word_1_780' title='bbox 1827 4535 2041 4586; x_wconf 89' lang='lat' dir='ltr'><strong>omnium</strong></span> <span class='ocrx_word' id='word_1_781' title='bbox 2054 4573 2071 4599; x_wconf 95' lang='lat'><strong>,</strong></span> <span class='ocrx_word' id='word_1_782' title='bbox 2090 4549 2295 4599; x_wconf 90' lang='lat' dir='ltr'><strong>quorum</strong></span> <span class='ocrx_word' id='word_1_783' title='bbox 2314 4536 2545 4586; x_wconf 87' lang='lat' dir='ltr'><strong>memoria</strong></span> <span class='ocrx_word' id='word_1_784' title='bbox 2559 4536 2695 4587; x_wconf 89' lang='lat' dir='ltr'><strong>nobis</strong></span> <span class='ocrx_word' id='word_1_785' title='bbox 2716 4536 2902 4601; x_wconf 88' lang='lat' dir='ltr'><strong>prodita</strong></span> <span class='ocrx_word' id='word_1_786' title='bbox 2919 4540 3257 4616; x_wconf 35' lang='lat' dir='ltr'><strong>estapossedit,</strong></span> <span class='ocrx_word' id='word_1_787' title='bbox 3274 4545 3391 4593; x_wconf 87' lang='lat' dir='ltr'><strong>Gor·</strong></span> 
     </span>
     <span class='ocr_line' id='line_1_94' title="bbox 1827 4635 3390 4705; baseline 0.004 -20"><span class='ocrx_word' id='word_1_788' title='bbox 1827 4636 1927 4699; x_wconf 80' lang='lat' dir='ltr'><strong>gias</strong></span> <span class='ocrx_word' id='word_1_789' title='bbox 1943 4637 2219 4699; x_wconf 76' lang='lat' dir='ltr'><strong>Leontinus,</strong></span> <span class='ocrx_word' id='word_1_790' title='bbox 2239 4636 2318 4687; x_wconf 85' lang='lat' dir='ltr'><strong>bic</strong></span> <span class='ocrx_word' id='word_1_791' title='bbox 2334 4636 2527 4699; x_wconf 87' lang='lat' dir='ltr'><strong>quidem</strong></span> <span class='ocrx_word' id='word_1_792' title='bbox 2546 4635 2595 4685; x_wconf 90' lang='lat' dir='ltr'><strong>in</strong></span> <span class='ocrx_word' id='word_1_793' title='bbox 2613 4636 2859 4687; x_wconf 83' lang='lat' dir='ltr'><strong>Thessalia</strong></span> <span class='ocrx_word' id='word_1_794' title='bbox 2875 4645 3199 4691; x_wconf 87' lang='lat' dir='ltr'><strong>commoratus</strong></span> <span class='ocrx_word' id='word_1_795' title='bbox 3210 4677 3224 4701; x_wconf 93' lang='lat'><strong>,</strong></span> <span class='ocrx_word' id='word_1_796' title='bbox 3240 4655 3390 4705; x_wconf 90' lang='lat' dir='ltr'><strong>quum</strong></span> 
     </span>
    </p>
   </div>
   <div class='ocr_carea' id='block_1_14' title="bbox 1829 4740 3392 5013">
    <p class='ocr_par' dir='ltr' id='par_1_15' title="bbox 1829 4740 3392 5013">
     <span class='ocr_line' id='line_1_95' title="bbox 1829 4740 3392 4806; baseline -0.001 -14"><span class='ocrx_word' id='word_1_797' title='bbox 1829 4744 2103 4792; x_wconf 86' lang='lat' dir='ltr'><strong>Graecorum</strong></span> <span class='ocrx_word' id='word_1_798' title='bbox 2124 4742 2189 4791; x_wconf 89' lang='lat' dir='ltr'><strong>illi</strong></span> <span class='ocrx_word' id='word_1_799' title='bbox 2208 4740 2555 4804; x_wconf 87' lang='lat' dir='ltr'><strong>opulentissimi</strong></span> <span class='ocrx_word' id='word_1_800' title='bbox 2586 4746 2764 4806; x_wconf 87' lang='lat' dir='ltr'><strong>essent,</strong></span> <span class='ocrx_word' id='word_1_801' title='bbox 2784 4742 2964 4806; x_wconf 86' lang='lat' dir='ltr'><strong>quique</strong></span> <span class='ocrx_word' id='word_1_802' title='bbox 2986 4742 3253 4793; x_wconf 87' lang='lat' dir='ltr'><strong>diutissime</strong></span> <span class='ocrx_word' id='word_1_803' title='bbox 3271 4742 3392 4793; x_wconf 81' lang='lat' dir='ltr'><strong>vixit</strong></span> 
     </span>
     <span class='ocr_line' id='line_1_96' title="bbox 1829 4845 3391 4911; baseline 0.001 -13"><span class='ocrx_word' id='word_1_804' title='bbox 1829 4850 1877 4898; x_wconf 90' lang='lat' dir='ltr'><strong>iu</strong></span> <span class='ocrx_word' id='word_1_805' title='bbox 1901 4849 1995 4898; x_wconf 90' lang='lat' dir='ltr'><strong>hoc</strong></span> <span class='ocrx_word' id='word_1_806' title='bbox 2017 4848 2205 4911; x_wconf 74' lang='lat' dir='ltr'><strong>quaestu</strong></span> <span class='ocrx_word' id='word_1_807' title='bbox 2220 4848 2502 4910; x_wconf 77' lang='lat' dir='ltr'><strong>occupatuS,</strong></span> <span class='ocrx_word' id='word_1_808' title='bbox 2567 4846 2696 4911; x_wconf 81' lang='lat'>(156)</span> <span class='ocrx_word' id='word_1_809' title='bbox 2718 4859 2874 4909; x_wconf 84' lang='lat' dir='ltr'><strong>neque</strong></span> <span class='ocrx_word' id='word_1_810' title='bbox 2896 4845 3039 4896; x_wconf 85' lang='lat' dir='ltr'><strong>ullam</strong></span> <span class='ocrx_word' id='word_1_811' title='bbox 3062 4846 3227 4896; x_wconf 89' lang='lat' dir='ltr'><strong>urbem</strong></span> <span class='ocrx_word' id='word_1_812' title='bbox 3243 4848 3391 4899; x_wconf 85' lang='lat' dir='ltr'><strong>conti·</strong></span> 
     </span>
     <span class='ocr_line' id='line_1_97' title="bbox 1829 4946 3391 5013; baseline 0 -13"><span class='ocrx_word' id='word_1_813' title='bbox 1829 4964 1928 5000; x_wconf 89' lang='lat' dir='ltr'><strong>nuo</strong></span> <span class='ocrx_word' id='word_1_814' title='bbox 1950 4953 2161 5013; x_wconf 83' lang='lat' dir='ltr'><strong>tempore</strong></span> <span class='ocrx_word' id='word_1_815' title='bbox 2183 4949 2413 5012; x_wconf 89' lang='lat' dir='ltr'><strong>incoluit,</strong></span> <span class='ocrx_word' id='word_1_816' title='bbox 2428 4962 2587 5013; x_wconf 92' lang='lat' dir='ltr'><strong>neque</strong></span> <span class='ocrx_word' id='word_1_817' title='bbox 2606 4950 2653 4999; x_wconf 90' lang='lat' dir='ltr'><strong>in</strong></span> <span class='ocrx_word' id='word_1_818' title='bbox 2673 4946 3016 5010; x_wconf 83' lang='lat' dir='ltr'><strong>rempublicam</strong></span> <span class='ocrx_word' id='word_1_819' title='bbox 3038 4948 3301 5012; x_wconf 82' lang='lat' dir='ltr'><strong>impensam</strong></span> <span class='ocrx_word' id='word_1_820' title='bbox 3326 4950 3391 5000; x_wconf 86' lang='lat' dir='ltr'><strong>l&#39;a·</strong></span> 
     </span>
    </p>
   </div>
   <div class='ocr_carea' id='block_1_15' title="bbox 175 5050 3390 5137">
    <p class='ocr_par' dir='ltr' id='par_1_16' title="bbox 175 5050 3390 5137">
     <span class='ocr_line' id='line_1_98' title="bbox 175 5050 3390 5137; baseline -0.004 -24"><span class='ocrx_word' id='word_1_821' title='bbox 175 5053 336 5135; x_wconf 74' lang='grc' dir='ltr'>φορὰν</span> <span class='ocrx_word' id='word_1_822' title='bbox 376 5052 690 5131; x_wconf 80' lang='grc' dir='ltr'>εἰσενεγκεῖν</span> <span class='ocrx_word' id='word_1_823' title='bbox 741 5054 1111 5132; x_wconf 85' lang='grc' dir='ltr'>ἀναγκασθείς,</span> <span class='ocrx_word' id='word_1_824' title='bbox 1164 5053 1240 5113; x_wconf 72' lang='grc' dir='ltr'><strong>ἔτι</strong></span> <span class='ocrx_word' id='word_1_825' title='bbox 1291 5052 1346 5114; x_wconf 80' lang='grc' dir='ltr'><strong>δὲ</strong></span> <span class='ocrx_word' id='word_1_826' title='bbox 1381 5054 1510 5137; x_wconf 79' lang='grc' dir='ltr'>πρὸς</span> <span class='ocrx_word' id='word_1_827' title='bbox 1546 5055 1746 5123; x_wconf 78' lang='grc' dir='ltr'>τούτοις</span> <span class='ocrx_word' id='word_1_828' title='bbox 1830 5066 1939 5104; x_wconf 86' lang='lat' dir='ltr'><strong>cere</strong></span> <span class='ocrx_word' id='word_1_829' title='bbox 1958 5065 2113 5115; x_wconf 86' lang='lat' dir='ltr'><strong>neque</strong></span> <span class='ocrx_word' id='word_1_830' title='bbox 2134 5052 2433 5104; x_wconf 87' lang='lat' dir='ltr'><strong>collationem</strong></span> <span class='ocrx_word' id='word_1_831' title='bbox 2458 5050 2666 5115; x_wconf 87' lang='lat' dir='ltr'><strong>pendere</strong></span> <span class='ocrx_word' id='word_1_832' title='bbox 2688 5052 2883 5099; x_wconf 87' lang='lat' dir='ltr'><strong>coactus</strong></span> <span class='ocrx_word' id='word_1_833' title='bbox 2918 5053 3021 5111; x_wconf 90' lang='lat' dir='ltr'><strong>est,</strong></span> <span class='ocrx_word' id='word_1_834' title='bbox 3062 5052 3289 5113; x_wconf 84' lang='lat' dir='ltr'><strong>proeterea</strong></span> <span class='ocrx_word' id='word_1_835' title='bbox 3310 5063 3390 5101; x_wconf 88' lang='lat' dir='ltr'><strong>nc·</strong></span> 
     </span>
    </p>
   </div>
   <div class='ocr_carea' id='block_1_16' title="bbox 179 5140 1746 5224">
    <p class='ocr_par' dir='ltr' id='par_1_17' title="bbox 179 5140 1746 5224">
     <span class='ocr_line' id='line_1_99' title="bbox 179 5140 1746 5224; baseline 0.002 -23"><span class='ocrx_word' id='word_1_836' title='bbox 179 5141 292 5202; x_wconf 83' lang='grc' dir='ltr'>οὗτε</span> <span class='ocrx_word' id='word_1_837' title='bbox 332 5145 563 5224; x_wconf 86' lang='grc' dir='ltr'>γυναῖκα</span> <span class='ocrx_word' id='word_1_838' title='bbox 598 5140 775 5221; x_wconf 85' lang='grc' dir='ltr'>γήμας</span> <span class='ocrx_word' id='word_1_839' title='bbox 823 5142 941 5203; x_wconf 84' lang='grc' dir='ltr'>οὔτε</span> <span class='ocrx_word' id='word_1_840' title='bbox 985 5145 1175 5210; x_wconf 87' lang='grc' dir='ltr'>παῖδας</span> <span class='ocrx_word' id='word_1_841' title='bbox 1213 5143 1582 5222; x_wconf 86' lang='grc' dir='ltr'>ποιησάμενος,</span> <span class='ocrx_word' id='word_1_842' title='bbox 1628 5145 1746 5205; x_wconf 82' lang='grc' dir='ltr'>ἀλλ’</span> 
     </span>
    </p>
   </div>
   <div class='ocr_carea' id='block_1_17' title="bbox 1831 5152 3394 5219">
    <p class='ocr_par' dir='ltr' id='par_1_18' title="bbox 1831 5152 3394 5219">
     <span class='ocr_line' id='line_1_100' title="bbox 1831 5152 3394 5219; baseline 0.001 -16"><span class='ocrx_word' id='word_1_843' title='bbox 1831 5168 1927 5219; x_wconf 88' lang='lat' dir='ltr'><strong>que</strong></span> <span class='ocrx_word' id='word_1_844' title='bbox 1966 5156 2217 5208; x_wconf 84' lang='lat' dir='ltr'><strong>mulierem</strong></span> <span class='ocrx_word' id='word_1_845' title='bbox 2249 5156 2389 5207; x_wconf 82' lang='lat' dir='ltr'><strong>duxit</strong></span> <span class='ocrx_word' id='word_1_846' title='bbox 2422 5167 2579 5217; x_wconf 89' lang='lat' dir='ltr'><strong>neque</strong></span> <span class='ocrx_word' id='word_1_847' title='bbox 2610 5152 2785 5203; x_wconf 90' lang='lat' dir='ltr'><strong>liberos</strong></span> <span class='ocrx_word' id='word_1_848' title='bbox 2818 5152 3011 5215; x_wconf 80' lang='lat' dir='ltr'><strong>genuit,</strong></span> <span class='ocrx_word' id='word_1_849' title='bbox 3043 5152 3126 5204; x_wconf 86' lang='lat' dir='ltr'><strong>sed</strong></span> <span class='ocrx_word' id='word_1_850' title='bbox 3166 5152 3394 5204; x_wconf 83' lang='lat' dir='ltr'><strong>immunis</strong></span> 
     </span>
    </p>
   </div>
   <div class='ocr_carea' id='block_1_18' title="bbox 183 5226 3391 5319">
    <p class='ocr_par' dir='ltr' id='par_1_19' title="bbox 183 5226 3391 5319">
     <span class='ocr_line' id='line_1_101' title="bbox 183 5226 3391 5319; baseline -0.001 -14"><span class='ocrx_word' id='word_1_851' title='bbox 183 5232 368 5305; x_wconf 59' lang='grc' dir='ltr'>ἀτελὴς</span> <span class='ocrx_word' id='word_1_852' title='bbox 399 5230 677 5311; x_wconf 69' lang='grc' dir='ltr'>γενόμενος</span> <span class='ocrx_word' id='word_1_853' title='bbox 702 5230 794 5291; x_wconf 64' lang='grc' dir='ltr'><strong>καὶ</strong></span> <span class='ocrx_word' id='word_1_854' title='bbox 821 5231 1016 5309; x_wconf 43' lang='lat' dir='ltr'><strong>wilm&lt;</strong></span> <span class='ocrx_word' id='word_1_855' title='bbox 1052 5238 1145 5306; x_wconf 72' lang='grc' dir='ltr'><strong>τῆς</strong></span> <span class='ocrx_word' id='word_1_856' title='bbox 1172 5232 1499 5315; x_wconf 67' lang='grc' dir='ltr'>λειτουργίας</span> <span class='ocrx_word' id='word_1_857' title='bbox 1537 5237 1628 5307; x_wconf 68' lang='grc' dir='ltr'><strong>τῆς</strong></span> <span class='ocrx_word' id='word_1_858' title='bbox 1655 5236 1740 5293; x_wconf 70' lang='grc' dir='ltr'><strong>ἓν·</strong></span> <span class='ocrx_word' id='word_1_859' title='bbox 1783 5226 1792 5293; x_wconf 79' lang='grc' dir='ltr'>Ι</span> <span class='ocrx_word' id='word_1_860' title='bbox 1831 5253 1973 5319; x_wconf 84' lang='lat' dir='ltr'><strong>etiam</strong></span> <span class='ocrx_word' id='word_1_861' title='bbox 1997 5254 2072 5303; x_wconf 73' lang='lat' dir='ltr'><strong>liis</strong></span> <span class='ocrx_word' id='word_1_862' title='bbox 2098 5254 2325 5316; x_wconf 79' lang='lat' dir='ltr'><strong>impensis</strong></span> <span class='ocrx_word' id='word_1_863' title='bbox 2350 5253 2565 5303; x_wconf 90' lang='lat' dir='ltr'><strong>omnium</strong></span> <span class='ocrx_word' id='word_1_864' title='bbox 2592 5252 2799 5303; x_wconf 76' lang='lat' dir='ltr'><strong>maxime</strong></span> <span class='ocrx_word' id='word_1_865' title='bbox 2818 5251 3057 5302; x_wconf 83' lang='lat' dir='ltr'><strong>continuis</strong></span> <span class='ocrx_word' id='word_1_866' title='bbox 3076 5254 3391 5316; x_wconf 84' lang='lat' dir='ltr'><strong>etsumptue-</strong></span> 
     </span>
    </p>
   </div>
  </div>
 </body>
</html>
