3825 5842
445 597 536 675 (ιε)
559 593 680 663 τούς
703 618 759 654 τε
799 592 902 675 γὰρ
929 592 1030 652 ὑπὸ
1070 591 1153 653 σοὶ
1177 595 1266 651 νῦν
1301 590 1456 660 ὄντας
1483 596 1606 675 ῥᾷον
1637 592 1702 653 ἂν
1724 593 1998 674 κατέχοις,

443 688 489 746 εἰ
517 683 780 763 μηδεμίαν
801 682 970 762 ἔχοιεν
999 680 1350 762 ἀποστροφήν,
1389 685 1494 740 τῶν
1517 705 1574 741 τε
1607 682 1886 766 βαρὸάρων
1913 682 2000 751 οὓς

445 772 749 855 βουληθείης
791 776 976 829 θᾶττον
1005 768 1068 829 ἂν
1103 768 1508 851 καταστρέψαιο.
1595 770 1782 831 Καίτοι
1808 774 1919 837 πῶς
1940 774 1999 831 οὐ

437 858 546 941 χρὴ
571 857 849 941 προθύμως
873 856 1142 937 ὀρίγεσθαι
1181 860 1276 929 τῆς
1305 856 1548 931 τοιαύτης
1585 857 1812 936 εὐνοίας,
1845 858 1911 917 δι’
1932 859 1999 931 ἢν

385 972 413 1012 s
439 950 500 1010 οὔ
529 947 686 1025 μόνον
723 946 818 1019 τὴν
849 946 1188 1027 ὑπάρχουσαν
1227 945 1396 1026 ἀρχὴν
1443 948 1691 1027 ἀσφαλῶς
1737 946 1999 1021 καθέξεις,
2030 957 2067 999 c

441 1034 580 1096 ἀλλὰ
616 1035 707 1095 καὶ
737 1032 938 1106 πολλὴν
977 1033 1154 1115 ἑτέραν
1201 1033 1481 1101 ἀκινδύνως
1515 1034 1862 1114 προσκτήσεις
1904 1035 1994 1116 (ιο)

439 1123 716 1202 Θαυμάζω
735 1124 780 1182 δ’
805 1121 917 1181 ὅσοι
933 1124 1036 1180 τῶν
1063 1120 1157 1190 τὰς
1175 1121 1416 1199 δυνάμεις
1437 1122 1660 1202 ἐχόντων
1682 1122 1747 1182 τὰ
1776 1124 1870 1200 μὲν
1893 1126 1997 1181 τῶν

439 1209 828 1288 ξενιτευομένων
876 1207 1205 1289 στρατόπεδα
1252 1214 1552 1288 μισθοῦνται
1605 1208 1696 1269 καὶ
1739 1209 1995 1291 χρήματα

437 1298 611 1359 πολλὰ
653 1300 950 1371 δαπανῶσι,
978 1298 1259 1364 συνειδότες
1308 1296 1387 1356 ὅτι
1421 1298 1630 1365 πλείους
1654 1298 1870 1372 ἠδίκηκε
1892 1300 1997 1357 τῶν

366 1404 417 1447 10
443 1386 834 1448 πιστευσάντων
855 1387 1026 1453 αὐτοῖς
1045 1384 1080 1458 ἢ
1106 1384 1308 1445 σέσωκε
1322 1432 1341 1464 ,
1365 1384 1461 1457 τὴν
1481 1384 1536 1445 δὲ
1558 1386 1710 1445 πόλιν
1736 1386 1832 1458 τὴν
1849 1388 2000 1459 τηλι-

441 1474 640 1547 καύτην
670 1473 888 1552 δύναμιν
916 1472 1240 1551 κεκτημένην
1269 1472 1344 1551 μὴ
1370 1478 1652 1555 πειρῶνται
1679 1472 1999 1555 θεραπεύειν,

439 1564 476 1637 ἢ
507 1563 598 1623 καὶ
636 1564 760 1643 μίαν
801 1564 1030 1635 ἑκάστην
1065 1567 1168 1622 τῶν
1207 1561 1414 1623 πόλεων
1454 1563 1545 1623 καὶ
1577 1563 1865 1643 σύμπασαν
1903 1564 2000 1637 τὴν

442 1651 680 1717 Ἑλλάδα
705 1651 956 1719 πολλάκις
981 1653 1084 1725 ἤδη
1109 1649 1355 1714 σέσωκεν.
1437 1654 1530 1730 (so)
1561 1652 1818 1732 Ἐνθυμοῦ
1851 1653 1895 1711 δ’
1921 1655 2001 1712 ὅτι
2025 1646 2068 1713 d

440 1743 654 1809 πολλοῖς
675 1743 848 1808 καλῶς
869 1740 1242 1820 βεὸουλεῦσθαι
1262 1741 1426 1808 δοκεῖς
1439 1786 1455 1814 ,
1470 1740 1550 1800 ὅτι
1569 1740 1782 1809 δικαίως
1805 1741 2001 1822 κέχρη-

357 1847 410 1889 15
439 1853 529 1891 σαι
556 1831 844 1896 Θετταλοῖς
865 1828 956 1889 καὶ
984 1828 1346 1910 συμφερόντως
1368 1829 1607 1902 ἐκείνοις,
1636 1829 1880 1910 ἀνδράσιν
1904 1831 2000 1889 οὐκ

439 1917 928 1999 εὐμεταχειρίστοις,
944 1916 1080 1977 ἀλλὰ
1105 1916 1491 1999 μεγαλοψύχοις
1519 1917 1610 1977 καὶ
1639 1918 1871 1987 στάσεως
1898 1942 2001 1998 με-

439 2015 594 2074 στοῖς.
657 2004 778 2086 Χρὴ
805 2004 972 2065 τοίνυν
995 2004 1087 2064 καὶ
1112 2003 1234 2084 περὶ
1254 2008 1396 2080 ἡμᾶς
1421 2010 1706 2085 πειρᾶσθαι
1735 2003 2001 2086 γίγνεσθαί

437 2115 496 2153 σε
523 2098 768 2165 τοιοῦτον,
789 2090 1132 2169 ἐπιστάμενον
1155 2090 1236 2151 ὅτι
1257 2090 1352 2163 τὴν
1377 2089 1472 2169 μὲν
1500 2091 1681 2173 χώραν
1709 2092 1996 2168 Θετταλοί,

437 2179 535 2253 τὴν
557 2178 614 2239 δὲ
633 2179 852 2258 δύναμιν
883 2180 1034 2259 ἡμεῖς
1063 2176 1250 2259 ὅμορόν
1282 2202 1364 2238 σοι
1395 2180 1724 2260 τυγχάνομεν
1755 2180 1963 2260 ἔχοντες
1982 2205 1997 2221 ·

356 2293 410 2330 2.»
443 2268 508 2341 ἣν
534 2272 592 2329 ἐκ
619 2268 812 2335 παντὸς
833 2268 1028 2347 τρόπου
1049 2268 1192 2339 ζήτει
1215 2269 1658 2350 προσαγαγέσθαι.
1733 2269 1822 2349 (21)
1844 2266 1995 2329 Πολὺ

1508 466 1999 527 ΙΣΟΚΡΑΤΟΥΣ
2040 468 2485 531 ΕΠΙΣΤΟΛΑΙ.
2526 472 2589 530 Γ.

2085 602 2174 655 tibi
2199 604 2397 655 allatura
2414 607 2491 657 est
2508 605 2751 657 utilitates.
2824 605 2925 671 (18)
2961 610 3081 659 Nam
3106 614 3155 660 et
3181 609 3273 661 bos
3293 610 3376 674 qui
3396 610 3477 662 libi
3502 626 3613 665 nune

2086 704 2275 765 parent,
2293 704 2335 755 si
2362 716 2457 753 non
2476 703 2723 755 habebunt
2742 703 2801 755 ad
2820 718 2942 767 quos
2962 706 3260 770 confugiant,
3286 707 3336 757 in
3354 708 3501 759 officio
3518 710 3613 760 laci·

2086 796 2182 849 lius
2213 800 2479 852 continebis
2493 837 2511 866 ,
2550 808 2601 853 et
2631 803 2829 866 quosvis
2856 802 3170 854 barbarorum
3202 804 3407 855 celerius
3426 805 3612 868 subiges.

2087 902 2163 948 An
2180 911 2295 948 vero
2314 899 2421 949 talis
2440 899 2775 969 bmevolenlia
2786 914 2883 952 non
2900 901 3119 953 alacriter
3139 902 3406 967 expetenda
3422 904 3517 965 est.
3537 918 3619 966 ‘lua

2088 1010 2184 1048 non
2208 997 2352 1049 modo
2386 1001 2575 1062 partum
2612 999 2867 1061 imperium
2908 1011 3073 1049 secure
3094 1004 3285 1063 teneas,
3326 1000 3411 1051 sed
3432 1001 3617 1065 amplam

2086 1096 2231 1147 etiam
2252 1096 2483 1151 ditionem
2500 1100 2603 1150 sine
2624 1098 2839 1163 periculo
2858 1098 3109 1163 acquiras?
3128 1098 3237 1163 (¹9)
3258 1099 3405 1150 Miror
3422 1100 3620 1163 equidem

2086 1208 2257 1247 eornm
2294 1196 2565 1261 principum
2598 1197 2833 1260 rationes,
2868 1196 2954 1261 qui
2974 1199 3257 1263 peregrinos
3274 1198 3450 1248 milites
3466 1197 3621 1248 condu-

2085 1296 2207 1343 cunt
2218 1294 2268 1343 et
2286 1294 2471 1357 magnis
2492 1294 2721 1357 impensis
2732 1293 2896 1358 alunt,
2917 1308 2949 1344 a
2968 1294 3146 1359 quibus
3165 1300 3219 1347 et
3238 1294 3334 1359 ipsi
3348 1300 3515 1345 norunt
3534 1294 3623 1359 plu·

2086 1404 2164 1441 res
2184 1405 2351 1443 eorum
2368 1392 2451 1456 qui
2467 1390 2563 1443 illis
2584 1391 2913 1457 crediderunt,
2943 1406 3049 1445 esse
3070 1394 3317 1458 proditos,
3336 1406 3475 1457 quam
3492 1406 3623 1445 serva·

2086 1491 2194 1551 tos;
2212 1492 2313 1541 tam
2333 1491 2539 1555 potentis
2568 1504 2685 1542 veco
2702 1493 2834 1543 urbis
2868 1492 3125 1557 adjungere
3153 1491 3249 1544 sibi
3275 1494 3434 1543 stnd'n
3448 1506 3535 1541 non
3559 1505 3623 1541 co-

2087 1593 2279 1651 nantur,
2299 1603 2409 1653 quae
2425 1604 2577 1655 quum
2592 1590 2803 1653 singulas
2823 1591 2985 1653 urbes,
3000 1595 3106 1642 tum
3126 1592 3401 1643 universam
3412 1592 3623 1643 Graeciam

2095 1699 2227 1751 saepe
2241 1688 2342 1752 jam
2373 1690 2689 1739 conservavit.
2755 1688 2855 1753 (20)
2889 1689 3014 1740 lllud
3048 1689 3237 1751 cogita,
3262 1689 3438 1739 multos
3456 1688 3624 1739 laudm

2092 1789 2221 1835 tuam
2250 1784 2553 1849 prudentiam
2570 1824 2585 1847 ‚
2628 1784 2759 1850 quod
2790 1787 2857 1836 ita
2877 1800 2989 1837 cum
3025 1787 3279 1837 Thessalis
3318 1788 3490 1850 egeris,
3522 1789 3623 1835 utet

2088 1890 2283 1941 aequum
2302 1882 2405 1929 erat
2421 1884 2471 1930 et
2490 1880 2587 1931 illis
2606 1878 2910 1943 expediebat,
2944 1879 3026 1942 qui
3058 1879 3263 1943 quidem
3304 1879 3399 1929 viri
3418 1882 3525 1931 sunt
3541 1892 3622 1927 non

2087 1970 2323 2023 facillimis
2344 1972 2572 2034 ingeniis,
2604 1970 2693 2023 sed
2720 1971 2925 2023 animosi
2958 1973 3011 2023 et
3058 1971 3627 2023 seditiosissimum:

2088 2065 2254 2117 eadem
2290 2065 2411 2115 ratio
2442 2066 2504 2116 de
2539 2063 2677 2115 nobis
2698 2064 2841 2115 etium
2868 2064 2962 2115 erit
2982 2064 3226 2127 incunda,
3255 2080 3407 2129 quum
3432 2065 3627 2127 seias,ut

2084 2158 2325 2222 regionem
2360 2158 2697 2211 Thessalorum
2714 2194 2729 2220 ,
2754 2159 2825 2209 sic
2858 2158 3227 2209 Atheniensium
3268 2158 3520 2223 potentiam
3548 2158 3621 2208 tibi

2084 2266 2191 2303 esse
2214 2251 2463 2301 finitimam
2476 2288 2493 2316 ,
2535 2262 2680 2316 quam
2720 2252 2809 2302 tibi
2842 2252 2975 2303 omni
3012 2252 3185 2303 studio
3206 2254 3459 2303 conciliare
3484 2252 3623 2301 debes.

436 2355 540 2439 γὰρ
559 2356 774 2417 κάλλιόν
796 2359 908 2416 ἐστι
935 2354 1028 2425 τὰς
1069 2356 1270 2427 εὐνοίας
1293 2356 1388 2425 τὰς
1413 2360 1516 2416 τῶν
1539 2357 1742 2417 πόλεων
1771 2354 1992 2440 αἱρεῑνῆ
2024 2374 2060 2415 e
2084 2346 2185 2408 (21)
2206 2345 2361 2395 Multo
2390 2346 2518 2397 enim
2559 2346 2834 2410 print-,larius
2872 2350 2947 2395 est
2988 2345 3378 2397 benevolentiam
3407 2346 3627 2397 civitatum

435 2443 504 2504 τὰ
523 2444 696 2525 τείχη.
723 2444 810 2506 Τὰ
834 2444 928 2524 μὲν
945 2443 1290 2526 qap-tomum
1316 2450 1419 2505 τῶν
1447 2445 1610 2527 ἔργων
1627 2449 1684 2506 οὐ
1707 2445 1860 2525 μόνον
1888 2444 1999 2526 ἔχει

435 2531 641 2615 φθόνον,
673 2532 812 2593 ἀλλὰ
847 2532 938 2593 καὶ
969 2535 1074 2593 τῶν
1099 2530 1343 2593 τοιούτων
1369 2533 1464 2605 τὴν
1494 2534 1664 2593 αἰτίαν
1700 2542 1806 2601 τοῖς
1835 2557 1997 2614 στρα-

435 2618 670 2688 τοπέδοις
709 2620 1056 2680 ἀνατιθέασιν·
1096 2618 1162 2693 ἢν
1195 2620 1249 2681 δὲ
1289 2619 1383 2689 τὰς
1432 2622 1750 2695 οἰκειότητας
1789 2622 1879 2681 καὶ
1906 2620 1999 2690 τὰς

355 2726 408 2768 25
435 2706 629 2776 εὐνοίας
656 2707 950 2781 κτήσασθαι
987 2710 1229 2792 δυνηθῇς,
1265 2708 1488 2777 ἅπαντες
1522 2709 1620 2784 τὴν
1644 2710 1740 2784 σὴν
1764 2710 1995 2770 διάνοιαν

434 2796 807 2857 ἒπαινέσονται.

512 2906 584 2947 ¹2.
626 2885 854 2954 Δικαίως
899 2886 950 2945 δ’
991 2885 1054 2945 ἄν
1102 2908 1192 2964 μοι
1233 2887 1526 2956 πιστεύσοις
1568 2878 1642 2955 οἷς
1669 2886 1854 2968 εἴρηκα
1875 2886 1997 2968 περὶ

329 2976 526 3046 411τῆς
545 2974 762 3043 πόλεως·
791 2973 1094 3057 φανήσομαι
1132 2973 1234 3057 γὰρ
1273 2974 1390 3036 οὕτε
1431 2974 1729 3036 κολακεύειν
1752 2973 1916 3049 αὐτὴν
1941 2979 1994 3036 ἐν

431 3062 537 3130 τοῖς
561 3062 730 3142 λόγοις
752 3062 1038 3141 εἰθισμένος
1053 3108 1070 3136 ,
1104 3062 1240 3123 ἀλλὰ
1272 3066 1496 3125 πλεῖστα
1523 3063 1737 3124 πάντων
1767 3067 1997 3125 ἐπιτετι-

352 3175 406 3217 ³0
433 3150 640 3230 μηκῶς,
668 3148 775 3209 οὔτ’
805 3140 863 3209 εὖ
889 3150 1037 3233 παρὰ
1075 3158 1181 3219 τοῖς
1217 3153 1428 3221 πολλοῖς
1453 3152 1546 3213 καὶ
1571 3156 1677 3221 τοῖς
1711 3154 1828 3231 εἰκῇ
1853 3155 1995 3214 δοκι·

434 3238 654 3320 μάζουσι
694 3237 971 3321 φερόμενος
984 3283 1002 3316 ,
1041 3240 1159 3298 ἀλλ’
1197 3240 1536 3321 ἀγνοούμενος
1570 3240 1657 3301 ὐπ’
1698 3244 1866 3302 αὐτῶν
1901 3240 1995 3302 καὶ

433 3326 774 3409 φθονούμενος
803 3326 982 3408 ὥσπερ
1015 3326 1100 3386 σύ.
1186 3328 1338 3401 Πλὴν
1382 3335 1625 3389 τοσοῦτον
1663 3330 1994 3412 διαφέρομεν,

430 3413 512 3473 ὅτι
536 3414 664 3492 πρὸς
690 3413 748 3473 σὲ
782 3412 876 3494 μὲν
913 3413 998 3473 διὰ
1025 3414 1120 3486 τὴν
1166 3415 1385 3496 δύναμιν
1412 3417 1503 3477 καὶ
1531 3416 1627 3491 τὴν
1660 3418 1993 3498 εὐδαιμονίαν

431 3502 592 3571 οὕτως
613 3502 792 3582 ἔχουσι
807 3548 825 3581 ,
844 3503 974 3583 πρὸς
1001 3504 1047 3563 δ’
1064 3504 1160 3581 ἐμέ
1172 3548 1188 3578 ,
1219 3504 1348 3566 διότι
1373 3512 1766 3587 προσποιοῦμαι
1783 3506 1844 3567 τὸ
1871 3506 1994 3588 βίλ·

347 3608 402 3649 35
428 3613 541 3651 τιον
563 3592 736 3649 αὐτῶν
771 3600 997 3672 φρονεῖν,
1029 3590 1119 3651 καὶ
1146 3591 1352 3660 πλείους
1389 3597 1574 3674 δρῶσιν
1600 3594 1717 3673 ἐμοὶ
1745 3594 1996 3676 διαλέγε-

397 3694 404 3702 ’
431 3681 551 3739 σθαι
597 3676 940 3758 βουλομένους
981 3675 1016 3750 ἢ
1055 3678 1227 3760 σφίσιν
1258 3682 1450 3749 αὐτοῖς.
1535 3680 1628 3761 (28)
1659 3679 1997 3761 Ἥόουλόμην

429 3769 476 3825 δ’
505 3763 569 3826 ἂν
593 3770 722 3844 ἡμῖν
756 3766 948 3844 ὁμοίως
1000 3766 1175 3849 ῥᾴδιον
1215 3758 1348 3827 εἶναι
1385 3769 1481 3841 τὴν
1511 3769 1680 3845 δόξαν,
1717 3771 1782 3844 ἣν
1809 3770 1996 3851 ἔχομεν

429 3854 554 3936 παρ’
586 3856 762 3924 αὐτοῖς
777 3900 794 3928 ,
827 3853 1145 3937 διαφεύγειν·
1179 3862 1268 3917 νῦν
1310 3858 1364 3918 δὲ
1402 3858 1465 3917 σὺ
1505 3858 1600 3937 μὲν
1635 3862 1693 3920 οὐ
1733 3862 1997 3940 χαλεπῶς,

428 3941 495 4015 ἢν
535 3944 818 4024 βουληθῇς,
850 3942 1009 4016 αὐτὴν
1035 3943 1292 4013 διαλύσεις
1310 3992 1326 4020 ,
1351 3946 1466 4025 ἐμοὶ
1488 3948 1532 4007 δ’
1566 3947 1770 4028 ἀνάγκη
1798 3948 1888 4007 καὶ
1909 3947 1997 4009 διὰ

353 4042 405 4086 to
429 4030 490 4091 τὸ
513 4036 677 4113 γῆρας
706 4032 797 4091 καὶ
825 4031 888 4092 δι’
919 4032 1056 4093 ἄλλα
1079 4034 1250 4092 πολλὰ
1275 4034 1505 4116 στέργειν
1525 4037 1631 4105 τοῖς
1662 4042 1939 4117 παροῦσιν.

511 4122 628 4180 Οὐκ
647 4109 742 4179 οἶδ’
779 4118 812 4179 ὅ
833 4143 884 4179 τι
921 4122 999 4179 δεῖ
1038 4120 1203 4180 πλείω
1250 4120 1442 4202 λέγειν,
1467 4122 1602 4195 πλὴν
1630 4130 1892 4199 τοσοῦτον,
1912 4123 1994 4185 ὅτι

431 4206 593 4268 καλόν
643 4210 754 4267 ἐστι
799 4206 894 4281 τὴν
948 4208 1216 4289 βασιλείαν
1265 4216 1354 4270 καὶ
1393 4210 1490 4285 τὴν
1539 4213 1870 4291 εὐδαιμονίαν
1897 4212 1992 4285 τὴν

433 4294 771 4377 ὑπάρχουσαν
811 4300 932 4377 ὑμῖν
975 4298 1442 4382 παρακαταθέσθαι
1485 4304 1551 4381 τῇ
1590 4304 1694 4361 τῶν
1723 4300 1992 4377 Ἑλλήνων

435 4383 623 4465 εὐνοίᾳ.

1178 4483 1244 4546 Γ.

1029 4617 1392 4702 ommno.

349 4764 404 4805 ιο
509 4741 654 4825 Ἐγὼ
681 4743 948 4824 διελέχθην
979 4742 1073 4822 μὲν
1113 4744 1204 4805 καὶ
1242 4744 1372 4827 πρὸς
1413 4745 1746 4829 Ἀντίπατρον
1781 4747 1906 4831 περί
1930 4772 1991 4809 τε

430 4836 535 4895 τῶν
564 4836 631 4913 τῇ
657 4832 809 4891 πόλει
836 4832 927 4891 καὶ
952 4836 1058 4893 τῶν
1090 4833 1172 4893 σοὶ
1209 4834 1570 4916 συμφερόντων
1611 4835 1988 4917 ἐξαρκούντως,

431 4924 503 4991 ὥς
526 4920 751 4999 ἐμαυτὸν
779 4919 1005 5000 ἔπειθον,
1037 4922 1332 4995 ἠὸουλήθην
1363 4920 1420 4982 δὲ
1441 4922 1532 4983 καὶ
1557 4922 1684 5005 πρὸς
1709 4924 1768 4985 σὲ
1791 4926 1991 5009 γράψαι

431 5006 554 5091 περὶ
579 4999 652 5069 ὦν
703 5032 794 5089 μοι
834 5010 975 5069 δοκεῖ
1000 5009 1257 5093 πρακτέον
1301 4999 1434 5070 εἶναι
1459 5010 1594 5089 μετὰ
1625 5010 1720 5086 τὴν
1762 5012 1990 5095 εἰρήνην,

430 5096 780 5177 παραπλήσια
819 5100 927 5167 τοῖς
967 5100 1020 5158 ἐν
1049 5102 1126 5179 τῷ
1164 5098 1305 5182 λόγῳ
1332 5098 1738 5182 γεγραμμένοις,
1778 5100 1914 5162 πολὺ
1942 5104 1990 5163 δ’

353 5205 412 5249 ἕο
432 5185 641 5251 ἰκιίνων
665 5184 1048 5270 συντομώτερα.

516 5293 562 5335 2.
608 5272 742 5334 Κατ’
771 5276 962 5334 ἐκεῖνον
1011 5274 1106 5352 μὲν
1148 5274 1252 5355 γὰρ
1293 5275 1379 5335 τὸν
1407 5277 1592 5358 χρόνον
1621 5279 1985 5342 συνεὸούλευον

2086 2450 2254 2502 cepere
2276 2451 2421 2501 quam
2446 2438 2637 2488 moenia.
2702 2442 2806 2490 Hoc
2823 2436 2950 2491 enim
2974 2452 3071 2488 non
3088 2440 3241 2491 modo
3262 2439 3538 2491 invidiosum
3551 2443 3627 2500 est,

2089 2532 2175 2582 sed
2198 2536 2249 2583 et
2288 2530 2517 2596 quicquid
2553 2532 2609 2581 fit
2648 2530 2792 2596 hujus
2821 2532 3034 2596 generis,
3057 2533 3356 2584 exercitibus
3378 2534 3629 2597 plerumque

2094 2625 2377 2687 ascribitur;
2421 2624 2461 2675 si
2492 2629 2653 2674 autem
2686 2624 3029 2675 familiaritates
3058 2628 3348 2678 contrahere
3378 2626 3571 2691 potueris
3589 2629 3629 2675 et

2088 2717 2339 2769 hominum
2358 2717 2741 2769 benevolentiam
2764 2718 2981 2783 colligere
2996 2756 3013 2781 ,
3036 2720 3329 2785 sapientiam
3355 2726 3483 2773 tuam
3506 2721 3627 2771 mira-

2085 2810 2270 2860 buntur
2286 2824 2467 2863 omnes.

2147 2905 2223 2951 22.
2260 2901 2375 2950 Haec
2395 2912 2505 2962 qum
2530 2898 2593 2951 de
2622 2898 2743 2951 urbe
2769 2900 2934 2950 nostra
2963 2899 3203 2962 disserui,
3240 2899 3490 2951 affirmanti
3529 2898 3629 2949 mihi

2081 2995 2189 3060 jure
2207 2996 2486 3049 credideris.
2550 2998 2675 3049 Satis
2689 2998 2817 3049 enim
2830 3003 3017 3049 constat
3028 3012 3106 3049 me
3127 3006 3181 3049 et
3200 3000 3324 3051 meis
3334 2998 3513 3051 civibus
3525 2997 3628 3048 adeo

2085 3093 2308 3143 assentiri
2331 3106 2429 3144 non
2458 3092 2613 3145 solere
2626 3128 2644 3155 ,
2666 3094 2723 3144 ut
2753 3106 2896 3144 nemo
2914 3092 2979 3145 sit
3007 3093 3231 3145 omnium
3254 3094 3343 3159 qui
3366 3095 3534 3157 saepius
3558 3104 3629 3141 eos

2086 3186 2477 3251 reprehenderit,
2516 3200 2674 3250 neque
2716 3186 2862 3239 etiam
2896 3187 2949 3237 in
2983 3200 3157 3249 magno
3196 3201 3310 3241 csse
3334 3188 3483 3251 pretio
3518 3182 3629 3248 apud

2084 3284 2261 3347 vulgus
2283 3285 2626 3336 ettemerarios
2652 3296 2813 3335 rernm
2830 3285 3179 3347 aestimatores,
3210 3284 3299 3337 sed
3330 3284 3512 3336 illorum
3538 3282 3629 3333 aliis

2082 3378 2299 3441 ignotum
2321 3392 2455 3443 esee,
2475 3379 2579 3429 aliis
2600 3392 2737 3443 oeque
2754 3379 2969 3431 invisum
2996 3392 3057 3429 ec
3075 3381 3143 3431 te.
3216 3382 3325 3431 Hoc
3348 3384 3500 3429 tamen
3522 3378 3629 3427 inter

2082 3489 2174 3529 nos
2199 3475 2421 3537 interest,
2444 3473 2574 3539 quod
2598 3473 2683 3525 tibi
2718 3472 2979 3538 potentiam
3001 3476 3051 3523 et
3075 3485 3195 3537 opes
3218 3472 3468 3535 invident,
3500 3470 3629 3533 mihi,

2086 3570 2219 3635 quod
2242 3583 2323 3621 me
2344 3568 2438 3619 illis
2473 3568 2809 3632 sapientiorem
2842 3580 2949 3619 esso
2990 3568 3221 3631 profiteor
3260 3567 3511 3631 pluresque
3530 3568 3629 3615 sunt

2086 3663 2169 3727 qui
2214 3674 2321 3713 mea
2354 3660 2699 3712 consuetudine
2734 3673 2881 3724 quam
2926 3661 3114 3711 illorum
3160 3660 3479 3713 delectentur.
3541 3657 3627 3720 (23)

2086 3756 2285 3807 Utinam
2303 3768 2419 3806 vero
2442 3758 2539 3805 tam
2565 3754 2700 3806 facile
2732 3754 2849 3806 mihi
2871 3758 3027 3817 esset,
3058 3768 3207 3819 quam
3227 3755 3347 3817 tibi,
3374 3757 3627 3813 conceptam

2086 3848 2147 3901 de
2170 3850 2309 3900 nobis
2328 3850 2455 3913 vulgi
2478 3848 2750 3914 opinionem
2771 3849 2976 3900 abolere.
3044 3851 3182 3900 Nunc
3202 3849 3251 3899 id
3276 3847 3471 3913 quidem
3491 3845 3629 3895 intua

2084 3958 2229 4017 runnu
2253 3948 2355 4005 est,
2374 3942 2517 3994 modo
2534 3943 2681 4005 velis;
2704 3942 2821 3992 mihi
2843 3954 2956 3993 vero
2972 3956 3085 3993 cum
3104 3948 3303 4007 propter
3322 3942 3523 4002 conium,
3537 3940 3628 3989 tum

2082 4035 2302 4101 pluribus
2320 4038 2425 4087 aliis
2442 4036 2503 4088 de
2538 4037 2725 4098 causis,
2760 4036 2871 4087 boul
2896 4036 3087 4086 fortuna
3106 4048 3214 4086 mea
3236 4038 3316 4087 est
3339 4028 3625 4085 consulenda.

2143 4128 2247 4177 Non
2274 4126 2416 4176 video
2433 4126 2571 4189 plura
2592 4124 2748 4176 dicere
2762 4138 2994 4188 quorsum
3008 4125 3238 4188 attineat3
3264 4125 3360 4175 boc
3376 4126 3530 4174 tamen
3550 4118 3625 4170 ad·

2080 4240 2211 4304 dam,
2230 4240 2485 4305 pulchrum
2499 4254 2606 4293 esse
2618 4253 2819 4304 regnum
2832 4244 3047 4292 restrum
3064 4244 3278 4291 vestram
3291 4253 3351 4293 ac
3368 4239 3625 4291 felicitatem

2082 4358 2359 4409 Graecorum
2382 4355 2726 4409 benevolenflae
2736 4358 2967 4421 tanquam
2983 4356 3258 4422 depositum
3276 4354 3621 4409 commendare·

2828 4482 2883 4535 3.

2655 4613 3037 4676 PHILIPPO.

2136 4759 2243 4813 Etsi
2260 4772 2371 4811 cum
2388 4760 2635 4826 Antipatro
2649 4760 2795 4811 etiam
2814 4760 2943 4813 etde
2962 4764 3143 4811 nostrin
3164 4758 3298 4811 urbis
3320 4760 3371 4810 et
3389 4756 3485 4808 tuis
3500 4764 3624 4807 com

2078 4871 2233 4923 modis
2246 4872 2389 4935 satis,
2409 4875 2467 4923 ut
2485 4871 2605 4923 mihi
2624 4871 2913 4936 persuadeo,
2928 4872 3121 4936 copiose
3136 4868 3341 4922 disserui
3353 4903 3373 4931 ‚
3394 4870 3553 4921 nmen
3566 4862 3623 4915 ad

2079 4984 2129 5032 te
2144 4992 2338 5045 quoque
2354 4980 2559 5033 scribere
2569 4980 2700 5033 volui
2710 5016 2727 5045 ,
2743 4980 2859 5046 quid
2877 4994 2995 5047 pace
3005 4981 3107 5045 jam
3123 4981 3244 5033 facts
3263 4978 3388 5031 mihi
3401 4974 3626 5043 agendum

2076 5103 2189 5145 esse
2208 5092 2445 5155 videatur,
2479 5105 2579 5143 non
2612 5088 2818 5143 multum
2849 5091 3084 5144 absimilia
3114 5090 3191 5141 his
3214 5102 3327 5155 quae
3342 5090 3397 5141 in
3412 5084 3621 5139 untione

2076 5202 2337 5266 perscripta
2354 5203 2495 5265 sunt,
2514 5200 2599 5257 sed
2622 5202 2775 5253 multo
2797 5201 3031 5252 breviora.

2136 5294 2184 5341 2.
2218 5294 2341 5344 Tum
2367 5290 2494 5343 enim
2528 5288 2788 5344 suadebam
2830 5290 2887 5342 ut
2905 5288 3179 5354 compositis
3206 5290 3385 5338 nocuae
3410 5280 3539 5335 urbis
3558 5272 3607 5331 d
