3825 5842
207 529 228 608 (
239 525 516 610 ’w-m)

803 683 1140 733 Mamm.

273 849 345 891 84.
389 828 720 906 Ἐπίσταμαι
743 827 799 888 δὲ
821 829 910 888 καὶ
935 830 1060 900 τάδε
1075 875 1090 904 ,
1113 820 1158 892 ὖ
1178 831 1355 914 ἄνδρες
1381 835 1654 913 δικασταί,
1679 834 1758 896 ὅτι

198 922 241 978 εἷ
269 918 366 996 μὲν
395 920 528 996 ἐμοῦ
555 917 982 999 κατεμαρτύρουν
1009 922 1057 979 οῖ
1080 921 1364 1002 μάρτυρες,
1393 921 1463 990 ὥς
1479 947 1530 982 τι
1553 923 1754 984 ἀνόσιον

198 1005 472 1085 γεγένηται
499 1009 628 1084 ἐμοῦ
655 1004 910 1086 παρόντος
943 1009 998 1066 ἐν
1023 1008 1191 1089 πλοίῳ
1217 1008 1253 1080 ἢ
1285 1013 1338 1070 ἐν
1363 1013 1516 1091 ἱεροῖς
1533 1057 1549 1090 ,
1587 1015 1754 1082 αὐτοῖς

195 1118 252 1172 γε
277 1093 477 1162 τούτοις
502 1094 860 1176 ἰσχυροτάτους
883 1093 946 1152 ἂν
964 1097 1218 1176 ἐχρῶντο,
1248 1098 1339 1158 καὶ
1359 1099 1534 1158 πίστιν
1554 1105 1648 1172 τῆς
1669 1104 1756 1160 αἷ-

195 1184 302 1250 τίας
321 1181 524 1255 ταύτην
555 1181 889 1262 σαφεστάτην
921 1184 1224 1264 ἀπέφαινον,
1252 1183 1318 1244 τὰ
1347 1188 1542 1264 σημεῖα
1563 1187 1630 1247 τὰ
1651 1188 1756 1248 ἀπὸ

193 1277 292 1332 τῶν
315 1275 465 1331 θεῶν·
486 1276 578 1330 νῦν
607 1270 663 1331 δὲ
693 1273 796 1330 τῶν
824 1294 882 1330 τε
908 1271 1139 1351 σημείων
1162 1273 1405 1333 ἐναντίων
1433 1283 1540 1343 τοῖς
1559 1275 1756 1335 τούτοιν

121 1375 172 1416 20
195 1361 357 1438 λόγοις
387 1358 728 1440 γιγνομένων,
756 1363 859 1420 τῶν
888 1384 944 1420 τε
976 1359 1252 1441 μαρτύρων
1278 1361 1312 1420 ἃ
1345 1361 1438 1440 μὲν
1475 1363 1578 1443 ἐγὼ
1612 1365 1750 1442 λέγω

156 1453 162 1458 ”
194 1447 590 1531 μαρτυρούντων
646 1451 814 1520 ἀληθῆ
861 1439 1021 1522 εἶναι,
1063 1447 1098 1507 ἃ
1135 1449 1179 1508 δ’
1223 1441 1362 1509 οὗτοι
1406 1459 1753 1532 κατηγοροῦσι

191 1539 350 1618 ψευδῆ
365 1581 382 1615 ,
403 1545 514 1604 τοῖς
541 1533 637 1612 μὲν
657 1543 1006 1617 μαρτυροῦσιν
1031 1538 1268 1596 ἀπιστεῖν
1293 1541 1431 1615 ὑμᾶς
1452 1539 1750 1614 κελεύουσι,

191 1626 289 1691 τοῖς
316 1623 372 1682 δὲ
393 1623 573 1702 λόγοις
600 1621 687 1689 οὓς
715 1622 863 1682 αὐτοὶ
884 1622 1092 1702 λέγουσι
1119 1624 1380 1684 πιστεύειν
1407 1629 1541 1704 ὑμᾶς
1559 1628 1752 1708 χρῆναί

190 1734 328 1793 φασι.
379 1711 499 1772 Καὶ
527 1712 577 1770 οἱ
611 1708 706 1788 μὲν
738 1709 888 1770 ἄλλοι
917 1710 1178 1790 ἄνθρωποι
1203 1713 1308 1779 τοῖς
1335 1711 1500 1792 ἔργοις
1519 1711 1636 1782 τοὺς
1654 1711 1749 1772 λό-

190 1823 303 1876 γους
335 1797 668 1880 ἐλέγχομσιν,
695 1789 839 1858 οὗτοι
867 1798 920 1857 δὲ
951 1807 1056 1866 τοῖς
1080 1798 1252 1878 λόγοις
1280 1803 1489 1872 ζητοῦσι
1516 1799 1582 1860 τὰ
1624 1800 1749 1884 ἔργα

192 1889 382 1948 ἄπιστα
407 1886 742 1948 καθιστάναι.

261 1997 336 2037 8ο.
377 1973 534 2037 Ὅσα
572 1973 668 2050 μὲν
704 1966 792 2034 οὖν
819 1975 880 2033 ἐκ
906 1977 1010 2032 τῶν
1047 1974 1504 2055 κατηγορηθέντων
1541 1975 1744 2055 μέμνη-

187 2087 306 2142 μαι,
323 2054 368 2122 ὦ
385 2063 594 2144 ἄνδρες,
619 2061 1034 2142 ἀπολελόγημαι·
1049 2060 1234 2139 δέομαι
1253 2060 1308 2121 δὲ
1330 2064 1420 2123 καὶ
1444 2067 1590 2141 ὑμῶν
1615 2067 1743 2126 ἀπο-

113 2171 162 2210 ιιι
185 2151 534 2234 ψηφίσασθαι.
575 2149 763 2212 Ταῦτὰ
789 2149 891 2232 γὰρ
913 2149 1010 2224 ἐμέ
1039 2173 1096 2209 τε
1121 2149 1304 2228 σώζει,
1327 2150 1418 2210 καὶ
1445 2155 1567 2230 ὑμῖν
1595 2153 1744 2233 νόμι-

189 2264 258 2318 μα
273 2239 363 2298 καὶ
375 2238 571 2321 εὔορκα
588 2239 839 2318 γίγνεται.
864 2237 1020 2300 Κατὰ
1046 2237 1148 2318 γὰρ
1167 2237 1284 2306 ,τοὺς
1298 2239 1481 2316 νόμους
1499 2240 1742 2318 ὠμόσατε

187 2327 434 2386 δικάσειν·
450 2325 554 2405 ἐγὼ
575 2325 631 2384 δὲ
651 2326 768 2386 καθ’
793 2325 880 2394 οὓς
909 2324 1003 2404 μὲν
1029 2328 1293 2407 ἀπήχθην,
1321 2330 1417 2387 οὐκ
1443 2327 1618 2408 ἔνοχός
1637 2333 1744 2406 εἰμι

184 2424 286 2483 τοῖς
311 2414 517 2493 νόμοις,
551 2405 624 2474 ὧν
665 2416 712 2474 δ’
741 2414 850 2495 ἔχω
876 2413 971 2487 τὴν
1011 2415 1200 2488 αἰτίαν,
1237 2415 1378 2494 ἀγών
1409 2439 1496 2494 μοι
1531 2417 1745 2496 νόμιμος

185 2503 538 2564 ὑπολείπεται.
623 2505 689 2563 Εἰ
720 2501 775 2562 δὲ
794 2501 886 2560 δύο
899 2500 952 2570 ἐξ
969 2500 1078 2569 ἑνὸς
1101 2505 1293 2581 ἀγῶνος
1310 2502 1633 2582 γεγένησθον,
1649 2507 1746 2565 οὐκ

183 2591 284 2669 ἐγὼ
309 2590 504 2662 αἴτιος,
535 2591 654 2650 ἀλλ’
677 2592 724 2649 οἱ
750 2587 1048 2670 κατήγοροι.
1080 2589 1268 2649 Καίτοι
1294 2591 1354 2649 οὗ
1382 2589 1547 2662 δήπου
1575 2594 1622 2650 οἱ
1649 2591 1743 2669 μὲν

181 2679 412 2759 ἔχθιστοι
457 2681 504 2738 οἱ
538 2677 655 2756 ἐμοὶ
697 2675 788 2736 δύο
819 2680 1023 2756 ἀγῶνας
1057 2677 1177 2756 περὶ
1212 2681 1340 2755 ἐμοῦ
1367 2679 1738 2760 πεποιήκασιν,

107 2787 160 2826 ao
181 2772 321 2848 ὑμεῖς
347 2769 410 2830 δὲ
437 2771 486 2830 οἱ
513 2773 616 2828 τῶν
656 2767 870 2828 δικαίων
904 2767 1008 2827 ἴσοι
1033 2767 1208 2849 κριταὶ
1239 2771 1742 2849 προκαταγνώσεσθέ

183 2883 276 2934 μου
299 2861 352 2917 ἐν
375 2860 516 2940 τῷδε
541 2861 618 2939 τῷ
635 2855 776 2937 λόγῳ
798 2855 893 2916 τὸν
917 2855 1088 2937 φόνον.
1172 2857 1260 2935 (aa)
1291 2856 1386 2929 Μὴ
1411 2861 1556 2932 ὑμεῖς
1582 2881 1640 2939 γε
1655 2905 1672 2938 ,
1693 2850 1738 2920 ὦ

183 2947 372 3026 ἄνδρες·
415 2946 554 3005 ἀλλὰ
588 2945 704 3005 δότε
731 2967 782 3003 τι
808 2943 898 3004 καὶ
924 2947 1000 3026 τῷ
1025 2943 1224 3026 χρόνῳ,
1249 2949 1360 3023 μεθ’
1389 2937 1450 3030 οἷ
1483 2947 1735 3028 ὀρθότατα

182 3037 502 3113 εὑρίσκουσιν
522 3036 570 3094 οἱ
585 3032 680 3105 τὴν
696 3032 962 3114 ἀκρίὸειαν
985 3036 1252 3106 ζητοῦντες
1274 3036 1376 3094 τῶν
1391 3035 1736 3114 πραγμάτων.

181 3122 384 3191 Ἥξίουν
415 3121 510 3200 μὲν
537 3121 640 3202 γὰρ
682 3120 845 3202 ἔγωγε
867 3120 987 3204 περὶ
1022 3124 1124 3180 τῶν
1151 3120 1420 3200 τοιούτων,
1461 3113 1505 3182 ὦ
1529 3124 1734 3206 ἄνδρες,

177 3201 302 3269 εἶναι
333 3208 436 3280 τὴν
478 3208 627 3280 δίκην
657 3209 794 3267 κατὰ
815 3207 940 3292 τοὺς
955 3207 1171 3284 νόμους,
1196 3209 1332 3270 κατὰ
1366 3209 1540 3288 μέντοι
1565 3211 1621 3270 τὸ
1653 3212 1736 3270 δί-

177 3321 318 3356 καιον
364 3301 438 3364 ὡς
464 3295 766 3364 πλειστάκις
795 3295 1118 3377 ἐλέγχεσθαι.
1241 3296 1491 3375 Τοσούτῳ
1530 3297 1631 3378 γὰρ
1674 3299 1736 3357 ἂν

183 3385 392 3462 ἄμεινον
422 3382 746 3464 ἐγινώσκετο·
771 3387 818 3442 οἳ
844 3382 944 3464 γὰρ
967 3383 1152 3442 πολλοὶ
1181 3385 1374 3459 ἀγῶνες
1398 3389 1464 3464 τῇ
1489 3385 1583 3462 μὲν
1608 3387 1736 3457 ἄλη·

107 3493 154 3533 ³³
180 3473 286 3554 θεία
314 3472 597 3552 σύμμαχοί
621 3475 748 3546 εἰσι,
772 3476 836 3552 τῇ
859 3471 915 3531 δὲ
945 3471 1162 3553 διαὸολῇ
1186 3472 1588 3551 πολεμιώτατοι.
1647 3470 1733 3553 (87)

181 3564 356 3624 Φόνου
388 3562 490 3644 γὰρ
519 3563 636 3635 δίκη
665 3561 754 3623 καὶ
789 3562 861 3638 μὴ
897 3564 1058 3644 ὀρθῶς
1083 3569 1371 3642 γνωσθεῖσα
1406 3561 1734 3644 ἰσχυρότερον

179 3656 264 3709 τοῦ
291 3650 498 3710 δικαίου
537 3649 628 3708 καὶ
665 3655 755 3710 τοῦ
784 3651 1000 3722 ἀληθοῦς
1035 3653 1173 3710 ἐστιν
1193 3675 1206 3688 ·
1249 3651 1450 3728 ἀνάγκη
1487 3651 1615 3732 γάρ,
1645 3650 1735 3710 ἐὰν

179 3741 320 3812 ὑμεῖς
367 3762 472 3816 μου
501 3737 962 3819 καταψηφίσησθε,
1002 3737 1094 3797 καὶ
1123 3737 1197 3816 μὴ
1245 3737 1368 3798 ὄντα
1407 3739 1564 3820 φονέα
1608 3742 1735 3818 μηδ’

177 3825 352 3905 ἔνοχον
382 3829 460 3908 τῷ
486 3824 623 3907 ἔργῳ
644 3829 870 3904 χρῆσθαι
896 3829 962 3905 τῇ
991 3824 1110 3905 δίκῃ
1134 3822 1224 3885 καὶ
1252 3829 1328 3905 τῷ
1354 3826 1517 3907 νόμῳ·
1537 3829 1624 3886 καὶ
1647 3829 1733 3886 οὗ·

177 3911 273 3980 δεὶς
291 3912 358 3972 ἂν
379 3912 685 3991 τολμήσειεν
703 3910 820 3971 οὔτε
842 3910 938 3982 τὴν
960 3911 1106 3985 δίκην
1125 3911 1218 3982 τὴν
1242 3912 1612 3990 δεδικασμένην
1635 3936 1732 3972 πα·

177 4000 441 4079 ραὸαίνειν
477 3998 758 4068 πιστεύσας
785 4002 928 4081 αὑτῷ
955 3999 1032 4058 ὅτι
1063 4001 1156 4058 οὗκ
1197 3997 1368 4080 ἔνοχός
1411 4003 1568 4073 ἐστιν,
1615 4001 1732 4060 οὔτε

177 4085 410 4154 ξυνειδὼς
438 4089 582 4168 αὑτῷ
607 4091 835 4145 τοιοῦτον
867 4085 1014 4168 ἔργον
1043 4085 1366 4168 εἰργασμένῳ
1396 4084 1470 4164 μὴ
1509 4089 1566 4145 οὗ
1596 4091 1731 4168 χρῆ-

102 4166 150 4232 ιῖο
173 4180 290 4233 σθαι
305 4177 386 4256 τῷ
413 4173 578 4254 νόμῳ.
645 4172 870 4253 Ἀνάγκη
894 4173 949 4232 δὲ
973 4177 1067 4246 τῆς
1087 4172 1230 4246 δίκης
1252 4179 1488 4232 νικᾶσθαι
1508 4174 1654 4256 παρὰ
1670 4175 1730 4235 τὸ

176 4261 391 4338 ἀληθές,
423 4264 582 4321 αὐτοῦ
608 4285 667 4321 τε
694 4267 786 4320 τοῦ
815 4264 1060 4337 ἀληθοῦς,
1089 4261 1259 4330 ἄλλως
1280 4285 1338 4320 τε
1365 4261 1456 4320 καὶ
1487 4259 1576 4322 ἐὰν
1595 4261 1670 4340 μὴ
1695 4255 1731 4344 ᾖ

175 4355 202 4409 ὃ
224 4349 563 4431 τιμωρήσων.
625 4349 714 4430 (88)
743 4351 928 4410 Αὐτῶν
955 4349 1010 4409 δὲ
1035 4348 1232 4409 τούτων
1253 4347 1403 4409 ἕνεκα
1428 4347 1482 4408 οἵ
1498 4373 1554 4408 τε
1577 4350 1729 4429 νόμοι

175 4439 262 4498 καὶ
287 4442 344 4498 αἱ
371 4437 653 4516 διωμοσίαι
679 4437 770 4497 καὶ
803 4435 870 4496 τὰ
895 4436 1053 4516 τόμια
1081 4437 1170 4496 καὶ
1195 4441 1248 4496 αἱ
1277 4436 1609 4517 προρρήσεις,
1639 4436 1730 4496 καὶ

175 4520 320 4588 τᾶλλ’
343 4527 514 4587 ὁπόσα
539 4527 768 4607 γίγνεται
789 4529 892 4585 τῶν
917 4527 1072 4586 δικῶν
1095 4525 1244 4586 ἕνεκα
1268 4532 1358 4585 τοῦ
1383 4525 1537 4608 φόνου
1552 4571 1569 4603 ,
1590 4525 1722 4585 πολὺ

177 4615 480 4698 διαφέροντά
519 4619 660 4676 ἐστιν
691 4615 726 4686 ἢ
753 4614 841 4674 ἐπὶ
873 4617 976 4682 τοῖς
1008 4615 1212 4686 ἄλλοις,
1243 4613 1320 4691 ὅτι
1359 4613 1451 4674 καὶ
1494 4613 1627 4672 αὐτὰ
1662 4611 1730 4672 τὰ

175 4704 492 4787 πράγματα,
523 4703 646 4787 περὶ
683 4695 756 4762 ὧν
795 4705 841 4762 οἱ
867 4702 1120 4778 κίνδυνοι,
1163 4701 1284 4783 περὶ
1311 4702 1556 4761 πλείστου
1586 4700 1727 4761 ἐστὶν

87 4793 332 4872 Ηῠόρθῶς
351 4793 744 4872 γιγνώσκεσθαι·
763 4793 924 4871 ὀρθῶς
949 4791 1044 4868 μὲν
1067 4791 1167 4871 γὰρ
1191 4787 1486 4866 γνωσθέντα
1501 4788 1725 4868 τιμωρία

176 4881 280 4940 ἐστὶ
308 4886 385 4961 τῷ
414 4878 735 4954 ἀδικηθέντι,
763 4881 920 4961 φονέα
945 4877 1000 4938 δὲ
1019 4879 1107 4938 τὸν
1130 4877 1204 4957 μὴ
1229 4877 1391 4938 αἴτιον
1409 4881 1728 4959 ψηφισθῆναι

175 4969 406 5050 ἁμαρτία
433 4968 523 5029 καὶ
547 4967 763 5028 &affluet
787 4971 926 5027 ἐστιν
947 4967 1017 5034 εἷς
1038 4991 1092 5026 τε
1119 4965 1235 5033 τοὺς
1257 4965 1400 5034 θεοὺς
1416 4965 1506 5025 καὶ
1523 4968 1594 5032 εἰς
1611 4963 1728 5034 τοὺς

176 5055 375 5134 νόμους.
460 5059 547 5136 (89)
577 5055 684 5117 Καὶ
711 5057 804 5115 οὐκ
821 5054 932 5115 ἴσον
953 5055 1063 5114 ἐστὶ
1083 5054 1169 5114 τόν
1190 5079 1245 5112 τε
1275 5053 1525 5114 διώκοντα
1551 5053 1626 5130 μὴ
1649 5054 1728 5134 ὄρ·

175 5149 272 5212 θῶς
289 5145 626 5206 αἰτιάσασθαι
647 5143 737 5202 καὶ
755 5147 890 5222 ὑμᾶς
909 5141 1026 5212 τοὺς
1051 5142 1298 5211 δικαστὰς
1317 5141 1391 5220 μὴ
1413 5146 1572 5222 ὀρθῶς
1595 5145 1726 5218 γνῶ-

176 5249 276 5290 ναι.
355 5231 422 5294 Ἢ
452 5232 548 5311 μὲν
576 5231 678 5312 γὰρ
699 5230 892 5290 τούτων
914 5231 1137 5298 αἰτίασις
1161 5233 1252 5289 οὐκ
1282 5230 1390 5311 ἔχει
1409 5231 1553 5297 τέλος
1568 5274 1584 5306 ,
1607 5231 1724 5288 ἀλλ’

127 5333 152 5373 ⁸
182 5322 233 5380 ἐν
271 5325 389 5402 ὑμῖν
415 5323 526 5382 ἐστι
553 5319 648 5381 καὶ
672 5324 738 5400 τῇ
774 5319 911 5403 δίκῃ·
939 5321 971 5380 ὅ
1004 5344 1054 5379 τι
1087 5322 1132 5380 δ’
1163 5319 1224 5379 ἂν
1250 5321 1396 5398 ὑμεῖς
1419 5321 1471 5379 ἐν
1498 5320 1629 5398 αὐτῇ
1661 5323 1728 5398 τῇ

967 533 1482 600 ANTIPHONTIS
1524 538 1815 603 ORATIO
1857 544 1961 606 DE
2004 545 2227 610 CAEDE
2268 551 2620 614 HERODIS.
3322 573 3395 626 37

2508 701 2754 752 TESTES.

1903 861 1989 932 at.
2024 861 2197 934 certus
2212 875 2346 926 sum,
2362 864 2573 930 judices,
2602 869 2653 920 hi
2672 869 2817 924 testes
2832 871 2873 922 si
2901 871 3131 924 adversus
3160 888 3240 928 me
3261 878 3411 929 testa-

1847 940 2014 1024 rentur
2040 943 2187 1006 atque
2213 947 2579 1014 confirmarent,
2598 951 2647 1001 in
2674 953 2857 1017 templo
2875 957 3103 1018 quopiam
3135 959 3410 1027 navigiove,

1845 1027 1896 1064 m
1913 1029 2013 1078 quo
2038 1029 2125 1080 ego
2143 1031 2293 1070 essem
2307 1059 2322 1085 ‚
2342 1024 2573 1078 indicium
2594 1027 2791 1092 aliquod
2818 1031 2977 1080 visum
3000 1045 3102 1082 esse
3119 1033 3330 1084 numinis
3346 1035 3411 1084 ob

1845 1105 1980 1144 sacra
2000 1096 2183 1158 polluta
2214 1099 2322 1151 irati
2339 1139 2355 1165 ,
2386 1103 2685 1158 adversarios
2707 1121 2841 1158 meos
2862 1110 2958 1160 boc
2992 1111 3269 1161 testimonio
3299 1113 3411 1162 tan-

1845 1187 1991 1237 quam
2010 1176 2280 1231 firmissimo
2300 1195 2469 1234 usuros
2480 1197 2583 1235 esse
2594 1222 2609 1248 ‚
2624 1188 2771 1251 atque
2788 1189 3078 1240 clamaturos
3102 1190 3207 1241 baec
3224 1193 3411 1242 ostenta

1844 1254 2044 1307 deorum
2074 1258 2216 1310 fidem
2235 1261 2329 1311 mei
2346 1264 2535 1316 sceleris
2555 1267 2713 1319 tacere
2731 1270 3159 1322 luculentissimam
3182 1291 3195 1321 ε
3215 1271 3317 1334 iam
3334 1286 3410 1324 ve·

1845 1347 1900 1384 ro
1931 1338 1981 1387 et
2001 1337 2161 1390 divina
2193 1335 2381 1392 ostenta
2416 1344 2825 1400 criminationibus
2850 1350 3153 1400 inimicorum
3190 1364 3409 1404 meorum

1843 1421 2133 1482 repugnmt,
2164 1423 2214 1472 et
2245 1425 2441 1477 testium
2465 1429 2823 1492 praedicationes
2844 1444 3000 1494 quum
3022 1444 3215 1482 causam
3250 1445 3407 1482 meam

1843 1496 2119 1562 sublevant,
2157 1503 2263 1554 tum
2300 1505 2501 1558 istorum
2528 1521 2723 1559 causam
2758 1509 2990 1560 mendacii
3028 1513 3322 1574 coarguunt3
3358 1513 3408 1562 et

1842 1573 1992 1624 nihilo
2008 1579 2174 1630 tamen
2193 1581 2242 1632 hi
2262 1585 2421 1635 minus
2446 1587 2693 1650 postulant
2710 1589 2798 1650 ut,
2820 1602 2970 1651 quam
3002 1604 3089 1641 vos
3110 1590 3256 1642 fidem
3288 1591 3407 1642 meis

1841 1651 2045 1706 testibus
2079 1658 2345 1724 denegetis,
2383 1678 2491 1715 eam
2528 1665 2741 1730 ipsorum
2778 1668 3038 1719 mendaciis
3072 1671 3401 1723 contribuatis.

1842 1733 1932 1783 Alii
1945 1736 2141 1798 quidem
2160 1739 2381 1793 homines
2392 1757 2477 1806 per
2496 1745 2621 1795 iacta
2647 1746 2907 1797 vanitatem
2925 1749 3297 1810 praetensIonum
3316 1751 3401 1802 de-

1839 1816 2138 1881 monstrant3
2158 1820 2209 1870 bi
2242 1834 2357 1873 vero
2381 1823 2637 1874 verborum
2668 1827 2919 1890 praestigiis
2954 1829 3207 1880 veritatem
3240 1845 3402 1882 rerum

1839 1897 2078 1960 gestarum
2106 1899 2395 1953 labefactare
2410 1905 2665 1955 conantur.

1901 1993 1977 2037 85.
2014 1989 2255 2046 natinari,
2268 1991 2480 2055 jndices,
2504 1993 2689 2057 singula
2710 2009 2919 2060 qumque
2940 1998 3142 2049 crimina
3155 2013 3269 2063 quis
3282 2000 3401 2052 mibi

1836 2080 2025 2142 obiecta
2064 2096 2167 2134 esse
2196 2085 2392 2135 memini
2426 2105 2439 2136 ι
2474 2086 2577 2149 iam
2610 2101 2741 2138 nunc
2778 2091 2891 2153 peto
2918 2091 3061 2140 etiam
3094 2104 3125 2142 a
3154 2092 3317 2157 vobis,
3344 2096 3402 2145 ut

1837 2174 2075 2227 absolvar.
2138 2177 2195 2228 ld
2217 2177 2375 2242 quod,
2408 2179 2465 2228 ut
2485 2180 2605 2230 mihi
2634 2182 2843 2232 salutare
2871 2184 2971 2245 est,
3006 2183 3076 2234 ita
3110 2197 3225 2234 cnm
3242 2187 3400 2236 vestra

1831 2267 2017 2328 justitia
2039 2269 2088 2318 et
2112 2269 2339 2334 religione
2359 2273 2614 2322 consentit.
2637 2277 2758 2324 Nam
2778 2275 3043 2326 secundum
3064 2276 3193 2340 leges
3212 2291 3301 2328 vos
3318 2277 3400 2341 ius

1835 2375 1939 2412 esse
1968 2361 2182 2413 dicturos
2199 2361 2417 2425 jurantes
2442 2365 2719 2416 condixistis
2748 2385 2761 2416 z
2786 2367 2885 2428 Jam
2908 2368 3090 2431 legibus
3114 2369 3200 2432 lis,
3224 2371 3398 2436 quibus

1833 2455 2081 2516 praetensis
2122 2457 2173 2505 in
2212 2470 2451 2508 carcerem
2488 2457 2664 2509 ductus
2709 2473 2817 2510 sum
2836 2497 2852 2524 ,
2890 2461 2957 2511 nil
2990 2463 3185 2526 teneor;
3220 2463 3397 2527 quibus

1834 2551 1997 2598 autem
2016 2550 2165 2600 teneri
2184 2549 2338 2613 dicor,
2354 2551 2503 2601 debis
2516 2553 2758 2603 certamen
2774 2553 2892 2604 mihi
2906 2557 3200 2607 reservatum
3216 2560 3392 2609 manet.

1834 2643 2087 2692 Geminum
2116 2645 2280 2694 autem
2302 2645 2543 2696 certamen
2568 2646 2700 2709 quod
2721 2648 2957 2698 exstiterit
2975 2661 3003 2699 e
3036 2650 3239 2714 simplici
3254 2688 3269 2713 ,
3294 2651 3397 2714 ejus

1833 2735 1901 2785 rei
1921 2736 2062 2799 culpa
2079 2750 2177 2787 non
2191 2751 2299 2787 mea
2320 2739 2393 2788 est
2405 2775 2420 2802 ,
2439 2733 2525 2790 se'd
2538 2741 2891 2792 accusatorum.
2913 2743 3026 2792 Jam
3043 2743 3084 2792 si
3103 2743 3281 2795 inimici
3298 2744 3395 2796 mei

1831 2828 1930 2878 duo
1953 2829 2072 2879 mihi
2104 2831 2367 2880 certamina
2398 2832 2640 2895 fecerunt,
2666 2847 2781 2897 vos,
2802 2834 2925 2897 iuris
2944 2836 3075 2898 oequi
3096 2837 3291 2901 arbitri,
3314 2851 3394 2889 me

1829 2924 1878 2972 in
1907 2923 2002 2974 hoc
2022 2923 2124 2986 jam
2140 2924 2321 2988 judicio
2340 2925 2618 2990 proejudicio
2635 2927 2796 2976 vestro
2822 2927 2967 2979 caedis
2984 2942 3081 2979 non
3100 2930 3391 2982 condemna·

1828 3015 1956 3066 bitis.
1994 3016 2093 3080 (88)
2114 3017 2270 3068 Nolite
2281 3055 2297 3081 ,
2316 3019 2433 3082 viri,
2457 3022 2560 3071 tam
2578 3021 2730 3085 iniqui
2747 3037 2849 3073 esse
2870 3042 2882 3075 ε
2907 3024 3019 3074 date
3034 3025 3195 3088 potius
3210 3025 3392 3088 aliquid

1828 3109 1973 3160 etiam
1993 3111 2223 3174 tempori;
2252 3126 2351 3176 quo
2380 3113 2505 3164 duce
2521 3115 2773 3166 veritatem
2794 3129 2957 3168 rerum
2982 3119 3222 3181 gestarum
3252 3133 3389 3183 quae-

1829 3204 1987 3254 rentes
2013 3202 2225 3254 invenire
2252 3205 2423 3255 solent.
2448 3206 2634 3257 Vellem
2658 3208 2852 3271 utique,
2874 3209 3059 3273 judices
3070 3249 3087 3275 ,
3115 3212 3390 3276 hujusmodi

1827 3293 1876 3343 in
1889 3295 2044 3346 causis
2056 3296 2313 3348 formulam
2325 3296 2449 3359 juris
2465 3297 2617 3348 civilis
2628 3297 2891 3362 observari,
2906 3315 3187 3367 quanquam
3204 3306 3308 3369 ipso
3325 3306 3387 3358 de

1821 3383 1935 3445 jure
1954 3397 2103 3446 quam
2120 3384 2407 3436 creberrime
2422 3385 2601 3448 inquiri
2618 3399 2842 3450 cuperem
2860 3409 2873 3439 ε
2902 3403 2961 3440 eo
2979 3391 3108 3441 enim
3130 3393 3301 3444 melius
3319 3396 3389 3446 rei

1825 3471 2277 3534 veritasaperiatur:
2294 3474 2523 3527 crebritas
2539 3477 2915 3540 disputationum
2927 3481 2983 3530 ut
2995 3481 3197 3543 propitia
3214 3483 3387 3534 verita·

1825 3562 1880 3625 ti,
1897 3563 1963 3613 ita
1976 3565 2049 3614 est
2060 3565 2312 3617 mendacio
2327 3566 2641 3619 infestissima.
2675 3571 2773 3633 (87)
2789 3575 2843 3622 ln
2859 3572 3102 3624 homicidii
3114 3588 3230 3626 vero
3243 3588 3387 3628 causa

1825 3658 2061 3708 sententia
2070 3658 2235 3722 iniqua
2247 3661 2376 3724 cogit
2388 3662 2438 3711 et
2441 3663 2520 3724 jus
2530 3675 2721 3726 aequum
2733 3667 2781 3716 et
2791 3666 3041 3717 veritatem
3050 3670 3382 3723 succumbere:

1823 3762 1937 3797 nam
1956 3762 2063 3812 me,
2082 3763 2126 3801 e.
2160 3765 2203 3800 c.
2221 3788 2236 3813 ,
2266 3753 2305 3802 si
2324 3766 2410 3802 vos
2428 3754 2861 3807 condemnaveritis
2874 3794 2888 3820 ,
2907 3760 3096 3810 tametsi
3118 3761 3382 3825 insontem,

1823 3842 2062 3904 oportebit
2080 3846 2241 3894 tamen
2260 3848 2432 3897 vestrae
2452 3849 2702 3915 sententiae
2726 3850 2775 3899 et
2797 3851 2915 3913 legis
2927 3852 3170 3904 severitati
3187 3868 3354 3918 parere
3367 3892 3382 3917 ,

1823 3949 2063 4000 nemoque
2077 3937 2213 3988 facile
2222 3939 2285 3988 sit
2293 3941 2379 4003 qui
2392 3943 2640 3992 sententiae
2658 3943 2719 3992 de
2732 3957 2783 3994 se
2795 3943 2937 3996 dictae
2950 3947 3173 4010 refragari
3190 3949 3381 4013 audeat,

1821 4029 2011 4079 tametsi
2031 4031 2164 4082 certo
2188 4030 2307 4081 sciat
2322 4046 2374 4082 se
2396 4033 2596 4083 crimine
2622 4047 2817 4098 vacare,
2840 4038 2927 4088 aut
2951 4039 3037 4101 qui
3060 4039 3168 4090 ideo
3194 4043 3383 4093 recuset

1821 4121 1871 4170 in
1896 4122 2131 4184 potestate
2152 4122 2268 4184 legis
2296 4135 2424 4186 ease,
2460 4125 2589 4187 quod
2610 4128 2828 4177 conscius
2844 4128 2935 4177 sibi
2951 4130 3014 4178 sit
3030 4143 3082 4179 se
3098 4133 3287 4180 tantum
3308 4133 3379 4182 sa-

1824 4213 1959 4264 cinus
1974 4213 2105 4262 baud
2128 4215 2435 4266 commisisse.
2480 4218 2559 4267 Sic
2581 4229 2774 4268 necesse
2798 4221 2896 4282 est,
2915 4221 2971 4270 nt
2988 4222 3190 4284 aequitas
3206 4224 3380 4289 iniqui-

1819 4306 1909 4357 tati
1933 4305 2187 4369 concedat,
2211 4307 2413 4358 veritate
2438 4309 2759 4374 nequicquam
2778 4313 3097 4378 reclamante,
3127 4317 3178 4367 et
3209 4319 3265 4367 ut
3278 4319 3381 4383 ipsa

1819 4400 2032 4449 veritasa
2042 4399 2291 4451 mendacio
2306 4401 2557 4464 obruatur,
2574 4405 2841 4467 prasertim
2853 4406 3049 4458 absente
3061 4409 3271 4460 vindice.
3282 4413 3378 4475 (88)

1821 4493 1890 4538 Ac
1922 4491 2114 4552 propter
2131 4489 2239 4539 lioec
2268 4492 2319 4540 et
2337 4491 2465 4553 leges
2494 4494 2546 4541 et
2572 4491 2847 4554 iuramenta
2872 4497 2922 4545 et
2943 4496 3057 4546 exta
3076 4499 3127 4547 et
3160 4499 3379 4552 solennes

1819 4578 2201 4628 denuntiationes
2226 4577 2475 4642 etreliqua
2499 4592 2610 4642 quoe
2631 4580 2678 4630 in
2704 4581 3071 4634 homicidiorum
3098 4587 3255 4636 causis
3286 4589 3377 4638 ob-

1818 4669 2087 4730 servantur,
2121 4667 2335 4717 multum
2366 4665 2597 4718 differunt
2620 4667 2683 4718 ab
2714 4668 2771 4718 iis
2800 4683 2913 4733 quae
2942 4672 2993 4721 in
3028 4674 3199 4725 ceteris
3226 4675 3375 4736 fiunt3

1818 4762 2048 4826 quoniam
2068 4774 2142 4811 res
2158 4760 2311 4823 ipsas,
2326 4761 2389 4810 de
2404 4759 2579 4824 quibus
2598 4759 2675 4810 hic
2692 4764 2921 4825 certatur,
2946 4764 3211 4827 plurimum
3234 4770 3374 4820 refert

1819 4857 1947 4905 recte
1956 4853 2191 4918 cognosci.
2206 4855 2353 4904 Recte
2364 4853 2494 4904 enim
2502 4854 2727 4918 definitis,
2746 4855 2867 4913 iusta
2883 4856 3003 4907 liunt
3014 4860 3233 4910 Manibus
3246 4860 3345 4910 laesi
3356 4877 3373 4921 ;

1817 4947 2055 4997 insontem
2078 4959 2192 4996 vero
2217 4945 2257 4996 si
2278 4945 2523 4996 homicidii
2550 4947 2747 4996 damnet
2778 4948 2945 5010 iniqua
2966 4950 3226 5012 sententia,
3252 4949 3371 4998 deli-

1819 5043 1952 5092 ctum
1971 5041 2063 5090 hoc
2081 5043 2153 5090 est
2171 5041 2379 5090 humana
2396 5042 2444 5089 et
2460 5038 2622 5090 divina
2636 5040 2748 5103 ¹iura
2766 5040 2962 5091 violans.
2986 5041 3084 5102 (89)
3104 5044 3202 5092 Nec
3217 5040 3371 5102 perin-

1817 5135 1878 5184 de
1897 5136 1995 5197 est,
2014 5135 2341 5184 accusatorem
2364 5146 2463 5182 non
2486 5135 2615 5183 recte
2630 5147 2853 5183 accusare
2867 5172 2883 5197 ,
2902 5136 3049 5195 atque
3068 5145 3178 5193 vos,
3203 5131 3371 5194 quiin·

1817 5232 1947 5282 dices
1964 5230 2092 5293 sitis,
2111 5242 2205 5279 non
2226 5229 2357 5277 recte
2373 5227 2643 5277 decernere.
2657 5229 2777 5276 Nam
2796 5225 3034 5275 accusatio
3052 5225 3151 5273 vim
3171 5223 3373 5276 effectus

1817 5339 1915 5376 non
1938 5325 2083 5375 babet
2094 5362 2110 5388 ,
2130 5325 2211 5376 sed
2232 5323 2392 5374 vestra
2408 5321 2555 5372 babet
2577 5321 2825 5372 sententia.
2848 5320 2899 5370 Si
2923 5317 3039 5381 quid
3058 5329 3145 5367 vos
3166 5315 3216 5367 in
3235 5316 3367 5380 judi..
