3825 5842
568 510 642 558 78

628 644 773 677 κοντα
789 628 974 685 ἡμερῶν
991 620 1407 673 ἐπιδουλεῦσασθαι
1424 619 1502 669 τὸν
1517 620 1663 682 δῆμον
1680 618 1785 681 περὶ
1805 622 1885 675 τῆς
1911 615 2111 680 εἰρήνης.

628 700 721 749 Καὶ
739 698 814 747 ἐπὶ
829 697 1010 752 τούτοις
1030 694 1287 752 Ἀνδοκίδης
1301 688 1604 755 συμὸουλεύει
1623 692 1720 745 τοῖς
1742 687 1995 746 Ἀθηναίοις
2020 702 2107 734 κα·

629 770 900 824 ταδέξασθαι
927 768 1008 825 τὴν
1031 765 1228 829 εἰρήνην.
1257 767 1392 815 Ἐστι
1411 762 1494 825 μὲν
1511 758 1596 811 οὖν
1618 760 1883 822 συμὸουλῆς
1897 760 1951 807 τὸ
1975 757 2112 811 εἶδος·

627 838 875 899 κεφάλαιον
899 839 953 886 τὸ
978 836 1226 899 συμφέρον.
1245 832 1504 897 Φιλόχορος
1527 832 1610 895 μὲν
1639 829 1719 879 οὗν
1737 830 1859 891 λέγει
1877 830 1959 877 καὶ
1974 828 2117 876 ἐλθεῖν

627 910 735 966 τοὺς
751 908 964 971 πρέσόεις
981 906 1037 956 ἐκ
1055 903 1448 970 Λακεδαιμονίας,
1465 904 1547 951 καὶ
1562 900 1822 965 ἀπράκτους
1835 899 2035 948 ἀνελθεῖν
2054 896 2119 959 μή

629 980 877 1037 πείσαντος
893 983 976 1028 τοῦ
993 976 1255 1029 Ἀνδοκίδου
1269 990 1281 1004 ·
1307 977 1336 1026 ὁ
1371 974 1422 1025 δὲ
1440 972 1680 1029 Διονύσιος
1709 970 1842 1021 νόθον
1861 970 1980 1019 εἶναι
1996 968 2119 1031 λέγει

494 1240 551 1280 2⁰
653 1206 782 1269 Ὀτι
803 1204 898 1285 μὶν
927 1202 1135 1286 εἰρήνην
1157 1204 1420 1262 ποιεῖσθαι
1443 1198 1646 1259 δικαίαν
1677 1196 1887 1276 ἄμεινόν
1920 1197 2057 1256 ἐστιν
2084 1192 2121 1266 ἢ

575 1299 838 1373 πολεμεῖν,
867 1292 1063 1353 δοκεῖτέ
1098 1314 1215 1370 μοι,
1233 1280 1278 1350 ὦ
1299 1290 1557 1362 Ἀθηναῖοι
1570 1333 1588 1363 ,
1616 1287 1806 1353 πάντες
1825 1284 2123 1365 γινώσκειν·

575 1387 653 1447 ὅτι
681 1384 736 1444 δὲ
757 1386 806 1443 οἳ
831 1382 1044 1464 ῥήτορες
1075 1383 1151 1461 τῷ
1184 1380 1279 1457 μὲν
1316 1376 1531 1455 ὀνόματι
1557 1380 1650 1447 τῆς
1679 1374 1885 1457 εἰρήνης
1911 1395 2124 1453 συγχω-

577 1478 722 1556 ροῦσι
736 1517 754 1549 ,
782 1479 888 1538 τοῖς
907 1472 952 1528 δ’
978 1468 1142 1549 ἔργοις
1165 1466 1254 1547 ἀφ’
1282 1456 1352 1524 ὧν
1379 1469 1415 1535 ἡ
1438 1462 1614 1544 εἰρήνη
1629 1462 1826 1542 γένοιτο
1841 1464 2124 1521 ἐναντιοῧν·

575 1585 697 1639 ται,
717 1564 868 1619 τοῦτο
901 1556 955 1615 δὲ
983 1559 1040 1616 οὗ
1069 1555 1258 1621 πάντες
1281 1552 1601 1612 αἰσθάνεσθε.
1683 1549 1908 1629 Λέγουσι
1935 1548 2034 1629 γὰρ
2058 1552 2127 1616 ὡς

579 1648 688 1708 ἔστι
733 1645 1020 1706 δεινότατον
1066 1647 1142 1724 τῷ
1173 1642 1354 1722 δήμῳ,
1383 1640 1660 1721 γενομένης
1712 1638 1945 1719 εἰρήνης,
1976 1641 2010 1708 ἡ
2038 1640 2127 1695 νῦν

493 1754 549 1801 δῦ
578 1728 707 1798 οῧσα
725 1733 962 1795 πολιτεία
989 1732 1065 1811 μὴ
1093 1732 1380 1811 καταλυθῇ.
1463 1730 1524 1813 (2)
1559 1730 1624 1789 Εἰ
1643 1725 1739 1805 μὲν
1763 1718 1851 1787 οῧν
1881 1722 2129 1805 μηδεπώ-

578 1848 706 1886 ποτε
726 1822 972 1905 πρότερον
997 1824 1026 1881 ὁ
1053 1822 1216 1899 δῆμος
1233 1822 1262 1879 ὁ
1279 1822 1383 1878 τῶν
1401 1815 1684 1890 Ἀθηναίων
1711 1816 1919 1898 εἰρήνην
1949 1812 2125 1886 ἐποιή·

580 1936 710 1974 σατο
756 1911 884 1993 πρὸς
927 1906 1400 1986 Λακεδαιμονίους,
1441 1903 1647 1971 εἰκότως
1689 1902 1754 1963 ἂν
1803 1900 2125 1983 ἐφοὸούμεθα

581 2001 708 2063 αὐτὸ
735 2000 820 2060 διά
845 2022 904 2059 τε
927 1998 1023 2071 τὴν
1048 1996 1288 2076 ἀπειρίαν
1309 2001 1403 2055 τοῦ
1425 1994 1577 2076 ἔργου
1605 1992 1692 2052 διά
1711 2014 1766 2052 τε
1791 1991 1886 2063 τὴν
1922 1989 2130 2051 ἐκείνων

583 2089 828 2153 ἀπιστίαν
840 2112 855 2127 ·
869 2086 998 2147 ὅπου
1013 2086 1068 2146 δὲ
1077 2084 1328 2152 πολλάκις
1346 2083 1449 2157 ἤδη
1463 2080 1708 2164 πρότερον
1724 2080 1930 2162 εἰρήνην
1950 2077 2131 2152 ἐποιή-

583 2185 744 2241 σασθε
771 2172 1274 2257 δημοκρατούμενοι,
1293 2176 1404 2241 πῶς
1441 2173 1535 2231 οὐκ
1580 2170 1713 2237 εἰκὸς
1751 2173 1884 2247 ὑμᾶς
1926 2171 2131 2249 πρῶτον

586 2270 760 2329 ἐκεῖνα
782 2266 1073 2346 σκέψασθαι
1099 2262 1166 2321 τὰ
1187 2262 1306 2321 τότε
1331 2259 1611 2338 γενόμενα,
1633 2255 1736 2339 χρὴ
1758 2255 1886 2338 γὰρ,
1901 2245 1946 2316 ὦ
1964 2255 2132 2329 Ἀθη-

999 468 1436 551 ΑΝΔΟΚΙΔΟΥ
1477 484 1528 545 0
1567 484 1752 546 ΠΕΡΙ
1793 484 1949 545 ΤΗΣ
1990 482 2197 543 ΠΡΟΣ
2237 478 2916 541 ΛΑΚΕΔΑΙΜΟΝΙΟΥΣ
2952 477 3302 539 ΕΙΡΗΝΗΣ

3534 474 3735 554 (οῦ-ω)

2258 612 2505 658 considere.
2562 613 2805 667 Propterea
2836 608 3089 655 Andocides
3114 606 3465 653 Atheniensibus
3480 606 3684 659 eomnlit.
3700 610 3743 649 ui

2260 719 2417 765 pacem
2433 706 2667 764 accipiant.
2720 705 3065 751 consultationis
3080 705 3230 761 itaque
3246 702 3398 749 torma
3416 706 3488 749 est
3502 736 3515 757 ,
3532 706 3659 759 caput
3674 715 3741 746 nc·

2258 806 2369 861 getii
2398 805 2582 851 utilitas.
2636 803 2933 851 Philochorus
2958 800 3073 849 «neit
3102 800 3267 857 leastoe
3286 812 3315 845 a
3340 799 3665 847 moerim
3680 810 3741 843 re·

2260 900 2395 956 nisse,
2422 911 2561 957 reque
2580 896 2749 945 inlecta
2768 898 3038 953 duce-ine,
3064 896 3297 943 Andoeide
3320 908 3424 943 non
3450 896 3743 955 persuadent&

2262 998 2499 1057 Dionysio
2513 1009 2625 1045 vero
2644 997 2893 1043 orationem
2908 996 3026 1043 hene
3040 1006 3135 1043 non
3152 1006 3246 1043 esse
3266 994 3521 1043 Andocidis
3536 994 3653 1039 dicit.

2272 1208 2448 1257 Pacem
2470 1204 2579 1255 iniri
2598 1216 2787 1268 aequam
2809 1204 2965 1255 multo
2982 1216 3085 1255 esse
3101 1202 3251 1255 satius
3267 1215 3423 1266 quam
3446 1201 3627 1252 bellum
3642 1201 3747 1264 geri,

2214 1294 2363 1357 probe
2382 1293 2430 1345 id
2445 1307 2533 1344 vos
2544 1306 2711 1344 omnes
2728 1306 2867 1344 nosse
2882 1291 3131 1356 videmini,
3150 1290 3469 1343 Athenienses
3486 1305 3500 1339 :
3521 1288 3604 1339 sed
3619 1292 3748 1339 orato-

2214 1395 2294 1433 res
2314 1384 2499 1434 vestros
2522 1381 2705 1433 nomini
2732 1380 2927 1445 quidem
2946 1382 3081 1445 pacis
3098 1380 3263 1431 locum
3282 1379 3404 1432 dare
3416 1417 3435 1444 ‚
3456 1379 3600 1430 rebus
3616 1381 3748 1427 auten

2215 1470 2458 1522 adversari
2478 1484 2563 1535 per
2578 1484 2701 1534 quas
2717 1482 2815 1533 pax
2830 1470 3079 1535 coalescit,
3102 1468 3153 1519 id
3171 1483 3286 1521 vero
3308 1482 3414 1519 non
3433 1481 3605 1519 >omnes
3618 1467 3746 1516 terni-

2216 1558 2296 1610 tis.
2362 1558 2595 1610 Dictitant
2616 1570 2815 1623 nempe,
2838 1571 2933 1622 pax
2960 1558 3043 1609 ubi
3062 1558 3341 1620 maluisset,
3361 1557 3491 1607 nihil
3510 1570 3609 1607 esse
3630 1554 3749 1616 magis

2214 1646 2482 1697 verendum
2495 1684 2511 1709 ,
2526 1660 2675 1710 quam
2694 1660 2756 1697 ne
2772 1648 2927 1696 forma
2941 1660 3039 1709 qua
3052 1659 3181 1696 nunc
3196 1645 3383 1696 utimur
3402 1646 3526 1708 reip.
3546 1646 3745 1693 mutetur.

2220 1734 2286 1798 (2)
2302 1737 2413 1785 Jam
2429 1747 2547 1785 vero
2574 1734 2615 1785 si
2638 1736 2845 1799 populus
2875 1733 3175 1785 Atheniensis
3211 1746 3471 1797 nunqnam
3499 1733 3637 1783 antea
3658 1742 3749 1779 cum

2217 1822 2591 1874 Lacedaemoniis
2634 1837 2804 1888 pacem
2842 1823 3190 1887 contraxisset,
3213 1823 3392 1873 merito
3432 1822 3641 1885 primum
3668 1818 3751 1880 eius

2219 1898 2483 1975 per-sculum
2501 1912 2936 1976 reformidaremus,
2950 1924 3105 1976 quum
3124 1910 3257 1975 qnod
3274 1911 3345 1961 rei
3370 1924 3469 1961 usu
3486 1920 3748 1967 careremus,

2220 2001 2325 2050 tum
2338 2000 2470 2063 quod
2484 2000 2835 2053 Lacedaemonii
2851 2000 2986 2051 infidi
3000 2000 3115 2063 sint;
3134 2000 3207 2051 sin
3218 2002 3385 2051 autem
3402 1998 3611 2050 antehac
3624 2008 3747 2058 ωρο-

2220 2102 2423 2139 numero
2441 2102 2609 2153 pacem
2638 2102 2753 2140 cum
2783 2088 3158 2141 Lacedaemoniis
3176 2088 3431 2139 inierimus
3450 2088 3533 2151 (et
3552 2084 3747 2147 iniimus)
3766 2132 3768 2139 Α

2219 2178 2353 2228 salva
2379 2177 2599 2229 libertate
2622 2180 2815 2243 nostra,
2834 2180 2975 2242 ecqui
2992 2191 3090 2229 non
3120 2178 3183 2229 sit
3208 2180 3591 2229 consentaneum
3610 2175 3667 2227 ad
3688 2173 3751 2225 ills

2222 2268 2413 2317 vetusta
2430 2267 2649 2331 exempla
2666 2280 2755 2317 nos
2770 2268 3068 2331 respectare?
3084 2268 3289 2329 Oportet
3305 2266 3481 2331 utique
3492 2308 3509 2332 ,
3530 2266 3748 2319 Athenien·

505 2375 560 2416 ω
583 2360 736 2429 ναῖοι,
753 2349 1050 2433 τεκμηρίοις
1065 2352 1294 2431 χρῆσθαι
1320 2350 1426 2417 τοῖς
1441 2347 1689 2429 πρότερον
1703 2334 1993 2425 γενομένοις
2014 2343 2135 2425 περὶ
2222 2366 2324 2417 ses,
2344 2368 2373 2405 e
2393 2355 2595 2405 vetustis
2622 2355 2787 2405 sutura
2813 2355 3051 2419 colligere.
3119 2356 3187 2419 (3)
3212 2356 3385 2419 Igitur,
3410 2358 3471 2406 ut
3506 2356 3617 2406 hinc
3634 2366 3749 2404 exor-

583 2448 688 2504 τῶν
711 2442 1003 2522 μελλόντων
1025 2438 1253 2499 ἔσεσθαι.
1341 2436 1403 2518 (s)
1444 2434 1633 2498 Ἥνίκα
1659 2434 1828 2494 τοίνυν
1855 2432 1952 2511 μὲν
1982 2436 2011 2492 ὃ
2038 2430 2135 2491 πό·
2224 2442 2346 2507 diar,
2370 2442 2554 2493 bellum
2584 2444 2635 2494 in
2658 2444 2842 2495 Euboea
2858 2446 3105 2507 gerentes,
3123 2447 3468 2510 negat-amque
3498 2443 3747 2496 tenenteset

585 2534 743 2611 λεμος
761 2532 886 2607 ἡμῖν
911 2530 964 2587 ἐν
985 2525 1184 2607 Εὖὸοία
1203 2570 1222 2603 ,
1245 2523 1468 2607 Μέγαρα
1502 2522 1556 2584 δὲ
1585 2520 1794 2603 εἴχομεν
1821 2520 1912 2581 καὶ
1950 2519 2138 2599 Πηγὰς

588 2620 678 2679 καὶ
699 2620 987 2699 Τροιζῆνα,
1030 2614 1235 2695 εἰρήνης
1267 2611 1689 2691 ἐπεθυμήσαμεν,
1725 2609 1816 2669 καὶ
1845 2610 2139 2681 Μιλτιάδην

585 2708 673 2767 τὸν
711 2706 950 2783 Κίμωνος
975 2700 1396 2783 ὠστρακισμένον
1441 2700 1533 2760 καὶ
1561 2698 1685 2759 ὄντα
1727 2699 1780 2756 ἐν
1818 2696 2138 2779 Χερρονήσῳ

585 2792 971 2871 κατεδεξάμεθα
1003 2790 1068 2850 δι’
1097 2789 1224 2849 αὐτὸ
1248 2794 1430 2862 τοῦτο,
1465 2788 1705 2870 πρόξενον
1728 2784 1850 2845 ὄντα
1875 2786 2139 2847 Λακεδαι-

588 2884 797 2965 μονίων,
821 2880 960 2948 ὅπως
981 2878 1285 2961 πέμψαιμεν
1316 2880 1367 2944 ἐς
1394 2875 1764 2952 Λακεδαίμονα
1785 2897 2140 2957 προκηρυκευ-

586 2972 801 3050 σόμενον
823 2970 941 3051 περὶ
989 2969 1240 3028 σπονδῶν.
1325 2964 1384 3047 (4)
1411 2965 1518 3027 Καὶ
1537 2965 1654 3025 τότε
1676 2968 1800 3042 ἡμῖν
1828 2963 2005 3046 εἰρήνη
2036 2960 2142 3039 ἐγέ·

500 3075 570 3132 24
595 3084 711 3122 νετο
751 3058 879 3142 πρὸς
913 3054 1354 3135 Λακεδαιμονίους
1389 3054 1479 3127 ἔτη
1519 3053 1867 3128 πεντήκοντα,
1911 3051 1999 3113 καὶ
2044 3053 2145 3110 ἐνε·

593 3149 842 3230 μείναμεν
879 3145 1162 3227 ἀμφότεροι
1200 3143 1414 3210 ταύταις
1441 3151 1553 3209 ταῖς
1581 3144 1824 3209 σπονδαῖς
1871 3140 1967 3213 ἔτη
1996 3162 2143 3219 τρια-

589 3238 826 3297 καίδεκα.
908 3233 1012 3295 Ἓν
1041 3232 1105 3305 δὴ
1131 3238 1282 3292 τοῦτο
1298 3276 1315 3306 ,
1337 3220 1682 3303 ὦἈθηναῖοι,
1699 3233 1904 3313 πρῶτον
1936 3225 2139 3309 σκεψώ-

593 3330 744 3403 μεθα.
830 3323 925 3383 Ἕν
943 3322 1110 3400 ταύτῃ
1144 3326 1211 3401 τῇ
1239 3317 1418 3398 εἰρήνῄ
1448 3322 1476 3377 ὁ
1499 3321 1661 3397 δῆμος
1683 3320 1711 3377 ὁ
1729 3322 1836 3377 τῶν
1864 3315 2143 3390 Ἀθηναίων

597 3415 704 3472 ἔσθ’
729 3410 860 3469 ὅπου
885 3407 1170 3481 κατελύθη;
1197 3406 1359 3473 οὐδεὶς
1383 3405 1659 3474 ἀποδείξει.
1745 3405 1937 3484 Ἀγαθὰ
1964 3403 2017 3463 δὲ
2046 3402 2145 3463 ὅσα

595 3499 798 3579 ἐγένετο
827 3496 912 3557 διὰ
933 3494 1129 3568 ταύτην
1156 3493 1250 3565 τὴν
1271 3492 1476 3574 εἰρήνην
1493 3537 1510 3567 ,
1536 3492 1641 3573 ἐγὼ
1673 3497 1796 3571 ὑμῖν
1823 3492 2025 3575 φράσω.
2078 3493 2139 3574 (s)

594 3591 813 3669 Πρῶτον
842 3582 934 3663 μὶν
962 3584 1049 3642 τὸν
1073 3586 1301 3662 Πειραιᾶ
1319 3580 1436 3641 τότε
1457 3580 1784 3661 ἐτειχίσαμεν
1807 3582 1859 3641 ἐν
1885 3580 2053 3661 τούτῳ
2069 3584 2144 3662 τῷ

545 3700 572 3741 5
598 3673 797 3757 χρόνῳ,
834 3662 947 3730 εἶτα
975 3668 1034 3728 τὸ
1062 3668 1260 3750 μακρὸν
1282 3668 1451 3748 τεῖχος
1480 3668 1540 3727 τὸ
1573 3670 1768 3749 βόρειον
1781 3691 1796 3707 ·
1821 3666 1939 3727 ἀντὶ
1966 3666 2021 3727 δὲ
2042 3671 2145 3726 τῶν

597 3761 820 3843 τριήρων
851 3757 907 3819 αἳ
927 3758 1042 3817 τότε
1067 3761 1192 3834 ἡμῖν
1213 3748 1352 3830 ἦσαν
1375 3756 1600 3817 παλαιαὶ
1615 3756 1706 3816 καὶ
1732 3757 1921 3833 ἄπλοι,
1952 3748 2032 3825 αἶς
2056 3760 2147 3837 βα·

598 3850 748 3913 σιλέα
769 3850 860 3911 καὶ
877 3846 1173 3929 βαρὸάρους
1193 3845 1762 3927 καταναυμαχήσαντες
1787 3844 2144 3929 ἠλευθερώσα-

597 3964 692 4021 μεν
709 3938 824 4007 τοὺς
847 3937 1142 4009 Ἕλληνας,
1163 3935 1279 3995 ἀντὶ
1300 3936 1495 3995 τούτων
1517 3939 1620 3994 τῶν
1641 3937 1766 3995 νεῶν
1795 3934 1979 3995 ἑκατὸν
1996 3934 2142 4016 τριή-

597 4031 702 4111 ’ρεις
743 4024 1257 4105 ἐναυπηγησάμεθα,
1304 4024 1395 4085 καὶ
1435 4028 1638 4105 πρῶτον
1681 4024 1794 4084 τότε
1825 4024 2147 4107 τριακοσίους

593 4120 768 4185 ἱππεῖς
794 4114 1228 4191 κατεστησάμεθα
1255 4112 1348 4173 καὶ
1373 4112 1579 4183 τοξότας
1598 4113 1920 4195 τριακοσίους
1944 4112 2146 4182 Σκύθας

596 4207 904 4288 ἐπριάμεθα.
989 4203 1102 4264 Καὶ
1131 4208 1295 4263 ταῦτα
1329 4205 1388 4263 ἐκ
1409 4207 1500 4275 τῆς
1531 4202 1736 4283 εἰρήνης
1762 4207 1853 4276 τῆς
1877 4204 2005 4285 πρὸς
2032 4210 2146 4267 Λα-

520 4311 571 4353 ιο
594 4292 948 4368 κεδαιμονίους
973 4291 1143 4369 ἀγαθὰ
1159 4295 1224 4369 τῇ
1246 4290 1394 4349 πόλει
1422 4291 1511 4350 καὶ
1537 4290 1750 4369 δύναμις
1769 4296 1844 4373 τῷ
1865 4293 2017 4377 δήμῳ
2044 4299 2145 4354 τῶν

599 4378 880 4451 Ἀθηναίων
899 4376 1117 4457 ἐγένετο.
1207 4380 1268 4457 (e)
1307 4378 1458 4439 Μετὰ
1489 4378 1543 4437 δὲ
1572 4385 1738 4438 ταῦτα
1776 4382 1842 4439 δι’
1862 4383 2146 4462 Αἰγινήτας

599 4469 669 4533 εἰς
719 4466 948 4544 πόλεμον
983 4463 1328 4543 κατέστημεν,
1373 4466 1464 4523 καὶ
1483 4464 1650 4523 πολλὰ
1694 4467 1833 4526 κακὰ
1874 4470 2142 4546 παθόντες,

599 4552 770 4613 πολλὰ
795 4551 850 4611 δὲ
875 4550 1186 4623 ποιήσαντες
1213 4554 1613 4632 ἐπεθυμήσαμεν
1636 4554 1793 4614 πάλιν
1807 4560 1898 4628 τῆς
1923 4559 2144 4641 εἰρήνης,

601 4642 690 4704 καὶ
717 4642 976 4722 ᾑρέθησαν
1005 4639 1129 4700 δέκα
1157 4641 1336 4723 ἄνδρες
1356 4640 1409 4711 ἐξ
1431 4640 1708 4715 Ἀθηναίων
1740 4644 1985 4706 ἁπάντων
2015 4648 2145 4730 πρέ-

603 4732 744 4798 σὸεις
769 4734 840 4797 εἰς
867 4728 1230 4807 Λακεδαίμονα
1255 4730 1373 4811 περὶ
1405 4730 1606 4811 εἰρήνης
1651 4734 2043 4827 αὐτοκράτορες,
2073 4729 2145 4799 ὧν

602 4810 666 4892 ἦν
682 4817 772 4877 καὶ
801 4816 1091 4888 Ἀνδοκίδης
1117 4821 1144 4875 ὁ
1170 4818 1381 4885 πάππος
1409 4822 1437 4879 ὃ
1460 4821 1727 4903 ἡμέτερος.
1752 4827 1911 4884 Οὗτοι
1927 4830 2047 4904 ὑμῖν
2075 4830 2145 4887 εἰ·

606 4906 765 4988 ρήνην
807 4904 1057 4973 ἐποίησαν
1083 4904 1211 4986 πρὸς
1241 4910 1680 4986 Λακεδαιμονίους
1721 4910 1808 4983 ἔτη
1845 4915 2141 4994 τριάκοντα.

533 5024 578 5065 15
609 4995 717 5058 Καὶ
745 4997 796 5053 ἐν
819 4993 1047 5077 τοσούτῳ
1074 4995 1247 5076 χρόνῳ
1269 4994 1406 5055 ἔστιν
1425 4998 1582 5074 ὅπου,
1623 4990 1667 5059 ὦ
1685 5004 1970 5077 Ἀθηναῖοι,
1993 5008 2021 5064 ὁ
2049 5008 2144 5079 δῆ-

602 5109 700 5165 μος
725 5082 1012 5164 κατελύθη,
1039 5084 1090 5143 τί
1119 5082 1176 5143 δέ
1193 5106 1211 5164 ;
1231 5086 1542 5167 πράττοντές
1567 5114 1697 5161 τινες
1719 5092 1887 5172 δήμου
1918 5096 2147 5157 κατάλυ-

605 5195 688 5234 σιν
713 5174 1010 5258 ἐλήφθησαν
1023 5194 1044 5250 ,·
1079 5176 1194 5235 Οὗκ
1221 5173 1358 5235 ἔστιν
1386 5176 1524 5247 ὅστις
1549 5180 1804 5251 ἀποδείξει
1821 5227 1839 5261 ,
1871 5184 1988 5243 ἀλλ’
2020 5186 2147 5247 αὐτὸ

603 5260 664 5321 τὸ
703 5262 1102 5324 ἐναντιώτατον·
1145 5263 1218 5347 (7)
1255 5263 1387 5340 αὕτη
1431 5265 1533 5350 γὰρ
1573 5272 1608 5342 ἡ
1645 5271 1821 5353 εἰρήνη
1857 5271 1945 5333 τὸν
1982 5272 2147 5355 δῆμον

2228 2534 2373 2595 chas
2390 2533 2440 2581 et
2468 2534 2747 2583 Troezenem
2761 2569 2777 2596 ,
2800 2531 2933 2595 pacis
2960 2534 3124 2582 tasnen
3150 2531 3447 2583 desiderium
3470 2546 3558 2583 nos
3576 2533 3747 2583 incesse·

2227 2620 2336 2681 bat;
2359 2634 2457 2683 quo
2481 2621 2661 2671 sactum
2698 2623 2753 2671 ut
2776 2622 3039 2671 Miltiadem
3068 2622 3285 2673 Cimonis
3326 2622 3488 2674 filium
3506 2622 3745 2674 osu-scissio

2227 2709 2383 2771 patria
2400 2708 2605 2772 ejectum
2628 2723 2657 2759 e
2688 2710 3011 2773 Chersoneso,
3038 2710 3121 2761 ubi
3142 2710 3454 2776 versabatur,
3476 2713 3746 2770 revocatum,

2229 2798 2422 2847 civitate
2455 2811 2622 2849 rursus
2644 2801 2965 2862 reciperemus
2990 2812 3097 2849 eam
3128 2799 3281 2863 ipsam
3303 2800 3366 2851 ad
3390 2816 3516 2863 rem,
3540 2815 3632 2865 quo
3662 2800 3747 2847 ante
3767 2842 3768 2853 ,

2232 2885 2418 2937 feciales
2434 2889 2621 2937 nostros
2636 2890 2855 2951 Spartam
2877 2888 3051 2939 missus
3061 2925 3076 2950 ,
3100 2890 3275 2953 quippe
3290 2890 3374 2954 qui
3391 2888 3745 2941 ucedoemonio·

2231 2988 2340 3024 rum
2360 2974 2554 3026 Athenis
2566 2980 2847 3041 procurator
2870 2979 3020 3040 esset,
3034 2977 3275 3041 negotium
3292 2978 3431 3042 pacis
3440 2976 3747 3030 constituendae

2232 3064 2519 3127 praelibaret.
2586 3065 2654 3129 (4)
2688 3064 2913 3117 Miltiadis
2938 3066 3080 3129 hujus
3113 3079 3257 3130 opera
3280 3080 3375 3131 pax
3406 3068 3649 3119 conciliata
3666 3068 3746 3115 tum

2233 3151 2323 3203 fuit
2338 3166 2451 3202 cum
2468 3152 2842 3204 Lacedaemoniis
2865 3154 2913 3203 in
2931 3167 3081 3205 anuos
3096 3154 3459 3219 quinquaginta
3470 3196 3486 3221 ‚
3508 3169 3623 3220 quas
3638 3153 3746 3205 nubo

2232 3240 2395 3304 populi
2422 3240 2474 3291 in
2508 3254 2687 3292 annum
2714 3240 2955 3292 decimum
2980 3244 3182 3294 tertium
3212 3247 3619 3297 conservavimus.
3673 3246 3744 3303 Age

2233 3331 2443 3393 primum
2468 3330 2713 3381 videamus
2732 3331 2853 3392 hoc,
2874 3334 3041 3381 utrum
3058 3346 3143 3395 per
3160 3332 3286 3383 hanc
3302 3347 3474 3397 pacem
3488 3335 3634 3385 forma
3648 3329 3745 3392 regi·

2234 3418 2374 3467 minis
2386 3418 2629 3481 popularis
2640 3418 2732 3468 hac
2744 3432 2773 3469 e
2782 3418 2975 3470 civitate
2988 3420 3345 3471 sueritsubhta.
3412 3424 3625 3475 Profecto
3636 3431 3743 3470 neruo

2233 3504 2283 3555 id
2314 3505 2639 3556 contenderit:
2666 3520 2753 3569 ego
2770 3510 2937 3557 contm
2950 3544 2965 3570 ,
2984 3510 3105 3571 quot
3120 3511 3171 3559 et
3204 3512 3386 3573 quanta
3410 3510 3537 3561 bona
3558 3510 3677 3559 vobis
3698 3518 3743 3555 ex
3767 3542 3768 3559 r

2236 3596 2327 3647 hae
2366 3609 2484 3660 pace
2529 3596 2853 3660 effloruerint,
2896 3598 3097 3649 docebo.
3162 3598 3229 3663 (5)
3266 3599 3511 3664 Primum,
3550 3600 3743 3651 Piraeeum

2235 3685 2423 3735 moeniis
2436 3688 2556 3736 tunc
2572 3686 2805 3749 sepsimus
2816 3724 2833 3750 ,
2852 3690 2957 3737 tum
2976 3688 3168 3751 longum
3196 3702 3392 3740 murum
3413 3690 3645 3741 borealem
3662 3698 3744 3735 con·

2233 3770 2440 3823 didimus
2474 3791 2486 3822 =
2509 3786 2653 3837 porro
2670 3786 2823 3836 quum
2846 3786 3022 3837 naves,
3044 3774 3218 3838 quihus
3239 3778 3435 3827 Persam
3461 3776 3745 3828 deviceramus

2234 3872 2387 3923 eoque
2431 3860 2557 3911 racto
2598 3861 2797 3913 Graeciae
2824 3861 3095 3913 libertatem
3128 3876 3513 3928 asserueramus,
3547 3862 3745 3914 vetustate

2235 3946 2477 3999 dissolutae
2508 3948 2790 4013 militiaeque
2824 3949 3083 4002 maritimae
3120 3950 3353 4019 inhabiles
3384 3954 3527 4004 factae
3560 3948 3741 4005 ruissent,

2236 4048 2403 4086 earum
2416 4036 2465 4087 in
2479 4035 2641 4087 locum
2654 4039 2849 4088 centum
2863 4051 3014 4089 novas
3026 4038 3143 4091 alias
3156 4040 3378 4091 triremes
3396 4038 3741 4093 construximus:

2238 4124 2341 4173 lum
2360 4124 2569 4188 primum
2582 4127 2908 4176 trecentorum
2922 4127 3141 4190 equitum
3156 4127 3451 4181 instituimus
3462 4128 3663 4180 militiam
3672 4162 3685 4185 ,
3696 4125 3746 4171 ἰο-

2236 4210 2480 4276 fidemque
2496 4214 2700 4276 Scythas
2716 4212 2985 4277 sagittarios
3002 4228 3099 4266 aere
3111 4217 3273 4267 nostro
3285 4217 3587 4268 redemimus.
3644 4216 3743 4263 Bou

2236 4299 2345 4351 haec
2360 4300 2547 4353 suntad
2563 4315 2716 4365 remp.
2732 4302 2796 4352 sb
2808 4302 2891 4353 illa
2910 4316 3023 4353 cum
3038 4304 3410 4357 Laeedaemoniis
3426 4320 3544 4371 pace
3554 4302 3743 4368 profect-'¹5

2238 4390 2314 4439 hoe
2335 4390 2485 4453 copiae
2506 4391 2639 4440 illinc
2660 4393 2827 4453 partae.
2897 4393 2967 4456 (6)
2994 4394 3166 4444 Postea
3182 4407 3354 4445 rursus
3370 4394 3496 4447 bello
3513 4406 3616 4444 cum
3644 4385 3741 4449 AEssi·

2237 4478 2359 4528 netis
2379 4492 2547 4529 sumus
2568 4479 2811 4542 impliciti,
2844 4478 2893 4529 in
2924 4494 3025 4543 quo
3050 4482 3213 4533 multis
3233 4482 3452 4548 datisque
3482 4480 3744 4545 acceptisque

2236 4566 2449 4617 cladibus
2459 4604 2473 4627 ,
2489 4567 2647 4617 denuo
2658 4581 2748 4619 nos
2760 4568 3044 4621 desiderium
3058 4570 3188 4634 pacis
3206 4572 3367 4622 subiit.
3385 4575 3551 4637 ltaque
3562 4569 3742 4620 universa

2237 4666 2301 4703 ex
2313 4653 2507 4704 civitate
2529 4655 2695 4706 decem
2719 4656 2859 4720 legati
2884 4662 3107 4723 spartam
3128 4660 3192 4710 de
3212 4674 3331 4724 pace
3353 4660 3666 4712 constituenda
3682 4665 3742 4701 ar·

2237 4740 2434 4792 bitraria
2460 4756 2571 4793 cum
2593 4747 2828 4807 potestate
2858 4747 2989 4798 missi
3014 4753 3153 4810 sunt,
3172 4748 3297 4799 inter
3322 4762 3498 4813 eosque
3517 4748 3646 4799 etiam
3672 4746 3740 4791 An·

2238 4830 2428 4881 decides
2449 4844 2569 4882 avus
2590 4836 2769 4885 noster.
2834 4836 2896 4885 Hi
2919 4849 3087 4899 pacem
3118 4838 3258 4905 nobis
3281 4851 3393 4889 cum
3418 4827 3741 4890 Lacedaemoniis

2238 4918 2573 4981 trigintennem
2592 4922 2925 4974 conciliarunt.
2962 4926 3069 4977 lloc
3080 4928 3187 4977 toto
3199 4928 3414 4990 tempore
3426 4932 3555 4978 estne
3568 4928 3738 4984 unquam

2237 5004 2460 5067 maiestas
2492 5008 2655 5070 populi
2690 5008 2979 5062 imminuta?
3046 5017 3217 5077 Negas.
3254 5014 3385 5073 Quid
3416 5016 3548 5066 tum?
3602 5010 3741 5061 suntne

2239 5098 2340 5147 tum
2358 5098 2661 5165 deprehensi,
2679 5104 2759 5165 qui
2783 5106 2999 5156 evertere
3016 5106 3205 5157 civilem
3232 5109 3609 5161 constitutionem
3624 5112 3739 5153 0⁰¹²⁸⁶

2236 5196 2434 5245 rentur?
2493 5199 2646 5249 Nemo
2676 5201 2755 5251 est
2794 5202 2881 5264 qui
2926 5202 3072 5255 misse
3099 5203 3286 5256 doceat.
3352 5206 3513 5265 Quid?
3532 5199 3648 5268 quod
3668 5194 3737 5246 ⁸¹5²

2236 5289 2397 5340 omnia
2419 5303 2637 5344 evenere.
2704 5295 2774 5358 (7)
2796 5298 2901 5347 Pax
2922 5296 3029 5351 haec
3060 5296 3313 5351 sublimem
3337 5301 3527 5353 sustulit
3550 5294 3736 5365 populum
