<?xml version="1.0" encoding="UTF-8"?>
<!DOCTYPE html PUBLIC "-//W3C//DTD XHTML 1.0 Transitional//EN"
    "http://www.w3.org/TR/xhtml1/DTD/xhtml1-transitional.dtd">
<html xmlns="http://www.w3.org/1999/xhtml" xml:lang="en" lang="en">
 <head>
  <title>
</title>
<meta http-equiv="Content-Type" content="text/html;charset=utf-8" />
  <meta name='ocr-system' content='tesseract 3.04.00' />
  <meta name='ocr-capabilities' content='ocr_page ocr_carea ocr_par ocr_line ocrx_word'/>
</head>
<body>
  <div class='ocr_page' id='page_1' title='image "./oratoresatticia03unkngoog/oratoresatticia03unkngoog_0309.png"; bbox 0 0 3825 5842; ppageno 0'>
   <div class='ocr_carea' id='block_1_1' title="bbox 170 498 445 589">
    <p class='ocr_par' dir='ltr' id='par_1_1' title="bbox 170 498 445 589">
     <span class='ocr_line' id='line_1_1' title="bbox 170 498 445 589; baseline -0.011 -28"><span class='ocrx_word' id='word_1_1' title='bbox 170 498 445 589; x_wconf 66' lang='lat' dir='ltr'><strong>(sos—sos)</strong></span> 
     </span>
    </p>
   </div>
   <div class='ocr_carea' id='block_1_2' title="bbox 98 612 1723 2734">
    <p class='ocr_par' dir='ltr' id='par_1_2' title="bbox 166 612 1717 1146">
     <span class='ocr_line' id='line_1_2' title="bbox 166 612 1710 707; baseline -0.007 -22"><span class='ocrx_word' id='word_1_2' title='bbox 166 626 355 707; x_wconf 63' lang='grc' dir='ltr'>ἔχομεν</span> <span class='ocrx_word' id='word_1_3' title='bbox 379 627 565 697; x_wconf 80' lang='grc' dir='ltr'>εἰπεῖν,</span> <span class='ocrx_word' id='word_1_4' title='bbox 586 620 673 680; x_wconf 75' lang='grc' dir='ltr'><strong>ἵνα</strong></span> <span class='ocrx_word' id='word_1_5' title='bbox 694 617 948 699; x_wconf 82' lang='grc' dir='ltr'>γνώσεσθε</span> <span class='ocrx_word' id='word_1_6' title='bbox 974 616 1053 677; x_wconf 74' lang='grc' dir='ltr'><strong>ὅτι</strong></span> <span class='ocrx_word' id='word_1_7' title='bbox 1076 619 1134 677; x_wconf 75' lang='grc' dir='ltr'><strong>ἐκ</strong></span> <span class='ocrx_word' id='word_1_8' title='bbox 1158 615 1405 700; x_wconf 68' lang='grc' dir='ltr'>θυγατρὸς</span> <span class='ocrx_word' id='word_1_9' title='bbox 1426 616 1577 695; x_wconf 79' lang='grc' dir='ltr'>ἡμεῖς</span> <span class='ocrx_word' id='word_1_10' title='bbox 1606 612 1710 677; x_wconf 86' lang='grc' dir='ltr'><strong>Κί-</strong></span> 
     </span>
     <span class='ocr_line' id='line_1_3' title="bbox 166 696 1711 793; baseline -0.007 -19"><span class='ocrx_word' id='word_1_11' title='bbox 166 696 327 793; x_wconf 75' lang='grc' dir='ltr'>ρωνος</span> <span class='ocrx_word' id='word_1_12' title='bbox 353 712 528 793; x_wconf 82' lang='grc' dir='ltr'>ἐσμέν.</span> <span class='ocrx_word' id='word_1_13' title='bbox 612 700 720 771; x_wconf 77' lang='grc' dir='ltr'><strong>Οἷα</strong></span> <span class='ocrx_word' id='word_1_14' title='bbox 742 706 843 788; x_wconf 76' lang='grc' dir='ltr'><strong>γὰρ</strong></span> <span class='ocrx_word' id='word_1_15' title='bbox 884 706 1017 775; x_wconf 74' lang='grc' dir='ltr'>εἰκὸς</span> <span class='ocrx_word' id='word_1_16' title='bbox 1044 706 1245 767; x_wconf 87' lang='grc' dir='ltr'>παίδων</span> <span class='ocrx_word' id='word_1_17' title='bbox 1272 705 1423 766; x_wconf 77' lang='grc' dir='ltr'>υἱέων</span> <span class='ocrx_word' id='word_1_18' title='bbox 1451 705 1503 775; x_wconf 81' lang='grc' dir='ltr'><strong>ἐξ</strong></span> <span class='ocrx_word' id='word_1_19' title='bbox 1527 708 1711 764; x_wconf 74' lang='grc' dir='ltr'>ἑαυτοῦ</span> 
     </span>
     <span class='ocr_line' id='line_1_4' title="bbox 166 793 1711 882; baseline -0.006 -21"><span class='ocrx_word' id='word_1_20' title='bbox 166 802 439 882; x_wconf 85' lang='grc' dir='ltr'>θυγατρός,</span> <span class='ocrx_word' id='word_1_21' title='bbox 498 796 828 859; x_wconf 77' lang='grc' dir='ltr'>οὐδεπώποτε</span> <span class='ocrx_word' id='word_1_22' title='bbox 874 795 1053 854; x_wconf 85' lang='grc' dir='ltr'>θυσίαν</span> <span class='ocrx_word' id='word_1_23' title='bbox 1100 794 1221 854; x_wconf 80' lang='grc' dir='ltr'>ἄνευ</span> <span class='ocrx_word' id='word_1_24' title='bbox 1271 798 1421 873; x_wconf 79' lang='grc' dir='ltr'>ἡμῶν</span> <span class='ocrx_word' id='word_1_25' title='bbox 1464 793 1711 871; x_wconf 85' lang='grc' dir='ltr'>οὐδεμίαν</span> 
     </span>
     <span class='ocr_line' id='line_1_5' title="bbox 168 881 1711 964; baseline -0.009 -11"><span class='ocrx_word' id='word_1_26' title='bbox 168 890 430 962; x_wconf 74' lang='grc' dir='ltr'>ἐποίησεν,</span> <span class='ocrx_word' id='word_1_27' title='bbox 452 889 573 947; x_wconf 75' lang='grc' dir='ltr'>ἀλλ’</span> <span class='ocrx_word' id='word_1_28' title='bbox 591 885 640 945; x_wconf 77' lang='grc' dir='ltr'><strong>εἴ</strong></span> <span class='ocrx_word' id='word_1_29' title='bbox 658 908 713 944; x_wconf 93' lang='grc' dir='ltr'><strong>τε</strong></span> <span class='ocrx_word' id='word_1_30' title='bbox 730 882 893 964; x_wconf 77' lang='grc' dir='ltr'>μικρὰ</span> <span class='ocrx_word' id='word_1_31' title='bbox 911 882 961 942; x_wconf 84' lang='grc' dir='ltr'><strong>εἴ</strong></span> <span class='ocrx_word' id='word_1_32' title='bbox 978 906 1035 942; x_wconf 91' lang='grc' dir='ltr'><strong>τε</strong></span> <span class='ocrx_word' id='word_1_33' title='bbox 1055 884 1259 961; x_wconf 86' lang='grc' dir='ltr'>μεγάλα</span> <span class='ocrx_word' id='word_1_34' title='bbox 1280 881 1419 961; x_wconf 80' lang='grc' dir='ltr'>θύοι,</span> <span class='ocrx_word' id='word_1_35' title='bbox 1440 888 1711 962; x_wconf 79' lang='grc' dir='ltr'>πανταχοῦ</span> 
     </span>
     <span class='ocr_line' id='line_1_6' title="bbox 166 968 1717 1061; baseline -0.007 -22"><span class='ocrx_word' id='word_1_36' title='bbox 166 983 405 1061; x_wconf 68' lang='grc' dir='ltr'>παρῆμεν</span> <span class='ocrx_word' id='word_1_37' title='bbox 426 982 574 1055; x_wconf 77' lang='grc' dir='ltr'>ἡμεῖς</span> <span class='ocrx_word' id='word_1_38' title='bbox 596 972 687 1034; x_wconf 72' lang='grc' dir='ltr'><strong>καὶ</strong></span> <span class='ocrx_word' id='word_1_39' title='bbox 705 970 1031 1049; x_wconf 85' lang='grc' dir='ltr'>συνεθύομεν.</span> <span class='ocrx_word' id='word_1_40' title='bbox 1064 970 1153 1054; x_wconf 77' lang='grc' dir='ltr'>(ιε)</span> <span class='ocrx_word' id='word_1_41' title='bbox 1179 970 1285 1033; x_wconf 72' lang='grc' dir='ltr'><strong>Καὶ</strong></span> <span class='ocrx_word' id='word_1_42' title='bbox 1304 974 1362 1031; x_wconf 81' lang='grc' dir='ltr'><strong>οὗ</strong></span> <span class='ocrx_word' id='word_1_43' title='bbox 1386 970 1539 1050; x_wconf 89' lang='grc' dir='ltr'>μόνον</span> <span class='ocrx_word' id='word_1_44' title='bbox 1564 972 1633 1037; x_wconf 76' lang='grc' dir='ltr'><strong>εἰς</strong></span> <span class='ocrx_word' id='word_1_45' title='bbox 1651 968 1717 1029; x_wconf 72' lang='grc' dir='ltr'><strong>τὰ</strong></span> 
     </span>
     <span class='ocr_line' id='line_1_7' title="bbox 166 1059 1717 1146; baseline -0.006 -19"><span class='ocrx_word' id='word_1_46' title='bbox 166 1074 379 1127; x_wconf 80' lang='grc' dir='ltr'>τοιαῦτα</span> <span class='ocrx_word' id='word_1_47' title='bbox 420 1062 890 1146; x_wconf 81' lang='grc' dir='ltr'>παρεκαλούμεθα,</span> <span class='ocrx_word' id='word_1_48' title='bbox 935 1060 1071 1120; x_wconf 80' lang='grc' dir='ltr'>ἀλλὰ</span> <span class='ocrx_word' id='word_1_49' title='bbox 1102 1060 1191 1121; x_wconf 81' lang='grc' dir='ltr'><strong>καὶ</strong></span> <span class='ocrx_word' id='word_1_50' title='bbox 1236 1064 1307 1129; x_wconf 81' lang='grc' dir='ltr'><strong>εἰς</strong></span> <span class='ocrx_word' id='word_1_51' title='bbox 1353 1059 1597 1123; x_wconf 86' lang='grc' dir='ltr'>Διονύσια</span> <span class='ocrx_word' id='word_1_52' title='bbox 1646 1060 1717 1127; x_wconf 79' lang='grc' dir='ltr'><strong>εἷς</strong></span> 
     </span>
    </p>

    <p class='ocr_par' dir='ltr' id='par_1_3' title="bbox 98 1147 1722 1850">
     <span class='ocr_line' id='line_1_8' title="bbox 98 1147 1719 1235; baseline -0.007 -19"><span class='ocrx_word' id='word_1_53' title='bbox 98 1180 143 1215; x_wconf 72' lang='lat'><strong>2⁵</strong></span> <span class='ocrx_word' id='word_1_54' title='bbox 172 1154 324 1235; x_wconf 72' lang='grc' dir='ltr'>ἀγρὸν</span> <span class='ocrx_word' id='word_1_55' title='bbox 345 1147 468 1232; x_wconf 71' lang='grc' dir='ltr'>ἦγεν</span> <span class='ocrx_word' id='word_1_56' title='bbox 498 1153 579 1211; x_wconf 80' lang='grc' dir='ltr'><strong>ἀεὶ</strong></span> <span class='ocrx_word' id='word_1_57' title='bbox 602 1157 772 1229; x_wconf 77' lang='grc' dir='ltr'>ἡμᾶς,</span> <span class='ocrx_word' id='word_1_58' title='bbox 802 1148 893 1209; x_wconf 82' lang='grc' dir='ltr'><strong>καὶ</strong></span> <span class='ocrx_word' id='word_1_59' title='bbox 936 1148 1049 1227; x_wconf 88' lang='grc' dir='ltr'>μετ’</span> <span class='ocrx_word' id='word_1_60' title='bbox 1078 1148 1272 1209; x_wconf 78' lang='grc' dir='ltr'>ἐκείνου</span> <span class='ocrx_word' id='word_1_61' title='bbox 1314 1172 1371 1209; x_wconf 84' lang='grc' dir='ltr'><strong>τε</strong></span> <span class='ocrx_word' id='word_1_62' title='bbox 1400 1151 1719 1230; x_wconf 81' lang='grc' dir='ltr'>ἐθεωροῧμεν</span> 
     </span>
     <span class='ocr_line' id='line_1_9' title="bbox 168 1235 1717 1321; baseline -0.005 -20"><span class='ocrx_word' id='word_1_63' title='bbox 168 1240 445 1319; x_wconf 72' lang='grc' dir='ltr'>καθήμενοι</span> <span class='ocrx_word' id='word_1_64' title='bbox 473 1242 599 1321; x_wconf 86' lang='grc' dir='ltr'>παρ’</span> <span class='ocrx_word' id='word_1_65' title='bbox 648 1236 829 1309; x_wconf 84' lang='grc' dir='ltr'>αὐτόν,</span> <span class='ocrx_word' id='word_1_66' title='bbox 871 1238 961 1296; x_wconf 73' lang='grc' dir='ltr'><strong>καὶ</strong></span> <span class='ocrx_word' id='word_1_67' title='bbox 1006 1235 1099 1304; x_wconf 75' lang='grc' dir='ltr'><strong>τὰς</strong></span> <span class='ocrx_word' id='word_1_68' title='bbox 1138 1237 1315 1316; x_wconf 71' lang='grc' dir='ltr'>ἑορτὰς</span> <span class='ocrx_word' id='word_1_69' title='bbox 1358 1236 1553 1313; x_wconf 84' lang='grc' dir='ltr'>ἤγομεν</span> <span class='ocrx_word' id='word_1_70' title='bbox 1590 1237 1717 1317; x_wconf 85' lang='grc' dir='ltr'>παρ’</span> 
     </span>
     <span class='ocr_line' id='line_1_10' title="bbox 170 1323 1718 1408; baseline -0.005 -19"><span class='ocrx_word' id='word_1_71' title='bbox 170 1332 355 1390; x_wconf 79' lang='grc' dir='ltr'>ἐκεῖνον</span> <span class='ocrx_word' id='word_1_72' title='bbox 383 1329 583 1395; x_wconf 85' lang='grc' dir='ltr'>πάσας·</span> <span class='ocrx_word' id='word_1_73' title='bbox 630 1331 707 1408; x_wconf 81' lang='grc' dir='ltr'><strong>τῷ</strong></span> <span class='ocrx_word' id='word_1_74' title='bbox 736 1328 821 1387; x_wconf 84' lang='grc' dir='ltr'><strong>Διί</strong></span> <span class='ocrx_word' id='word_1_75' title='bbox 854 1348 913 1385; x_wconf 88' lang='grc' dir='ltr'><strong>τε</strong></span> <span class='ocrx_word' id='word_1_76' title='bbox 962 1324 1096 1384; x_wconf 87' lang='grc' dir='ltr'>Θύων</span> <span class='ocrx_word' id='word_1_77' title='bbox 1123 1329 1199 1407; x_wconf 79' lang='grc' dir='ltr'><strong>τῷ</strong></span> <span class='ocrx_word' id='word_1_78' title='bbox 1231 1323 1478 1404; x_wconf 82' lang='grc' dir='ltr'>Κτησίῳ,</span> <span class='ocrx_word' id='word_1_79' title='bbox 1504 1324 1626 1403; x_wconf 85' lang='grc' dir='ltr'>περὶ</span> <span class='ocrx_word' id='word_1_80' title='bbox 1652 1324 1718 1395; x_wconf 80' lang='grc' dir='ltr'><strong>ἣν</strong></span> 
     </span>
     <span class='ocr_line' id='line_1_11' title="bbox 172 1411 1720 1496; baseline -0.005 -17"><span class='ocrx_word' id='word_1_81' title='bbox 172 1420 373 1496; x_wconf 88' lang='grc' dir='ltr'>μάλιστ’</span> <span class='ocrx_word' id='word_1_82' title='bbox 420 1419 613 1484; x_wconf 79' lang='grc' dir='ltr'>ἐκεῖνος</span> <span class='ocrx_word' id='word_1_83' title='bbox 659 1414 839 1475; x_wconf 84' lang='grc' dir='ltr'>θυσίαν</span> <span class='ocrx_word' id='word_1_84' title='bbox 884 1414 1169 1482; x_wconf 76' lang='grc' dir='ltr'>ἐσπούδαζε</span> <span class='ocrx_word' id='word_1_85' title='bbox 1209 1411 1299 1471; x_wconf 79' lang='grc' dir='ltr'><strong>καὶ</strong></span> <span class='ocrx_word' id='word_1_86' title='bbox 1344 1411 1461 1473; x_wconf 79' lang='grc' dir='ltr'>οὔτε</span> <span class='ocrx_word' id='word_1_87' title='bbox 1511 1412 1720 1481; x_wconf 85' lang='grc' dir='ltr'>δούλους</span> 
     </span>
     <span class='ocr_line' id='line_1_12' title="bbox 168 1499 1719 1587; baseline -0.005 -21"><span class='ocrx_word' id='word_1_88' title='bbox 168 1513 423 1587; x_wconf 72' lang='grc' dir='ltr'>προσῆγεν</span> <span class='ocrx_word' id='word_1_89' title='bbox 446 1503 562 1565; x_wconf 80' lang='grc' dir='ltr'>οὔτε</span> <span class='ocrx_word' id='word_1_90' title='bbox 592 1501 881 1583; x_wconf 73' lang='grc' dir='ltr'>ἐλευθέρως</span> <span class='ocrx_word' id='word_1_91' title='bbox 908 1500 1129 1568; x_wconf 80' lang='grc' dir='ltr'>ὀθνείους</span> <span class='ocrx_word' id='word_1_92' title='bbox 1147 1544 1163 1573; x_wconf 91' lang='grc'><em>,</em></span> <span class='ocrx_word' id='word_1_93' title='bbox 1194 1501 1309 1559; x_wconf 74' lang='grc' dir='ltr'>ἀλλ’</span> <span class='ocrx_word' id='word_1_94' title='bbox 1338 1499 1489 1567; x_wconf 76' lang='grc' dir='ltr'>αὐτὸς</span> <span class='ocrx_word' id='word_1_95' title='bbox 1511 1499 1575 1558; x_wconf 82' lang='grc' dir='ltr'>δι’</span> <span class='ocrx_word' id='word_1_96' title='bbox 1600 1503 1719 1559; x_wconf 73' lang='grc' dir='ltr'>ἑαυ-</span> 
     </span>
     <span class='ocr_line' id='line_1_13' title="bbox 168 1586 1721 1668; baseline -0.006 -14"><span class='ocrx_word' id='word_1_97' title='bbox 168 1602 255 1654; x_wconf 74' lang='grc' dir='ltr'><strong>τοῦ</strong></span> <span class='ocrx_word' id='word_1_98' title='bbox 278 1594 431 1653; x_wconf 88' lang='grc' dir='ltr'>πάντ’</span> <span class='ocrx_word' id='word_1_99' title='bbox 451 1591 643 1665; x_wconf 77' lang='grc' dir='ltr'>ἐποίει,</span> <span class='ocrx_word' id='word_1_100' title='bbox 656 1590 850 1661; x_wconf 82' lang='grc' dir='ltr'>ταύτης</span> <span class='ocrx_word' id='word_1_101' title='bbox 863 1594 1013 1668; x_wconf 76' lang='grc' dir='ltr'>ἡμεῖς</span> <span class='ocrx_word' id='word_1_102' title='bbox 1032 1593 1399 1667; x_wconf 75' lang='grc' dir='ltr'>ἐκοινωνοῦμεν</span> <span class='ocrx_word' id='word_1_103' title='bbox 1417 1587 1509 1647; x_wconf 77' lang='grc' dir='ltr'><strong>καὶ</strong></span> <span class='ocrx_word' id='word_1_104' title='bbox 1520 1586 1587 1647; x_wconf 74' lang='grc' dir='ltr'><strong>τὰ</strong></span> <span class='ocrx_word' id='word_1_105' title='bbox 1605 1587 1721 1668; x_wconf 76' lang='grc' dir='ltr'>ἱερὰ</span> 
     </span>
     <span class='ocr_line' id='line_1_14' title="bbox 172 1669 1722 1765; baseline -0.006 -20"><span class='ocrx_word' id='word_1_106' title='bbox 172 1688 689 1765; x_wconf 75' lang='grc' dir='ltr'>συνεχειρουργοῦμεν</span> <span class='ocrx_word' id='word_1_107' title='bbox 736 1679 827 1739; x_wconf 81' lang='grc' dir='ltr'><strong>καὶ</strong></span> <span class='ocrx_word' id='word_1_108' title='bbox 874 1677 1202 1756; x_wconf 84' lang='grc' dir='ltr'>συνετίθεμεν</span> <span class='ocrx_word' id='word_1_109' title='bbox 1230 1684 1321 1737; x_wconf 75' lang='grc' dir='ltr'><strong>καὶ</strong></span> <span class='ocrx_word' id='word_1_110' title='bbox 1354 1669 1526 1737; x_wconf 68' lang='grc' dir='ltr'>τᾶλλα</span> <span class='ocrx_word' id='word_1_111' title='bbox 1568 1700 1722 1736; x_wconf 85' lang='grc' dir='ltr'>συνε-</span> 
     </span>
     <span class='ocr_line' id='line_1_15' title="bbox 172 1764 1721 1850; baseline -0.006 -18"><span class='ocrx_word' id='word_1_112' title='bbox 172 1780 445 1850; x_wconf 79' lang='grc' dir='ltr'>ποιοῦμεν,</span> <span class='ocrx_word' id='word_1_113' title='bbox 468 1771 559 1830; x_wconf 79' lang='grc' dir='ltr'><strong>καὶ</strong></span> <span class='ocrx_word' id='word_1_114' title='bbox 580 1767 773 1849; x_wconf 82' lang='grc' dir='ltr'>ηὔχετο</span> <span class='ocrx_word' id='word_1_115' title='bbox 800 1772 925 1846; x_wconf 81' lang='grc' dir='ltr'>ἡμῖν</span> <span class='ocrx_word' id='word_1_116' title='bbox 954 1766 1151 1845; x_wconf 79' lang='grc' dir='ltr'>ὑγίειαν</span> <span class='ocrx_word' id='word_1_117' title='bbox 1191 1764 1386 1826; x_wconf 80' lang='grc' dir='ltr'>διδόναι</span> <span class='ocrx_word' id='word_1_118' title='bbox 1418 1766 1507 1825; x_wconf 75' lang='grc' dir='ltr'><strong>καὶ</strong></span> <span class='ocrx_word' id='word_1_119' title='bbox 1536 1770 1721 1838; x_wconf 72' lang='grc' dir='ltr'>κτῆσιν</span> 
     </span>
    </p>

    <p class='ocr_par' dir='ltr' id='par_1_4' title="bbox 100 1850 1723 2552">
     <span class='ocr_line' id='line_1_16' title="bbox 100 1850 1721 1939; baseline -0.004 -22"><span class='ocrx_word' id='word_1_120' title='bbox 100 1878 147 1917; x_wconf 74' lang='lat'><strong>20</strong></span> <span class='ocrx_word' id='word_1_121' title='bbox 172 1860 395 1939; x_wconf 74' lang='grc' dir='ltr'>ἀγαθήν,</span> <span class='ocrx_word' id='word_1_122' title='bbox 427 1857 605 1936; x_wconf 79' lang='grc' dir='ltr'>ὥσπερ</span> <span class='ocrx_word' id='word_1_123' title='bbox 630 1856 763 1925; x_wconf 77' lang='grc' dir='ltr'>εἰκὸς</span> <span class='ocrx_word' id='word_1_124' title='bbox 783 1854 906 1917; x_wconf 77' lang='grc' dir='ltr'>ὄντα</span> <span class='ocrx_word' id='word_1_125' title='bbox 927 1854 1164 1915; x_wconf 88' lang='grc' dir='ltr'>πάππον.</span> <span class='ocrx_word' id='word_1_126' title='bbox 1248 1852 1337 1934; x_wconf 83' lang='grc'><strong>(17)</strong></span> <span class='ocrx_word' id='word_1_127' title='bbox 1373 1852 1555 1913; x_wconf 83' lang='grc' dir='ltr'>Καίτοι</span> <span class='ocrx_word' id='word_1_128' title='bbox 1581 1850 1721 1929; x_wconf 81' lang='grc' dir='ltr'>εἰμὴ</span> 
     </span>
     <span class='ocr_line' id='line_1_17' title="bbox 172 1932 1723 2026; baseline -0.003 -21"><span class='ocrx_word' id='word_1_129' title='bbox 172 1948 497 2026; x_wconf 72' lang='grc' dir='ltr'>θυγατριδοῦς</span> <span class='ocrx_word' id='word_1_130' title='bbox 534 1948 676 2022; x_wconf 75' lang='grc' dir='ltr'>ἡμᾶς</span> <span class='ocrx_word' id='word_1_131' title='bbox 712 1944 939 2021; x_wconf 80' lang='grc' dir='ltr'>ἐνόμιζεν</span> <span class='ocrx_word' id='word_1_132' title='bbox 976 1932 1106 2001; x_wconf 73' lang='grc' dir='ltr'>εἶναι</span> <span class='ocrx_word' id='word_1_133' title='bbox 1137 1940 1227 2001; x_wconf 80' lang='grc' dir='ltr'><strong>καὶ</strong></span> <span class='ocrx_word' id='word_1_134' title='bbox 1265 1941 1451 2019; x_wconf 85' lang='grc' dir='ltr'>μόνους</span> <span class='ocrx_word' id='word_1_135' title='bbox 1488 1939 1723 2019; x_wconf 79' lang='grc' dir='ltr'>ἐκγόνους</span> 
     </span>
     <span class='ocr_line' id='line_1_18' title="bbox 178 2029 1721 2115; baseline -0.005 -21"><span class='ocrx_word' id='word_1_136' title='bbox 178 2036 311 2115; x_wconf 82' lang='grc' dir='ltr'>ἐώρα</span> <span class='ocrx_word' id='word_1_137' title='bbox 346 2032 560 2101; x_wconf 77' lang='grc' dir='ltr'>λοιποὺς</span> <span class='ocrx_word' id='word_1_138' title='bbox 600 2030 1103 2109; x_wconf 80' lang='grc' dir='ltr'>καταλελειμμένους</span> <span class='ocrx_word' id='word_1_139' title='bbox 1144 2033 1317 2110; x_wconf 66' lang='grc' dir='ltr'>αὑτῷ,</span> <span class='ocrx_word' id='word_1_140' title='bbox 1366 2032 1459 2088; x_wconf 85' lang='grc' dir='ltr'><strong>οὐκ</strong></span> <span class='ocrx_word' id='word_1_141' title='bbox 1504 2029 1567 2087; x_wconf 83' lang='grc' dir='ltr'><strong>ἄν</strong></span> <span class='ocrx_word' id='word_1_142' title='bbox 1596 2051 1721 2088; x_wconf 86' lang='grc' dir='ltr'>ποτε</span> 
     </span>
     <span class='ocr_line' id='line_1_19' title="bbox 176 2113 1719 2197; baseline -0.005 -15"><span class='ocrx_word' id='word_1_143' title='bbox 176 2126 335 2183; x_wconf 82' lang='grc' dir='ltr'>ἐποίει</span> <span class='ocrx_word' id='word_1_144' title='bbox 378 2122 575 2181; x_wconf 88' lang='grc' dir='ltr'>τούτων</span> <span class='ocrx_word' id='word_1_145' title='bbox 602 2118 747 2178; x_wconf 75' lang='grc' dir='ltr'>οὐδέν</span> <span class='ocrx_word' id='word_1_146' title='bbox 763 2164 779 2192; x_wconf 87' lang='grc'><em>,</em></span> <span class='ocrx_word' id='word_1_147' title='bbox 808 2116 945 2178; x_wconf 72' lang='grc' dir='ltr'>ἀλλὰ</span> <span class='ocrx_word' id='word_1_148' title='bbox 974 2118 1109 2177; x_wconf 87' lang='grc' dir='ltr'>τόνδ’</span> <span class='ocrx_word' id='word_1_149' title='bbox 1140 2115 1202 2176; x_wconf 69' lang='grc' dir='ltr'><strong>ἂν</strong></span> <span class='ocrx_word' id='word_1_150' title='bbox 1232 2120 1371 2197; x_wconf 76' lang='grc' dir='ltr'>αὑτῷ</span> <span class='ocrx_word' id='word_1_151' title='bbox 1399 2113 1719 2195; x_wconf 79' lang='grc' dir='ltr'>παρίστατο,</span> 
     </span>
     <span class='ocr_line' id='line_1_20' title="bbox 172 2197 1723 2290; baseline -0.006 -19"><span class='ocrx_word' id='word_1_152' title='bbox 172 2211 227 2279; x_wconf 71' lang='grc' dir='ltr'>ὃς</span> <span class='ocrx_word' id='word_1_153' title='bbox 251 2212 553 2290; x_wconf 67' lang='grc' dir='ltr'>ἀδελφιδοῦς</span> <span class='ocrx_word' id='word_1_154' title='bbox 587 2208 745 2268; x_wconf 74' lang='grc' dir='ltr'>αὐτοῦ</span> <span class='ocrx_word' id='word_1_155' title='bbox 786 2212 875 2265; x_wconf 77' lang='grc' dir='ltr'><strong>νῦν</strong></span> <span class='ocrx_word' id='word_1_156' title='bbox 907 2197 1039 2265; x_wconf 74' lang='grc' dir='ltr'>εἶναι</span> <span class='ocrx_word' id='word_1_157' title='bbox 1080 2203 1229 2287; x_wconf 77' lang='grc' dir='ltr'>φησί.</span> <span class='ocrx_word' id='word_1_158' title='bbox 1316 2204 1427 2266; x_wconf 81' lang='grc' dir='ltr'><strong>Καὶ</strong></span> <span class='ocrx_word' id='word_1_159' title='bbox 1470 2204 1615 2263; x_wconf 81' lang='grc' dir='ltr'>ταῦθ’</span> <span class='ocrx_word' id='word_1_160' title='bbox 1643 2202 1723 2263; x_wconf 83' lang='grc' dir='ltr'><strong>ὅτι</strong></span> 
     </span>
     <span class='ocr_line' id='line_1_21' title="bbox 186 2294 1719 2378; baseline -0.004 -19"><span class='ocrx_word' id='word_1_161' title='bbox 186 2303 351 2373; x_wconf 75' lang='grc' dir='ltr'>ἀληθῆ</span> <span class='ocrx_word' id='word_1_162' title='bbox 388 2297 547 2358; x_wconf 83' lang='grc' dir='ltr'>πάντ’</span> <span class='ocrx_word' id='word_1_163' title='bbox 579 2298 745 2371; x_wconf 75' lang='grc' dir='ltr'>ἐστίν,</span> <span class='ocrx_word' id='word_1_164' title='bbox 770 2296 1124 2378; x_wconf 77' lang='grc' dir='ltr'>ἅκριὸέστατα</span> <span class='ocrx_word' id='word_1_165' title='bbox 1153 2294 1249 2373; x_wconf 78' lang='grc' dir='ltr'><strong>μὲν</strong></span> <span class='ocrx_word' id='word_1_166' title='bbox 1288 2296 1335 2353; x_wconf 78' lang='grc' dir='ltr'><strong>οἱ</strong></span> <span class='ocrx_word' id='word_1_167' title='bbox 1369 2299 1461 2353; x_wconf 79' lang='grc' dir='ltr'><strong>τοῦ</strong></span> <span class='ocrx_word' id='word_1_168' title='bbox 1501 2294 1719 2353; x_wconf 80' lang='grc' dir='ltr'>πάππου</span> 
     </span>
     <span class='ocr_line' id='line_1_22' title="bbox 180 2380 1721 2469; baseline -0.005 -21"><span class='ocrx_word' id='word_1_169' title='bbox 180 2387 483 2469; x_wconf 85' lang='grc' dir='ltr'>θεράποντες</span> <span class='ocrx_word' id='word_1_170' title='bbox 503 2386 709 2463; x_wconf 81' lang='grc' dir='ltr'>ἴσασιν,</span> <span class='ocrx_word' id='word_1_171' title='bbox 738 2384 823 2452; x_wconf 75' lang='grc' dir='ltr'><strong>οὓς</strong></span> <span class='ocrx_word' id='word_1_172' title='bbox 860 2383 1011 2451; x_wconf 78' lang='grc' dir='ltr'>αὐτὸς</span> <span class='ocrx_word' id='word_1_173' title='bbox 1050 2383 1373 2463; x_wconf 74' lang='grc' dir='ltr'>παραδοῦναι</span> <span class='ocrx_word' id='word_1_174' title='bbox 1399 2384 1469 2449; x_wconf 77' lang='grc' dir='ltr'><strong>εἰς</strong></span> <span class='ocrx_word' id='word_1_175' title='bbox 1496 2380 1721 2463; x_wconf 77' lang='grc' dir='ltr'>βάσανον</span> 
     </span>
     <span class='ocr_line' id='line_1_23' title="bbox 174 2470 1723 2552; baseline -0.005 -16"><span class='ocrx_word' id='word_1_176' title='bbox 174 2479 259 2536; x_wconf 83' lang='grc' dir='ltr'><strong>οὗκ</strong></span> <span class='ocrx_word' id='word_1_177' title='bbox 284 2477 535 2548; x_wconf 81' lang='grc' dir='ltr'>ἠθέλησεν</span> <span class='ocrx_word' id='word_1_178' title='bbox 549 2520 565 2548; x_wconf 89' lang='grc'><strong>,</strong></span> <span class='ocrx_word' id='word_1_179' title='bbox 590 2474 735 2535; x_wconf 84' lang='grc' dir='ltr'>ἴσασι</span> <span class='ocrx_word' id='word_1_180' title='bbox 776 2471 831 2532; x_wconf 77' lang='grc' dir='ltr'><strong>δὲ</strong></span> <span class='ocrx_word' id='word_1_181' title='bbox 859 2470 1279 2551; x_wconf 81' lang='grc' dir='ltr'>περιφανέστατα</span> <span class='ocrx_word' id='word_1_182' title='bbox 1302 2470 1392 2529; x_wconf 75' lang='grc' dir='ltr'><strong>καὶ</strong></span> <span class='ocrx_word' id='word_1_183' title='bbox 1415 2474 1519 2529; x_wconf 81' lang='grc' dir='ltr'><strong>τῶν</strong></span> <span class='ocrx_word' id='word_1_184' title='bbox 1542 2470 1723 2552; x_wconf 82' lang='grc' dir='ltr'>ἐκείνῳ</span> 
     </span>
    </p>

    <p class='ocr_par' dir='ltr' id='par_1_5' title="bbox 103 2557 1721 2734">
     <span class='ocr_line' id='line_1_24' title="bbox 103 2557 1721 2643; baseline -0.005 -19"><span class='ocrx_word' id='word_1_185' title='bbox 103 2592 149 2631; x_wconf 69' lang='lat'><strong>35</strong></span> <span class='ocrx_word' id='word_1_186' title='bbox 174 2564 454 2643; x_wconf 76' lang='grc' dir='ltr'>χρωμένων</span> <span class='ocrx_word' id='word_1_187' title='bbox 482 2562 643 2641; x_wconf 79' lang='grc' dir='ltr'>τινές,</span> <span class='ocrx_word' id='word_1_188' title='bbox 676 2561 761 2629; x_wconf 75' lang='grc' dir='ltr'><strong>οὓς</strong></span> <span class='ocrx_word' id='word_1_189' title='bbox 787 2560 1080 2641; x_wconf 82' lang='grc' dir='ltr'>παρέξομαι</span> <span class='ocrx_word' id='word_1_190' title='bbox 1122 2559 1403 2641; x_wconf 88' lang='grc' dir='ltr'>μάρτυρας.</span> <span class='ocrx_word' id='word_1_191' title='bbox 1486 2557 1597 2619; x_wconf 84' lang='grc' dir='ltr'><strong>Καί</strong></span> <span class='ocrx_word' id='word_1_192' title='bbox 1632 2582 1721 2637; x_wconf 89' lang='grc' dir='ltr'><strong>μοι</strong></span> 
     </span>
     <span class='ocr_line' id='line_1_25' title="bbox 178 2647 1144 2734; baseline -0.006 -23"><span class='ocrx_word' id='word_1_193' title='bbox 178 2652 301 2713; x_wconf 77' lang='grc' dir='ltr'>λαόὲ</span> <span class='ocrx_word' id='word_1_194' title='bbox 320 2652 415 2715; x_wconf 67' lang='grc' dir='ltr'><strong>τὰς</strong></span> <span class='ocrx_word' id='word_1_195' title='bbox 438 2650 727 2734; x_wconf 79' lang='grc' dir='ltr'>μαρτυρίας</span> <span class='ocrx_word' id='word_1_196' title='bbox 750 2648 839 2708; x_wconf 74' lang='grc' dir='ltr'><strong>καὶ</strong></span> <span class='ocrx_word' id='word_1_197' title='bbox 866 2647 1144 2727; x_wconf 78' lang='grc' dir='ltr'>ἀνάγνωθι.</span> 
     </span>
    </p>
   </div>
   <div class='ocr_carea' id='block_1_3' title="bbox 760 2833 1125 2881">
    <p class='ocr_par' dir='ltr' id='par_1_6' title="bbox 760 2833 1125 2881">
     <span class='ocr_line' id='line_1_26' title="bbox 760 2833 1125 2881; baseline -0.003 0"><span class='ocrx_word' id='word_1_198' title='bbox 760 2833 1103 2881; x_wconf 77' lang='grc' dir='ltr'>ΜΔΡΤΥΡῙᾸῙ</span> <span class='ocrx_word' id='word_1_199' title='bbox 1112 2866 1125 2880; x_wconf 94' lang='grc'><strong>.</strong></span> 
     </span>
    </p>
   </div>
   <div class='ocr_carea' id='block_1_4' title="bbox 108 2982 1728 5367">
    <p class='ocr_par' dir='ltr' id='par_1_7' title="bbox 108 2982 1728 4661">
     <span class='ocr_line' id='line_1_27' title="bbox 250 2982 1721 3067; baseline -0.005 -10"><span class='ocrx_word' id='word_1_200' title='bbox 250 3016 313 3057; x_wconf 79' lang='grc' dir='ltr'><strong>ιε.</strong></span> <span class='ocrx_word' id='word_1_201' title='bbox 358 2994 443 3055; x_wconf 79' lang='grc' dir='ltr'><strong>Οὔ</strong></span> <span class='ocrx_word' id='word_1_202' title='bbox 472 2991 640 3053; x_wconf 84' lang='grc' dir='ltr'>τοίνυν</span> <span class='ocrx_word' id='word_1_203' title='bbox 682 2994 741 3051; x_wconf 79' lang='grc' dir='ltr'><strong>ἐκ</strong></span> <span class='ocrx_word' id='word_1_204' title='bbox 778 2988 975 3049; x_wconf 87' lang='grc' dir='ltr'>τούτων</span> <span class='ocrx_word' id='word_1_205' title='bbox 1018 2986 1171 3062; x_wconf 81' lang='grc' dir='ltr'>δῆλόν</span> <span class='ocrx_word' id='word_1_206' title='bbox 1202 2992 1313 3049; x_wconf 77' lang='grc' dir='ltr'>ἐστι</span> <span class='ocrx_word' id='word_1_207' title='bbox 1342 2988 1495 3067; x_wconf 88' lang='grc' dir='ltr'>μόνον</span> <span class='ocrx_word' id='word_1_208' title='bbox 1541 2988 1620 3049; x_wconf 77' lang='grc' dir='ltr'><strong>ότι</strong></span> <span class='ocrx_word' id='word_1_209' title='bbox 1655 2982 1721 3065; x_wconf 72' lang='grc' dir='ltr'><strong>ἦν</strong></span> 
     </span>
     <span class='ocr_line' id='line_1_28' title="bbox 176 3076 1723 3161; baseline -0.002 -19"><span class='ocrx_word' id='word_1_210' title='bbox 176 3088 317 3161; x_wconf 76' lang='grc' dir='ltr'>ἡμῶν</span> <span class='ocrx_word' id='word_1_211' title='bbox 344 3090 379 3157; x_wconf 82' lang='grc' dir='ltr'>ἡ</span> <span class='ocrx_word' id='word_1_212' title='bbox 408 3081 587 3161; x_wconf 74' lang='grc' dir='ltr'>μήτηρ</span> <span class='ocrx_word' id='word_1_213' title='bbox 620 3078 849 3160; x_wconf 78' lang='grc' dir='ltr'>θυγάτηρ</span> <span class='ocrx_word' id='word_1_214' title='bbox 874 3077 1063 3159; x_wconf 88' lang='grc' dir='ltr'>γνησία</span> <span class='ocrx_word' id='word_1_215' title='bbox 1104 3076 1366 3157; x_wconf 79' lang='grc' dir='ltr'>Κίρωνος,</span> <span class='ocrx_word' id='word_1_216' title='bbox 1394 3077 1531 3137; x_wconf 77' lang='grc' dir='ltr'>ἀλλὰ</span> <span class='ocrx_word' id='word_1_217' title='bbox 1554 3078 1643 3138; x_wconf 77' lang='grc' dir='ltr'><strong>καὶ</strong></span> <span class='ocrx_word' id='word_1_218' title='bbox 1671 3078 1723 3148; x_wconf 74' lang='grc' dir='ltr'><strong>ἐξ</strong></span> 
     </span>
     <span class='ocr_line' id='line_1_29' title="bbox 178 3157 1723 3251; baseline -0.001 -20"><span class='ocrx_word' id='word_1_219' title='bbox 178 3165 243 3231; x_wconf 71' lang='grc' dir='ltr'><strong>ὧν</strong></span> <span class='ocrx_word' id='word_1_220' title='bbox 269 3176 297 3231; x_wconf 78' lang='grc' dir='ltr'>δ</span> <span class='ocrx_word' id='word_1_221' title='bbox 322 3170 501 3251; x_wconf 81' lang='grc' dir='ltr'>πατὴρ</span> <span class='ocrx_word' id='word_1_222' title='bbox 528 3172 679 3245; x_wconf 79' lang='grc' dir='ltr'>ἡμῶν</span> <span class='ocrx_word' id='word_1_223' title='bbox 710 3166 897 3249; x_wconf 78' lang='grc' dir='ltr'>ἔπραξε</span> <span class='ocrx_word' id='word_1_224' title='bbox 924 3166 1015 3226; x_wconf 74' lang='grc' dir='ltr'><strong>καὶ</strong></span> <span class='ocrx_word' id='word_1_225' title='bbox 1043 3166 1094 3236; x_wconf 78' lang='grc' dir='ltr'><strong>ἐξ</strong></span> <span class='ocrx_word' id='word_1_226' title='bbox 1117 3157 1189 3225; x_wconf 67' lang='grc' dir='ltr'><strong>ὧν</strong></span> <span class='ocrx_word' id='word_1_227' title='bbox 1209 3170 1263 3227; x_wconf 77' lang='grc' dir='ltr'><strong>αἱ</strong></span> <span class='ocrx_word' id='word_1_228' title='bbox 1286 3176 1525 3245; x_wconf 84' lang='grc' dir='ltr'>γυναῖκες</span> <span class='ocrx_word' id='word_1_229' title='bbox 1543 3174 1596 3227; x_wconf 79' lang='grc' dir='ltr'><strong>αἱ</strong></span> <span class='ocrx_word' id='word_1_230' title='bbox 1619 3173 1723 3229; x_wconf 81' lang='grc' dir='ltr'><strong>τῶν</strong></span> 
     </span>
     <span class='ocr_line' id='line_1_30' title="bbox 177 3253 1722 3338; baseline -0.001 -20"><span class='ocrx_word' id='word_1_231' title='bbox 177 3261 407 3335; x_wconf 76' lang='grc' dir='ltr'>δημοτῶν</span> <span class='ocrx_word' id='word_1_232' title='bbox 422 3257 545 3338; x_wconf 81' lang='grc' dir='ltr'>περὶ</span> <span class='ocrx_word' id='word_1_233' title='bbox 556 3258 715 3327; x_wconf 71' lang='grc' dir='ltr'>αὐτῆς</span> <span class='ocrx_word' id='word_1_234' title='bbox 730 3255 1030 3332; x_wconf 81' lang='grc' dir='ltr'>ἐγίνωσκον.</span> <span class='ocrx_word' id='word_1_235' title='bbox 1044 3253 1179 3317; x_wconf 84' lang='grc' dir='ltr'><strong>Ὅτε</strong></span> <span class='ocrx_word' id='word_1_236' title='bbox 1197 3255 1298 3337; x_wconf 80' lang='grc' dir='ltr'><strong>γὰρ</strong></span> <span class='ocrx_word' id='word_1_237' title='bbox 1320 3256 1537 3338; x_wconf 78' lang='grc' dir='ltr'>ὀπατὴρ</span> <span class='ocrx_word' id='word_1_238' title='bbox 1560 3258 1722 3329; x_wconf 76' lang='grc' dir='ltr'>αὐτὴν</span> 
     </span>
     <span class='ocr_line' id='line_1_31' title="bbox 178 3342 1723 3425; baseline -0.001 -20"><span class='ocrx_word' id='word_1_239' title='bbox 178 3346 433 3423; x_wconf 77' lang='grc' dir='ltr'>ἐλάμόανε</span> <span class='ocrx_word' id='word_1_240' title='bbox 452 3391 469 3419; x_wconf 90' lang='grc'><em>,</em></span> <span class='ocrx_word' id='word_1_241' title='bbox 511 3345 711 3422; x_wconf 81' lang='grc' dir='ltr'>γάμους</span> <span class='ocrx_word' id='word_1_242' title='bbox 738 3343 967 3403; x_wconf 77' lang='grc' dir='ltr'>εἱστίασε</span> <span class='ocrx_word' id='word_1_243' title='bbox 1007 3342 1097 3402; x_wconf 85' lang='grc' dir='ltr'><strong>καὶ</strong></span> <span class='ocrx_word' id='word_1_244' title='bbox 1140 3343 1353 3403; x_wconf 80' lang='grc' dir='ltr'>ἐκάλεσε</span> <span class='ocrx_word' id='word_1_245' title='bbox 1392 3352 1529 3425; x_wconf 86' lang='grc' dir='ltr'>τρεῖς</span> <span class='ocrx_word' id='word_1_246' title='bbox 1564 3348 1723 3406; x_wconf 74' lang='grc' dir='ltr'>αὑτοῦ</span> 
     </span>
     <span class='ocr_line' id='line_1_32' title="bbox 114 3432 1725 3515; baseline -0.001 -19"><span class='ocrx_word' id='word_1_247' title='bbox 114 3456 158 3497; x_wconf 77' lang='grc' dir='ltr'><strong>ιο</strong></span> <span class='ocrx_word' id='word_1_248' title='bbox 181 3434 345 3515; x_wconf 79' lang='grc' dir='ltr'>φίλους</span> <span class='ocrx_word' id='word_1_249' title='bbox 374 3432 511 3511; x_wconf 73' lang='grc' dir='ltr'>μετὰ</span> <span class='ocrx_word' id='word_1_250' title='bbox 539 3437 643 3491; x_wconf 83' lang='grc' dir='ltr'><strong>τῶν</strong></span> <span class='ocrx_word' id='word_1_251' title='bbox 673 3436 831 3492; x_wconf 74' lang='grc' dir='ltr'>αὑτοῦ</span> <span class='ocrx_word' id='word_1_252' title='bbox 854 3432 1236 3513; x_wconf 75' lang='grc' dir='ltr'>προσηκόντων,</span> <span class='ocrx_word' id='word_1_253' title='bbox 1259 3434 1363 3500; x_wconf 78' lang='grc' dir='ltr'>τοῖς</span> <span class='ocrx_word' id='word_1_254' title='bbox 1386 3456 1444 3492; x_wconf 90' lang='grc' dir='ltr'><strong>τε</strong></span> <span class='ocrx_word' id='word_1_255' title='bbox 1472 3433 1725 3515; x_wconf 85' lang='grc' dir='ltr'>φράτορσι</span> 
     </span>
     <span class='ocr_line' id='line_1_33' title="bbox 178 3518 1725 3600; baseline 0.001 -20"><span class='ocrx_word' id='word_1_256' title='bbox 178 3522 435 3600; x_wconf 79' lang='grc' dir='ltr'>γαμηλίαν</span> <span class='ocrx_word' id='word_1_257' title='bbox 463 3520 729 3598; x_wconf 75' lang='grc' dir='ltr'>εἰσήνεγκε</span> <span class='ocrx_word' id='word_1_258' title='bbox 768 3518 905 3578; x_wconf 76' lang='grc' dir='ltr'>κατὰ</span> <span class='ocrx_word' id='word_1_259' title='bbox 920 3519 1035 3587; x_wconf 77' lang='grc' dir='ltr'>τοὺς</span> <span class='ocrx_word' id='word_1_260' title='bbox 1053 3518 1259 3578; x_wconf 75' lang='grc' dir='ltr'>ἐκείνων</span> <span class='ocrx_word' id='word_1_261' title='bbox 1281 3520 1488 3599; x_wconf 88' lang='grc' dir='ltr'>νόμους.</span> <span class='ocrx_word' id='word_1_262' title='bbox 1536 3522 1625 3600; x_wconf 77' lang='grc' dir='ltr'>(ιν)</span> <span class='ocrx_word' id='word_1_263' title='bbox 1650 3522 1725 3583; x_wconf 71' lang='grc' dir='ltr'><strong>Αἵ</strong></span> 
     </span>
     <span class='ocr_line' id='line_1_34' title="bbox 180 3605 1727 3689; baseline -0.001 -21"><span class='ocrx_word' id='word_1_264' title='bbox 180 3634 229 3669; x_wconf 86' lang='grc' dir='ltr'><strong>τε</strong></span> <span class='ocrx_word' id='word_1_265' title='bbox 251 3612 491 3689; x_wconf 80' lang='grc' dir='ltr'>γυναῖκες</span> <span class='ocrx_word' id='word_1_266' title='bbox 534 3612 591 3667; x_wconf 76' lang='grc' dir='ltr'><strong>αἱ</strong></span> <span class='ocrx_word' id='word_1_267' title='bbox 618 3611 721 3667; x_wconf 80' lang='grc' dir='ltr'><strong>τῶν</strong></span> <span class='ocrx_word' id='word_1_268' title='bbox 763 3609 1003 3685; x_wconf 77' lang='grc' dir='ltr'>δημοτῶν</span> <span class='ocrx_word' id='word_1_269' title='bbox 1042 3605 1177 3685; x_wconf 73' lang='grc' dir='ltr'>μετὰ</span> <span class='ocrx_word' id='word_1_270' title='bbox 1198 3614 1365 3667; x_wconf 78' lang='grc' dir='ltr'>ταῦτα</span> <span class='ocrx_word' id='word_1_271' title='bbox 1415 3610 1727 3689; x_wconf 80' lang='grc' dir='ltr'>προύκριναν</span> 
     </span>
     <span class='ocr_line' id='line_1_35' title="bbox 184 3695 1725 3779; baseline 0.002 -25"><span class='ocrx_word' id='word_1_272' title='bbox 184 3699 333 3770; x_wconf 70' lang='grc' dir='ltr'>αὐτὴν</span> <span class='ocrx_word' id='word_1_273' title='bbox 359 3697 497 3777; x_wconf 79' lang='grc' dir='ltr'>μετὰ</span> <span class='ocrx_word' id='word_1_274' title='bbox 518 3702 613 3769; x_wconf 77' lang='grc' dir='ltr'>τῆς</span> <span class='ocrx_word' id='word_1_275' title='bbox 635 3696 909 3762; x_wconf 80' lang='grc' dir='ltr'>Διοκλέους</span> <span class='ocrx_word' id='word_1_276' title='bbox 930 3696 1165 3773; x_wconf 77' lang='grc' dir='ltr'>γυναικὸς</span> <span class='ocrx_word' id='word_1_277' title='bbox 1184 3702 1273 3755; x_wconf 78' lang='grc' dir='ltr'><strong>τοῦ</strong></span> <span class='ocrx_word' id='word_1_278' title='bbox 1297 3695 1527 3764; x_wconf 82' lang='grc' dir='ltr'>Πιτθέως</span> <span class='ocrx_word' id='word_1_279' title='bbox 1547 3696 1725 3779; x_wconf 81' lang='grc' dir='ltr'>ἄρχειν</span> 
     </span>
     <span class='ocr_line' id='line_1_36' title="bbox 186 3782 1726 3865; baseline 0.001 -21"><span class='ocrx_word' id='word_1_280' title='bbox 186 3790 247 3854; x_wconf 76' lang='grc' dir='ltr'><strong>εἷς</strong></span> <span class='ocrx_word' id='word_1_281' title='bbox 280 3786 345 3845; x_wconf 79' lang='grc' dir='ltr'><strong>τὰ</strong></span> <span class='ocrx_word' id='word_1_282' title='bbox 385 3785 733 3865; x_wconf 66' lang='grc' dir='ltr'>Θεσμοφόρια</span> <span class='ocrx_word' id='word_1_283' title='bbox 778 3783 869 3843; x_wconf 83' lang='grc' dir='ltr'><strong>καὶ</strong></span> <span class='ocrx_word' id='word_1_284' title='bbox 921 3784 1085 3842; x_wconf 79' lang='grc' dir='ltr'>ποιεῖν</span> <span class='ocrx_word' id='word_1_285' title='bbox 1134 3782 1199 3843; x_wconf 75' lang='grc' dir='ltr'><strong>τὰ</strong></span> <span class='ocrx_word' id='word_1_286' title='bbox 1248 3785 1559 3863; x_wconf 86' lang='grc' dir='ltr'>νομιζόμενα</span> <span class='ocrx_word' id='word_1_287' title='bbox 1609 3789 1726 3865; x_wconf 85' lang='grc' dir='ltr'>μετ’</span> 
     </span>
     <span class='ocr_line' id='line_1_37' title="bbox 186 3872 1728 3954; baseline 0.001 -22"><span class='ocrx_word' id='word_1_288' title='bbox 186 3875 385 3947; x_wconf 76' lang='grc' dir='ltr'>ἱκείνης.</span> <span class='ocrx_word' id='word_1_289' title='bbox 415 3872 497 3936; x_wconf 84' lang='grc' dir='ltr'><strong>Ὅ</strong></span> <span class='ocrx_word' id='word_1_290' title='bbox 519 3898 575 3933; x_wconf 89' lang='grc' dir='ltr'><strong>τε</strong></span> <span class='ocrx_word' id='word_1_291' title='bbox 597 3872 775 3954; x_wconf 86' lang='grc' dir='ltr'>πατὴρ</span> <span class='ocrx_word' id='word_1_292' title='bbox 798 3875 967 3950; x_wconf 78' lang='grc' dir='ltr'>ἡμῶν,</span> <span class='ocrx_word' id='word_1_293' title='bbox 992 3872 1169 3945; x_wconf 73' lang='grc' dir='ltr'>ἐπειδὴ</span> <span class='ocrx_word' id='word_1_294' title='bbox 1190 3874 1465 3951; x_wconf 74' lang='grc' dir='ltr'>ἐγενόμεθα</span> <span class='ocrx_word' id='word_1_295' title='bbox 1482 3919 1498 3946; x_wconf 91' lang='grc'><em>,</em></span> <span class='ocrx_word' id='word_1_296' title='bbox 1522 3877 1593 3943; x_wconf 84' lang='grc' dir='ltr'><strong>εἷς</strong></span> <span class='ocrx_word' id='word_1_297' title='bbox 1615 3874 1728 3943; x_wconf 80' lang='grc' dir='ltr'>τοὺς</span> 
     </span>
     <span class='ocr_line' id='line_1_38' title="bbox 183 3960 1727 4043; baseline -0.001 -20"><span class='ocrx_word' id='word_1_298' title='bbox 183 3964 429 4043; x_wconf 70' lang='grc' dir='ltr'>φράτορας</span> <span class='ocrx_word' id='word_1_299' title='bbox 476 3967 617 4038; x_wconf 73' lang='grc' dir='ltr'>ἡμᾶς</span> <span class='ocrx_word' id='word_1_300' title='bbox 645 3962 942 4040; x_wconf 79' lang='grc' dir='ltr'>εἰσήγαγεν,</span> <span class='ocrx_word' id='word_1_301' title='bbox 980 3962 1175 4038; x_wconf 83' lang='grc' dir='ltr'>ὀμόσας</span> <span class='ocrx_word' id='word_1_302' title='bbox 1200 3962 1338 4020; x_wconf 77' lang='grc' dir='ltr'>κατὰ</span> <span class='ocrx_word' id='word_1_303' title='bbox 1383 3960 1499 4030; x_wconf 74' lang='grc' dir='ltr'>τοὺς</span> <span class='ocrx_word' id='word_1_304' title='bbox 1542 3962 1727 4039; x_wconf 88' lang='grc' dir='ltr'>νόμους</span> 
     </span>
     <span class='ocr_line' id='line_1_39' title="bbox 182 4041 1728 4129; baseline 0 -18"><span class='ocrx_word' id='word_1_305' title='bbox 182 4052 288 4118; x_wconf 75' lang='grc' dir='ltr'>τοὺς</span> <span class='ocrx_word' id='word_1_306' title='bbox 310 4050 579 4129; x_wconf 78' lang='grc' dir='ltr'>κειμένους</span> <span class='ocrx_word' id='word_1_307' title='bbox 604 4041 639 4123; x_wconf 73' lang='grc' dir='ltr'>ἦ</span> <span class='ocrx_word' id='word_1_308' title='bbox 666 4048 770 4128; x_wconf 81' lang='grc' dir='ltr'><strong>μὴν</strong></span> <span class='ocrx_word' id='word_1_309' title='bbox 808 4048 861 4118; x_wconf 74' lang='grc' dir='ltr'><strong>ἐξ</strong></span> <span class='ocrx_word' id='word_1_310' title='bbox 891 4053 1055 4121; x_wconf 71' lang='grc' dir='ltr'>ἀστῆς</span> <span class='ocrx_word' id='word_1_311' title='bbox 1081 4050 1171 4108; x_wconf 76' lang='grc' dir='ltr'><strong>καὶ</strong></span> <span class='ocrx_word' id='word_1_312' title='bbox 1198 4051 1453 4129; x_wconf 71' lang='grc' dir='ltr'>ἐγγυητῆς</span> <span class='ocrx_word' id='word_1_313' title='bbox 1489 4052 1728 4128; x_wconf 77' lang='grc' dir='ltr'>γυναικὸς</span> 
     </span>
     <span class='ocr_line' id='line_1_40' title="bbox 108 4136 1728 4221; baseline -0.002 -19"><span class='ocrx_word' id='word_1_314' title='bbox 108 4153 154 4202; x_wconf 82' lang='grc'><strong>71</strong></span> <span class='ocrx_word' id='word_1_315' title='bbox 181 4140 533 4218; x_wconf 79' lang='grc' dir='ltr'>εῖσάγειν·τῶν</span> <span class='ocrx_word' id='word_1_316' title='bbox 556 4136 611 4197; x_wconf 79' lang='grc' dir='ltr'><strong>δὲ</strong></span> <span class='ocrx_word' id='word_1_317' title='bbox 641 4136 909 4219; x_wconf 81' lang='grc' dir='ltr'>φρατόρων</span> <span class='ocrx_word' id='word_1_318' title='bbox 937 4136 1099 4203; x_wconf 78' lang='grc' dir='ltr'>οὐδεὶς</span> <span class='ocrx_word' id='word_1_319' title='bbox 1126 4142 1365 4197; x_wconf 80' lang='grc' dir='ltr'>ἀντεῖπεν</span> <span class='ocrx_word' id='word_1_320' title='bbox 1392 4138 1497 4198; x_wconf 77' lang='grc' dir='ltr'>οὐδ’</span> <span class='ocrx_word' id='word_1_321' title='bbox 1527 4142 1728 4221; x_wconf 79' lang='grc' dir='ltr'>ἠμφισ-</span> 
     </span>
     <span class='ocr_line' id='line_1_41' title="bbox 186 4214 1726 4307; baseline 0 -22"><span class='ocrx_word' id='word_1_322' title='bbox 186 4226 373 4301; x_wconf 72' lang='grc' dir='ltr'>Βήτησε</span> <span class='ocrx_word' id='word_1_323' title='bbox 405 4226 483 4307; x_wconf 78' lang='grc' dir='ltr'><strong>μὴ</strong></span> <span class='ocrx_word' id='word_1_324' title='bbox 510 4227 607 4284; x_wconf 78' lang='grc' dir='ltr'><strong>οὐκ</strong></span> <span class='ocrx_word' id='word_1_325' title='bbox 646 4228 814 4299; x_wconf 77' lang='grc' dir='ltr'>ἀληθῆ</span> <span class='ocrx_word' id='word_1_326' title='bbox 858 4224 1005 4284; x_wconf 72' lang='grc' dir='ltr'>ταῦτ’</span> <span class='ocrx_word' id='word_1_327' title='bbox 1032 4214 1191 4298; x_wconf 65' lang='grc' dir='ltr'>εἶναι,</span> <span class='ocrx_word' id='word_1_328' title='bbox 1216 4227 1423 4284; x_wconf 80' lang='grc' dir='ltr'>πολλῶν</span> <span class='ocrx_word' id='word_1_329' title='bbox 1452 4224 1610 4285; x_wconf 83' lang='grc' dir='ltr'>ὄντων</span> <span class='ocrx_word' id='word_1_330' title='bbox 1637 4226 1726 4285; x_wconf 86' lang='grc' dir='ltr'><strong>καὶ</strong></span> 
     </span>
     <span class='ocr_line' id='line_1_42' title="bbox 188 4311 1724 4395; baseline 0.001 -24"><span class='ocrx_word' id='word_1_331' title='bbox 188 4314 409 4395; x_wconf 75' lang='grc' dir='ltr'>ἆκριὸῶς</span> <span class='ocrx_word' id='word_1_332' title='bbox 440 4312 510 4372; x_wconf 75' lang='grc' dir='ltr'><strong>τὰ</strong></span> <span class='ocrx_word' id='word_1_333' title='bbox 549 4317 765 4373; x_wconf 80' lang='grc' dir='ltr'>τοιαῦτα</span> <span class='ocrx_word' id='word_1_334' title='bbox 806 4311 1194 4390; x_wconf 75' lang='grc' dir='ltr'>σκοπουμένων.</span> <span class='ocrx_word' id='word_1_335' title='bbox 1283 4312 1373 4391; x_wconf 80' lang='lat'><em>(20)</em></span> <span class='ocrx_word' id='word_1_336' title='bbox 1426 4314 1613 4375; x_wconf 86' lang='grc' dir='ltr'>Καίτοι</span> <span class='ocrx_word' id='word_1_337' title='bbox 1652 4314 1724 4391; x_wconf 82' lang='grc' dir='ltr'><strong>μὴ</strong></span> 
     </span>
     <span class='ocr_line' id='line_1_43' title="bbox 188 4392 1728 4483; baseline 0.001 -23"><span class='ocrx_word' id='word_1_338' title='bbox 188 4402 335 4461; x_wconf 75' lang='grc' dir='ltr'>οἴεσθ’</span> <span class='ocrx_word' id='word_1_339' title='bbox 367 4400 457 4479; x_wconf 73' lang='grc' dir='ltr'><strong>ἄν,</strong></span> <span class='ocrx_word' id='word_1_340' title='bbox 484 4403 530 4461; x_wconf 80' lang='grc' dir='ltr'><strong>εἰ</strong></span> <span class='ocrx_word' id='word_1_341' title='bbox 558 4401 775 4473; x_wconf 81' lang='grc' dir='ltr'>τοιαύτη</span> <span class='ocrx_word' id='word_1_342' title='bbox 803 4424 877 4468; x_wconf 90' lang='grc' dir='ltr'><strong>τις</strong></span> <span class='ocrx_word' id='word_1_343' title='bbox 902 4392 966 4474; x_wconf 73' lang='grc' dir='ltr'><strong>ἦν</strong></span> <span class='ocrx_word' id='word_1_344' title='bbox 991 4408 1027 4475; x_wconf 83' lang='grc' dir='ltr'>ἡ</span> <span class='ocrx_word' id='word_1_345' title='bbox 1056 4402 1232 4483; x_wconf 85' lang='grc' dir='ltr'>μήτηρ</span> <span class='ocrx_word' id='word_1_346' title='bbox 1259 4406 1409 4481; x_wconf 80' lang='grc' dir='ltr'>ἡμῶν</span> <span class='ocrx_word' id='word_1_347' title='bbox 1436 4402 1549 4463; x_wconf 77' lang='grc' dir='ltr'>οἵαν</span> <span class='ocrx_word' id='word_1_348' title='bbox 1591 4397 1728 4465; x_wconf 70' lang='grc' dir='ltr'>οὗτοί</span> 
     </span>
     <span class='ocr_line' id='line_1_44' title="bbox 187 4488 1728 4570; baseline 0.003 -23"><span class='ocrx_word' id='word_1_349' title='bbox 187 4513 331 4570; x_wconf 70' lang='grc' dir='ltr'>φασι,</span> <span class='ocrx_word' id='word_1_350' title='bbox 360 4490 487 4568; x_wconf 78' lang='grc' dir='ltr'>μήτ’</span> <span class='ocrx_word' id='word_1_351' title='bbox 517 4488 581 4549; x_wconf 77' lang='grc' dir='ltr'><strong>ἂν</strong></span> <span class='ocrx_word' id='word_1_352' title='bbox 608 4488 697 4549; x_wconf 85' lang='grc' dir='ltr'><strong>τὸν</strong></span> <span class='ocrx_word' id='word_1_353' title='bbox 740 4490 943 4569; x_wconf 81' lang='grc' dir='ltr'>πατέρα</span> <span class='ocrx_word' id='word_1_354' title='bbox 992 4494 1141 4567; x_wconf 80' lang='grc' dir='ltr'>ἡμῶν</span> <span class='ocrx_word' id='word_1_355' title='bbox 1182 4490 1381 4570; x_wconf 87' lang='grc' dir='ltr'>γάμους</span> <span class='ocrx_word' id='word_1_356' title='bbox 1419 4496 1596 4552; x_wconf 76' lang='grc' dir='ltr'>ἑστιᾶν</span> <span class='ocrx_word' id='word_1_357' title='bbox 1638 4493 1728 4553; x_wconf 77' lang='grc' dir='ltr'><strong>καὶ</strong></span> 
     </span>
     <span class='ocr_line' id='line_1_45' title="bbox 186 4577 1723 4661; baseline 0.003 -26"><span class='ocrx_word' id='word_1_358' title='bbox 186 4578 443 4656; x_wconf 84' lang='grc' dir='ltr'>γαμηλίαν</span> <span class='ocrx_word' id='word_1_359' title='bbox 454 4578 774 4656; x_wconf 79' lang='grc' dir='ltr'>εἰσενεγκεῖν,</span> <span class='ocrx_word' id='word_1_360' title='bbox 792 4577 927 4637; x_wconf 77' lang='grc' dir='ltr'>ἀλλὰ</span> <span class='ocrx_word' id='word_1_361' title='bbox 939 4578 1336 4661; x_wconf 82' lang='grc' dir='ltr'>ἀποκρύψασθαι</span> <span class='ocrx_word' id='word_1_362' title='bbox 1352 4586 1517 4641; x_wconf 81' lang='grc' dir='ltr'>ταῦτα</span> <span class='ocrx_word' id='word_1_363' title='bbox 1533 4580 1723 4658; x_wconf 85' lang='grc' dir='ltr'>πάντα,</span> 
     </span>
    </p>

    <p class='ocr_par' dir='ltr' id='par_1_8' title="bbox 126 4664 1727 5367">
     <span class='ocr_line' id='line_1_46' title="bbox 126 4664 1727 4749; baseline 0.004 -27"><span class='ocrx_word' id='word_1_364' title='bbox 126 4695 147 4731; x_wconf 68' lang='lat'><strong>5</strong></span> <span class='ocrx_word' id='word_1_365' title='bbox 191 4666 312 4740; x_wconf 74' lang='grc' dir='ltr'>μήτε</span> <span class='ocrx_word' id='word_1_366' title='bbox 353 4665 449 4734; x_wconf 72' lang='grc' dir='ltr'><strong>τὰς</strong></span> <span class='ocrx_word' id='word_1_367' title='bbox 488 4669 592 4724; x_wconf 83' lang='grc' dir='ltr'><strong>τῶν</strong></span> <span class='ocrx_word' id='word_1_368' title='bbox 634 4664 807 4725; x_wconf 80' lang='grc' dir='ltr'>ἄλλων</span> <span class='ocrx_word' id='word_1_369' title='bbox 838 4668 1075 4744; x_wconf 84' lang='grc' dir='ltr'>δημοτῶν</span> <span class='ocrx_word' id='word_1_370' title='bbox 1110 4666 1356 4745; x_wconf 80' lang='grc' dir='ltr'>γυναῖκας</span> <span class='ocrx_word' id='word_1_371' title='bbox 1384 4670 1639 4749; x_wconf 80' lang='grc' dir='ltr'>αἱρεῖσθαι</span> <span class='ocrx_word' id='word_1_372' title='bbox 1666 4668 1727 4729; x_wconf 76' lang='grc' dir='ltr'><strong>ἂν</strong></span> 
     </span>
     <span class='ocr_line' id='line_1_47' title="bbox 190 4750 1726 4839; baseline 0.005 -30"><span class='ocrx_word' id='word_1_373' title='bbox 190 4750 337 4824; x_wconf 73' lang='grc' dir='ltr'>αὑτὴν</span> <span class='ocrx_word' id='word_1_374' title='bbox 366 4756 735 4834; x_wconf 85' lang='grc' dir='ltr'>συνιεροποιεῒν</span> <span class='ocrx_word' id='word_1_375' title='bbox 761 4757 826 4830; x_wconf 79' lang='grc' dir='ltr'><strong>τῇ</strong></span> <span class='ocrx_word' id='word_1_376' title='bbox 858 4752 1133 4822; x_wconf 84' lang='grc' dir='ltr'>Διοκλέους</span> <span class='ocrx_word' id='word_1_377' title='bbox 1173 4753 1376 4832; x_wconf 78' lang='grc' dir='ltr'>γυναικὶ</span> <span class='ocrx_word' id='word_1_378' title='bbox 1412 4756 1501 4814; x_wconf 78' lang='grc' dir='ltr'><strong>καὶ</strong></span> <span class='ocrx_word' id='word_1_379' title='bbox 1544 4756 1726 4839; x_wconf 89' lang='grc' dir='ltr'>κυρίαν</span> 
     </span>
     <span class='ocr_line' id='line_1_48' title="bbox 192 4838 1727 4927; baseline 0.004 -29"><span class='ocrx_word' id='word_1_380' title='bbox 192 4848 339 4899; x_wconf 80' lang='grc' dir='ltr'>ποιεῖν</span> <span class='ocrx_word' id='word_1_381' title='bbox 366 4844 541 4919; x_wconf 73' lang='grc' dir='ltr'>ἱερῶν,</span> <span class='ocrx_word' id='word_1_382' title='bbox 575 4838 690 4901; x_wconf 77' lang='grc' dir='ltr'>ἀλλ’</span> <span class='ocrx_word' id='word_1_383' title='bbox 715 4843 865 4923; x_wconf 73' lang='grc' dir='ltr'>ἑτέρᾳ</span> <span class='ocrx_word' id='word_1_384' title='bbox 899 4842 961 4901; x_wconf 73' lang='grc' dir='ltr'><strong>ἄν</strong></span> <span class='ocrx_word' id='word_1_385' title='bbox 1004 4866 1105 4902; x_wconf 89' lang='grc' dir='ltr'>τινι</span> <span class='ocrx_word' id='word_1_386' title='bbox 1144 4842 1265 4923; x_wconf 78' lang='grc' dir='ltr'>περὶ</span> <span class='ocrx_word' id='word_1_387' title='bbox 1298 4842 1492 4903; x_wconf 86' lang='grc' dir='ltr'>τούτων</span> <span class='ocrx_word' id='word_1_388' title='bbox 1520 4844 1727 4927; x_wconf 77' lang='grc' dir='ltr'>ἐπιτρέ-</span> 
     </span>
     <span class='ocr_line' id='line_1_49' title="bbox 194 4929 1727 5011; baseline 0.007 -27"><span class='ocrx_word' id='word_1_389' title='bbox 194 4950 319 5005; x_wconf 80' lang='grc' dir='ltr'>πειν,</span> <span class='ocrx_word' id='word_1_390' title='bbox 367 4929 501 5007; x_wconf 81' lang='grc' dir='ltr'>μήτε</span> <span class='ocrx_word' id='word_1_391' title='bbox 548 4930 663 4996; x_wconf 80' lang='grc' dir='ltr'>τοὺς</span> <span class='ocrx_word' id='word_1_392' title='bbox 712 4930 970 5011; x_wconf 81' lang='grc' dir='ltr'>φράτορας</span> <span class='ocrx_word' id='word_1_393' title='bbox 1008 4930 1330 5011; x_wconf 76' lang='grc' dir='ltr'>εἶσδέχεσθαι</span> <span class='ocrx_word' id='word_1_394' title='bbox 1387 4936 1557 5011; x_wconf 78' lang='grc' dir='ltr'>ἡμᾶς,</span> <span class='ocrx_word' id='word_1_395' title='bbox 1592 4936 1727 4994; x_wconf 83' lang='grc' dir='ltr'>ἀλλὰ</span> 
     </span>
     <span class='ocr_line' id='line_1_50' title="bbox 194 5013 1723 5099; baseline 0.006 -26"><span class='ocrx_word' id='word_1_396' title='bbox 194 5021 485 5099; x_wconf 84' lang='grc' dir='ltr'>κατηγορεῖν</span> <span class='ocrx_word' id='word_1_397' title='bbox 515 5016 607 5077; x_wconf 70' lang='grc' dir='ltr'><strong>καὶ</strong></span> <span class='ocrx_word' id='word_1_398' title='bbox 634 5016 940 5099; x_wconf 80' lang='grc' dir='ltr'>ἐξελέγχειν,</span> <span class='ocrx_word' id='word_1_399' title='bbox 973 5021 1017 5077; x_wconf 83' lang='grc' dir='ltr'><strong>εί</strong></span> <span class='ocrx_word' id='word_1_400' title='bbox 1046 5017 1121 5094; x_wconf 80' lang='grc' dir='ltr'><strong>μὴ</strong></span> <span class='ocrx_word' id='word_1_401' title='bbox 1150 5018 1399 5079; x_wconf 87' lang='grc' dir='ltr'>πάντοθεν</span> <span class='ocrx_word' id='word_1_402' title='bbox 1442 5013 1505 5095; x_wconf 75' lang='grc' dir='ltr'><strong>ἧν</strong></span> <span class='ocrx_word' id='word_1_403' title='bbox 1538 5024 1723 5098; x_wconf 84' lang='grc' dir='ltr'>ὁμολο·</span> 
     </span>
     <span class='ocr_line' id='line_1_51' title="bbox 198 5098 1727 5191; baseline 0.006 -29"><span class='ocrx_word' id='word_1_404' title='bbox 198 5104 429 5181; x_wconf 81' lang='grc' dir='ltr'>γούμενον</span> <span class='ocrx_word' id='word_1_405' title='bbox 472 5106 567 5178; x_wconf 75' lang='grc' dir='ltr'><strong>τὴν</strong></span> <span class='ocrx_word' id='word_1_406' title='bbox 601 5104 803 5187; x_wconf 81' lang='grc' dir='ltr'>μητέρα</span> <span class='ocrx_word' id='word_1_407' title='bbox 842 5110 990 5184; x_wconf 75' lang='grc' dir='ltr'>ἡμῶν</span> <span class='ocrx_word' id='word_1_408' title='bbox 1034 5098 1169 5168; x_wconf 69' lang='grc' dir='ltr'>εἶναι</span> <span class='ocrx_word' id='word_1_409' title='bbox 1212 5109 1469 5191; x_wconf 87' lang='grc' dir='ltr'>θυγατέρα</span> <span class='ocrx_word' id='word_1_410' title='bbox 1510 5110 1727 5188; x_wconf 85' lang='grc' dir='ltr'>γνησίαν</span> 
     </span>
     <span class='ocr_line' id='line_1_52' title="bbox 202 5190 1727 5278; baseline 0.007 -29"><span class='ocrx_word' id='word_1_411' title='bbox 202 5190 437 5271; x_wconf 80' lang='grc' dir='ltr'>Κίρωνος.</span> <span class='ocrx_word' id='word_1_412' title='bbox 519 5197 631 5255; x_wconf 73' lang='grc' dir='ltr'><strong>Νῦν</strong></span> <span class='ocrx_word' id='word_1_413' title='bbox 660 5192 714 5253; x_wconf 72' lang='grc' dir='ltr'><strong>δὲ</strong></span> <span class='ocrx_word' id='word_1_414' title='bbox 741 5200 807 5273; x_wconf 78' lang='grc' dir='ltr'><strong>τῇ</strong></span> <span class='ocrx_word' id='word_1_415' title='bbox 843 5196 1145 5277; x_wconf 77' lang='grc' dir='ltr'>περιφανείᾳ</span> <span class='ocrx_word' id='word_1_416' title='bbox 1173 5202 1263 5256; x_wconf 73' lang='grc' dir='ltr'><strong>τοῦ</strong></span> <span class='ocrx_word' id='word_1_417' title='bbox 1292 5196 1597 5278; x_wconf 85' lang='grc' dir='ltr'>πράγματος</span> <span class='ocrx_word' id='word_1_418' title='bbox 1636 5199 1727 5259; x_wconf 73' lang='grc' dir='ltr'><strong>καὶ</strong></span> 
     </span>
     <span class='ocr_line' id='line_1_53' title="bbox 202 5280 1725 5367; baseline 0.007 -29"><span class='ocrx_word' id='word_1_419' title='bbox 202 5281 267 5357; x_wconf 71' lang='grc' dir='ltr'><strong>τῷ</strong></span> <span class='ocrx_word' id='word_1_420' title='bbox 291 5280 569 5341; x_wconf 78' lang='grc' dir='ltr'>συνειδέναι</span> <span class='ocrx_word' id='word_1_421' title='bbox 594 5286 759 5342; x_wconf 74' lang='grc' dir='ltr'>ταῦτα</span> <span class='ocrx_word' id='word_1_422' title='bbox 786 5283 1005 5344; x_wconf 75' lang='grc' dir='ltr'>πολλοὺς</span> <span class='ocrx_word' id='word_1_423' title='bbox 1041 5285 1323 5365; x_wconf 77' lang='grc' dir='ltr'>οὐδαμόθεν</span> <span class='ocrx_word' id='word_1_424' title='bbox 1350 5286 1725 5367; x_wconf 77' lang='grc' dir='ltr'>ἠμφισόητήθη</span> 
     </span>
    </p>
   </div>
   <div class='ocr_carea' id='block_1_5' title="bbox 1062 488 2450 555">
    <p class='ocr_par' dir='ltr' id='par_1_9' title="bbox 1062 488 2450 555">
     <span class='ocr_line' id='line_1_54' title="bbox 1062 488 2450 555; baseline -0.001 -1"><span class='ocrx_word' id='word_1_425' title='bbox 1062 492 1231 554; x_wconf 83' lang='lat' dir='ltr'>ISAEI</span> <span class='ocrx_word' id='word_1_426' title='bbox 1274 492 1399 555; x_wconf 83' lang='lat' dir='ltr'><strong>OB.</strong></span> <span class='ocrx_word' id='word_1_427' title='bbox 1442 492 1548 553; x_wconf 86' lang='lat' dir='ltr'><strong>DE</strong></span> <span class='ocrx_word' id='word_1_428' title='bbox 1604 488 1905 554; x_wconf 82' lang='lat' dir='ltr'><strong>cmoNIs</strong></span> <span class='ocrx_word' id='word_1_429' title='bbox 1947 490 2450 553; x_wconf 78' lang='lat' dir='ltr'><strong>HEREDITATE.</strong></span> 
     </span>
    </p>
   </div>
   <div class='ocr_carea' id='block_1_6' title="bbox 1796 609 3356 779">
    <p class='ocr_par' dir='ltr' id='par_1_10' title="bbox 1796 609 3356 779">
     <span class='ocr_line' id='line_1_55' title="bbox 1796 609 3340 687; baseline 0.006 -14"><span class='ocrx_word' id='word_1_430' title='bbox 1796 622 1848 673; x_wconf 90' lang='lat' dir='ltr'><strong>in</strong></span> <span class='ocrx_word' id='word_1_431' title='bbox 1864 624 2090 687; x_wconf 84' lang='lat' dir='ltr'><strong>promptu</strong></span> <span class='ocrx_word' id='word_1_432' title='bbox 2101 660 2118 686; x_wconf 91' lang='lat'><strong>,</strong></span> <span class='ocrx_word' id='word_1_433' title='bbox 2138 622 2267 674; x_wconf 88' lang='lat' dir='ltr'><strong>unde</strong></span> <span class='ocrx_word' id='word_1_434' title='bbox 2283 624 2574 687; x_wconf 84' lang='lat' dir='ltr'><strong>cognoscatis</strong></span> <span class='ocrx_word' id='word_1_435' title='bbox 2591 613 2678 675; x_wconf 84' lang='lat' dir='ltr'><strong>nos</strong></span> <span class='ocrx_word' id='word_1_436' title='bbox 2695 624 2880 677; x_wconf 76' lang='lat' dir='ltr'><strong>Gitonis</strong></span> <span class='ocrx_word' id='word_1_437' title='bbox 2897 609 3006 677; x_wconf 64' lang='lat' dir='ltr'><strong>filice</strong></span> <span class='ocrx_word' id='word_1_438' title='bbox 3024 641 3125 681; x_wconf 82' lang='lat' dir='ltr'><strong>esse</strong></span> <span class='ocrx_word' id='word_1_439' title='bbox 3147 628 3340 682; x_wconf 85' lang='lat' dir='ltr'><strong>liberos.</strong></span> 
     </span>
     <span class='ocr_line' id='line_1_56' title="bbox 1800 712 3356 779; baseline 0.004 -16"><span class='ocrx_word' id='word_1_440' title='bbox 1800 713 1913 763; x_wconf 89' lang='lat' dir='ltr'><strong>Ciro</strong></span> <span class='ocrx_word' id='word_1_441' title='bbox 1936 720 2107 779; x_wconf 86' lang='lat' dir='ltr'><strong>nempe</strong></span> <span class='ocrx_word' id='word_1_442' title='bbox 2132 726 2222 763; x_wconf 87' lang='lat' dir='ltr'><strong>nos</strong></span> <span class='ocrx_word' id='word_1_443' title='bbox 2248 713 2305 763; x_wconf 85' lang='lat' dir='ltr'><strong>iis</strong></span> <span class='ocrx_word' id='word_1_444' title='bbox 2321 712 2478 763; x_wconf 86' lang='lat' dir='ltr'><strong>modis</strong></span> <span class='ocrx_word' id='word_1_445' title='bbox 2509 714 2675 764; x_wconf 83' lang='lat' dir='ltr'><strong>habuit</strong></span> <span class='ocrx_word' id='word_1_446' title='bbox 2688 750 2703 777; x_wconf 92' lang='lat'><strong>,</strong></span> <span class='ocrx_word' id='word_1_447' title='bbox 2729 716 2904 777; x_wconf 83' lang='lat' dir='ltr'><strong>quibus</strong></span> <span class='ocrx_word' id='word_1_448' title='bbox 2926 716 2988 767; x_wconf 89' lang='lat' dir='ltr'><strong>ab</strong></span> <span class='ocrx_word' id='word_1_449' title='bbox 3019 730 3112 768; x_wconf 77' lang='lat' dir='ltr'><strong>avo</strong></span> <span class='ocrx_word' id='word_1_450' title='bbox 3135 722 3356 771; x_wconf 87' lang='lat' dir='ltr'><strong>materno</strong></span> 
     </span>
    </p>
   </div>
   <div class='ocr_carea' id='block_1_7' title="bbox 3245 509 3356 560">
    <p class='ocr_par' dir='ltr' id='par_1_11' title="bbox 3245 509 3356 560">
     <span class='ocr_line' id='line_1_57' title="bbox 3245 509 3356 560; baseline 0 -1"><span class='ocrx_word' id='word_1_451' title='bbox 3245 509 3356 560; x_wconf 76' lang='lat'><strong>293</strong></span> 
     </span>
    </p>
   </div>
   <div class='ocr_carea' id='block_1_8' title="bbox 1802 801 3366 2723">
    <p class='ocr_par' dir='ltr' id='par_1_12' title="bbox 1802 801 3366 2723">
     <span class='ocr_line' id='line_1_58' title="bbox 1802 801 3357 865; baseline 0.006 -14"><span class='ocrx_word' id='word_1_452' title='bbox 1802 804 2000 865; x_wconf 85' lang='lat' dir='ltr'><strong>nepotes</strong></span> <span class='ocrx_word' id='word_1_453' title='bbox 2022 801 2186 851; x_wconf 83' lang='lat' dir='ltr'><strong>baberi</strong></span> <span class='ocrx_word' id='word_1_454' title='bbox 2211 813 2298 864; x_wconf 86' lang='lat' dir='ltr'><strong>par</strong></span> <span class='ocrx_word' id='word_1_455' title='bbox 2319 804 2390 851; x_wconf 90' lang='lat' dir='ltr'><strong>est</strong></span> <span class='ocrx_word' id='word_1_456' title='bbox 2419 822 2433 852; x_wconf 90' lang='lat'><strong>:</strong></span> <span class='ocrx_word' id='word_1_457' title='bbox 2462 802 2750 853; x_wconf 78' lang='lat' dir='ltr'><strong>sacrificium</strong></span> <span class='ocrx_word' id='word_1_458' title='bbox 2771 804 2874 854; x_wconf 83' lang='lat' dir='ltr'><strong>sine</strong></span> <span class='ocrx_word' id='word_1_459' title='bbox 2895 806 3031 855; x_wconf 89' lang='lat' dir='ltr'><strong>nobis</strong></span> <span class='ocrx_word' id='word_1_460' title='bbox 3053 808 3238 858; x_wconf 91' lang='lat' dir='ltr'><strong>nullum</strong></span> <span class='ocrx_word' id='word_1_461' title='bbox 3263 824 3357 861; x_wconf 89' lang='lat' dir='ltr'><strong>un-</strong></span> 
     </span>
     <span class='ocr_line' id='line_1_59' title="bbox 1802 889 3359 961; baseline 0.006 -23"><span class='ocrx_word' id='word_1_462' title='bbox 1802 902 1952 954; x_wconf 85' lang='lat' dir='ltr'><strong>quam</strong></span> <span class='ocrx_word' id='word_1_463' title='bbox 1971 890 2098 953; x_wconf 79' lang='lat' dir='ltr'><strong>fecit,</strong></span> <span class='ocrx_word' id='word_1_464' title='bbox 2124 889 2206 941; x_wconf 79' lang='lat' dir='ltr'><strong>sed</strong></span> <span class='ocrx_word' id='word_1_465' title='bbox 2223 890 2324 940; x_wconf 81' lang='lat' dir='ltr'><strong>sive</strong></span> <span class='ocrx_word' id='word_1_466' title='bbox 2343 890 2502 941; x_wconf 81' lang='lat' dir='ltr'><strong>minus</strong></span> <span class='ocrx_word' id='word_1_467' title='bbox 2527 891 2630 941; x_wconf 84' lang='lat' dir='ltr'><strong>sive</strong></span> <span class='ocrx_word' id='word_1_468' title='bbox 2645 894 2801 954; x_wconf 84' lang='lat' dir='ltr'><strong>majus</strong></span> <span class='ocrx_word' id='word_1_469' title='bbox 2813 893 3011 944; x_wconf 76' lang='lat' dir='ltr'><strong>offerret</strong></span> <span class='ocrx_word' id='word_1_470' title='bbox 3029 908 3238 961; x_wconf 84' lang='lat' dir='ltr'><strong>sacrum,</strong></span> <span class='ocrx_word' id='word_1_471' title='bbox 3257 899 3359 949; x_wconf 92' lang='lat' dir='ltr'><strong>ubi·</strong></span> 
     </span>
     <span class='ocr_line' id='line_1_60' title="bbox 1805 979 3360 1049; baseline 0.006 -22"><span class='ocrx_word' id='word_1_472' title='bbox 1805 991 1899 1042; x_wconf 89' lang='lat' dir='ltr'><strong>que</strong></span> <span class='ocrx_word' id='word_1_473' title='bbox 1921 991 2010 1027; x_wconf 87' lang='lat' dir='ltr'><strong>nos</strong></span> <span class='ocrx_word' id='word_1_474' title='bbox 2027 979 2340 1029; x_wconf 77' lang='lat' dir='ltr'><strong>inter-eramus</strong></span> <span class='ocrx_word' id='word_1_475' title='bbox 2361 984 2410 1028; x_wconf 87' lang='lat' dir='ltr'><strong>et</strong></span> <span class='ocrx_word' id='word_1_476' title='bbox 2427 993 2525 1029; x_wconf 89' lang='lat' dir='ltr'><strong>una</strong></span> <span class='ocrx_word' id='word_1_477' title='bbox 2559 981 2914 1044; x_wconf 77' lang='lat' dir='ltr'><strong>pei-agebamus.</strong></span> <span class='ocrx_word' id='word_1_478' title='bbox 2980 982 3077 1047; x_wconf 82' lang='grc' dir='ltr'><strong>(ιύ)</strong></span> <span class='ocrx_word' id='word_1_479' title='bbox 3103 986 3266 1049; x_wconf 81' lang='lat' dir='ltr'><strong>Neque</strong></span> <span class='ocrx_word' id='word_1_480' title='bbox 3297 985 3360 1036; x_wconf 83' lang='lat' dir='ltr'><strong>ad</strong></span> 
     </span>
     <span class='ocr_line' id='line_1_61' title="bbox 1806 1067 3361 1135; baseline 0.005 -16"><span class='ocrx_word' id='word_1_481' title='bbox 1806 1067 1926 1119; x_wconf 82' lang='lat' dir='ltr'><strong>talia</strong></span> <span class='ocrx_word' id='word_1_482' title='bbox 1943 1067 2246 1117; x_wconf 83' lang='lat' dir='ltr'><strong>solummodo</strong></span> <span class='ocrx_word' id='word_1_483' title='bbox 2265 1069 2638 1131; x_wconf 86' lang='lat' dir='ltr'><strong>arcessebamur,</strong></span> <span class='ocrx_word' id='word_1_484' title='bbox 2654 1068 2738 1120; x_wconf 87' lang='lat' dir='ltr'><strong>sed</strong></span> <span class='ocrx_word' id='word_1_485' title='bbox 2755 1070 2900 1121; x_wconf 90' lang='lat' dir='ltr'><strong>etiam</strong></span> <span class='ocrx_word' id='word_1_486' title='bbox 2917 1084 3000 1135; x_wconf 89' lang='lat' dir='ltr'><strong>per</strong></span> <span class='ocrx_word' id='word_1_487' title='bbox 3017 1072 3255 1123; x_wconf 78' lang='lat' dir='ltr'><strong>Liberalia</strong></span> <span class='ocrx_word' id='word_1_488' title='bbox 3273 1089 3361 1126; x_wconf 86' lang='lat' dir='ltr'><strong>nos</strong></span> 
     </span>
     <span class='ocr_line' id='line_1_62' title="bbox 1806 1156 3358 1226; baseline 0.004 -19"><span class='ocrx_word' id='word_1_489' title='bbox 1806 1168 1971 1207; x_wconf 85' lang='lat' dir='ltr'><strong>secum</strong></span> <span class='ocrx_word' id='word_1_490' title='bbox 1989 1168 2070 1206; x_wconf 88' lang='lat' dir='ltr'><strong>rus</strong></span> <span class='ocrx_word' id='word_1_491' title='bbox 2090 1156 2296 1207; x_wconf 88' lang='lat' dir='ltr'><strong>ducebat</strong></span> <span class='ocrx_word' id='word_1_492' title='bbox 2311 1170 2514 1221; x_wconf 85' lang='lat' dir='ltr'><strong>semper,</strong></span> <span class='ocrx_word' id='word_1_493' title='bbox 2539 1157 2590 1207; x_wconf 90' lang='lat' dir='ltr'><strong>in</strong></span> <span class='ocrx_word' id='word_1_494' title='bbox 2607 1160 2892 1221; x_wconf 74' lang='lat' dir='ltr'><strong>spectaculis</strong></span> <span class='ocrx_word' id='word_1_495' title='bbox 2907 1160 3234 1213; x_wconf 85' lang='lat' dir='ltr'><strong>assidebamus</strong></span> <span class='ocrx_word' id='word_1_496' title='bbox 3253 1163 3358 1226; x_wconf 83' lang='lat' dir='ltr'><strong>ipsi,</strong></span> 
     </span>
     <span class='ocr_line' id='line_1_63' title="bbox 1806 1243 3360 1309; baseline 0.004 -15"><span class='ocrx_word' id='word_1_497' title='bbox 1806 1244 2005 1308; x_wconf 77' lang='lat' dir='ltr'>diesque</span> <span class='ocrx_word' id='word_1_498' title='bbox 2026 1243 2172 1295; x_wconf 75' lang='lat' dir='ltr'><strong>festos</strong></span> <span class='ocrx_word' id='word_1_499' title='bbox 2193 1244 2322 1308; x_wconf 90' lang='lat' dir='ltr'><strong>apud</strong></span> <span class='ocrx_word' id='word_1_500' title='bbox 2347 1258 2460 1295; x_wconf 89' lang='lat' dir='ltr'><strong>eum</strong></span> <span class='ocrx_word' id='word_1_501' title='bbox 2485 1245 2743 1309; x_wconf 73' lang='lat' dir='ltr'>agebamus</span> <span class='ocrx_word' id='word_1_502' title='bbox 2765 1260 2950 1297; x_wconf 84' lang='lat' dir='ltr'><strong>omnes.</strong></span> <span class='ocrx_word' id='word_1_503' title='bbox 3015 1249 3148 1299; x_wconf 80' lang='lat' dir='ltr'><strong>Nulli</strong></span> <span class='ocrx_word' id='word_1_504' title='bbox 3173 1251 3360 1301; x_wconf 90' lang='lat' dir='ltr'><strong>numini</strong></span> 
     </span>
     <span class='ocr_line' id='line_1_64' title="bbox 1806 1332 3362 1402; baseline 0.004 -20"><span class='ocrx_word' id='word_1_505' title='bbox 1806 1332 2042 1383; x_wconf 87' lang='lat' dir='ltr'><strong>addictior</strong></span> <span class='ocrx_word' id='word_1_506' title='bbox 2074 1334 2177 1385; x_wconf 87' lang='lat' dir='ltr'><strong>erat</strong></span> <span class='ocrx_word' id='word_1_507' title='bbox 2207 1346 2356 1397; x_wconf 86' lang='lat' dir='ltr'><strong>quam</strong></span> <span class='ocrx_word' id='word_1_508' title='bbox 2385 1334 2496 1384; x_wconf 81' lang='lat' dir='ltr'><strong>Jovi</strong></span> <span class='ocrx_word' id='word_1_509' title='bbox 2519 1335 2708 1397; x_wconf 86' lang='lat' dir='ltr'><strong>ctesio;</strong></span> <span class='ocrx_word' id='word_1_510' title='bbox 2738 1336 2816 1385; x_wconf 91' lang='lat' dir='ltr'><strong>cui</strong></span> <span class='ocrx_word' id='word_1_511' title='bbox 2839 1349 2975 1387; x_wconf 82' lang='lat' dir='ltr'><strong>sacra</strong></span> <span class='ocrx_word' id='word_1_512' title='bbox 3003 1336 3179 1389; x_wconf 78' lang='lat' dir='ltr'><strong>taciens</strong></span> <span class='ocrx_word' id='word_1_513' title='bbox 3203 1352 3362 1402; x_wconf 87' lang='lat' dir='ltr'><strong>neque</strong></span> 
     </span>
     <span class='ocr_line' id='line_1_65' title="bbox 1807 1422 3357 1490; baseline 0.004 -19"><span class='ocrx_word' id='word_1_514' title='bbox 1807 1434 2002 1472; x_wconf 83' lang='lat' dir='ltr'><strong>servum</strong></span> <span class='ocrx_word' id='word_1_515' title='bbox 2020 1434 2176 1485; x_wconf 89' lang='lat' dir='ltr'><strong>neque</strong></span> <span class='ocrx_word' id='word_1_516' title='bbox 2191 1422 2424 1486; x_wconf 86' lang='lat' dir='ltr'><strong>ingenuos</strong></span> <span class='ocrx_word' id='word_1_517' title='bbox 2441 1422 2618 1473; x_wconf 87' lang='lat' dir='ltr'><strong>alienos</strong></span> <span class='ocrx_word' id='word_1_518' title='bbox 2639 1423 2955 1488; x_wconf 86' lang='lat' dir='ltr'><strong>admittebat,</strong></span> <span class='ocrx_word' id='word_1_519' title='bbox 2983 1424 3066 1475; x_wconf 87' lang='lat' dir='ltr'><strong>sed</strong></span> <span class='ocrx_word' id='word_1_520' title='bbox 3085 1426 3184 1490; x_wconf 86' lang='lat' dir='ltr'><strong>ipse</strong></span> <span class='ocrx_word' id='word_1_521' title='bbox 3200 1429 3357 1477; x_wconf 85' lang='lat' dir='ltr'><strong>omni-</strong></span> 
     </span>
     <span class='ocr_line' id='line_1_66' title="bbox 1809 1507 3360 1580; baseline 0.005 -21"><span class='ocrx_word' id='word_1_522' title='bbox 1809 1510 1900 1559; x_wconf 90' lang='lat' dir='ltr'><strong>bus</strong></span> <span class='ocrx_word' id='word_1_523' title='bbox 1912 1507 2262 1573; x_wconf 77' lang='lat' dir='ltr'>defungebatur</span> <span class='ocrx_word' id='word_1_524' title='bbox 2274 1526 2289 1573; x_wconf 80' lang='lat'><em>3</em></span> <span class='ocrx_word' id='word_1_525' title='bbox 2311 1524 2399 1561; x_wconf 87' lang='lat' dir='ltr'><strong>nos</strong></span> <span class='ocrx_word' id='word_1_526' title='bbox 2410 1512 2574 1561; x_wconf 81' lang='lat' dir='ltr'><strong>tamen</strong></span> <span class='ocrx_word' id='word_1_527' title='bbox 2587 1510 2762 1561; x_wconf 86' lang='lat' dir='ltr'><strong>horum</strong></span> <span class='ocrx_word' id='word_1_528' title='bbox 2775 1526 3022 1563; x_wconf 87' lang='lat' dir='ltr'><strong>sacrorum</strong></span> <span class='ocrx_word' id='word_1_529' title='bbox 3037 1514 3240 1566; x_wconf 76' lang='lat' dir='ltr'><strong>faciebat</strong></span> <span class='ocrx_word' id='word_1_530' title='bbox 3255 1530 3360 1580; x_wconf 87' lang='lat' dir='ltr'><strong>par·</strong></span> 
     </span>
     <span class='ocr_line' id='line_1_67' title="bbox 1810 1598 3362 1665; baseline 0.004 -16"><span class='ocrx_word' id='word_1_531' title='bbox 1810 1598 2006 1661; x_wconf 84' lang='lat' dir='ltr'><strong>ticipes,</strong></span> <span class='ocrx_word' id='word_1_532' title='bbox 2039 1611 2270 1649; x_wconf 89' lang='lat' dir='ltr'><strong>manuum</strong></span> <span class='ocrx_word' id='word_1_533' title='bbox 2302 1612 2498 1663; x_wconf 87' lang='lat' dir='ltr'><strong>operam</strong></span> <span class='ocrx_word' id='word_1_534' title='bbox 2528 1598 2600 1649; x_wconf 91' lang='lat' dir='ltr'><strong>illi</strong></span> <span class='ocrx_word' id='word_1_535' title='bbox 2631 1600 3138 1665; x_wconf 87' lang='lat' dir='ltr'><strong>accommodabamus,</strong></span> <span class='ocrx_word' id='word_1_536' title='bbox 3168 1616 3280 1654; x_wconf 91' lang='lat' dir='ltr'><strong>cum</strong></span> <span class='ocrx_word' id='word_1_537' title='bbox 3303 1618 3362 1655; x_wconf 90' lang='lat' dir='ltr'><strong>eo</strong></span> 
     </span>
     <span class='ocr_line' id='line_1_68' title="bbox 1809 1686 3361 1754; baseline 0.004 -18"><span class='ocrx_word' id='word_1_538' title='bbox 1809 1686 2038 1750; x_wconf 77' lang='lat' dir='ltr'><strong>prosicias</strong></span> <span class='ocrx_word' id='word_1_539' title='bbox 2055 1700 2153 1737; x_wconf 73' lang='grc' dir='ltr'>ιιι-ω</span> <span class='ocrx_word' id='word_1_540' title='bbox 2177 1686 2568 1750; x_wconf 86' lang='lat' dir='ltr'><strong>imponebamus,</strong></span> <span class='ocrx_word' id='word_1_541' title='bbox 2599 1688 2787 1751; x_wconf 81' lang='lat' dir='ltr'><strong>aliaque</strong></span> <span class='ocrx_word' id='word_1_542' title='bbox 2811 1689 3074 1740; x_wconf 60' lang='lat' dir='ltr'><strong>ministerii!</strong></span> <span class='ocrx_word' id='word_1_543' title='bbox 3097 1692 3361 1754; x_wconf 62' lang='lat' dir='ltr'><strong>praestaba-</strong></span> 
     </span>
     <span class='ocr_line' id='line_1_69' title="bbox 1810 1773 3360 1843; baseline 0.003 -18"><span class='ocrx_word' id='word_1_544' title='bbox 1810 1789 1945 1836; x_wconf 86' lang='lat' dir='ltr'><strong>mus,</strong></span> <span class='ocrx_word' id='word_1_545' title='bbox 1973 1776 2024 1825; x_wconf 90' lang='lat' dir='ltr'><strong>et</strong></span> <span class='ocrx_word' id='word_1_546' title='bbox 2051 1773 2134 1826; x_wconf 90' lang='lat' dir='ltr'><strong>ille</strong></span> <span class='ocrx_word' id='word_1_547' title='bbox 2165 1778 2280 1825; x_wconf 77' lang='lat' dir='ltr'><strong>vota</strong></span> <span class='ocrx_word' id='word_1_548' title='bbox 2308 1776 2484 1826; x_wconf 78' lang='lat' dir='ltr'><strong>faciens</strong></span> <span class='ocrx_word' id='word_1_549' title='bbox 2506 1789 2537 1825; x_wconf 89' lang='lat' dir='ltr'><strong>a</strong></span> <span class='ocrx_word' id='word_1_550' title='bbox 2559 1776 2650 1827; x_wconf 88' lang='lat' dir='ltr'><strong>deo</strong></span> <span class='ocrx_word' id='word_1_551' title='bbox 2683 1778 2968 1841; x_wconf 74' lang='lat' dir='ltr'><strong>precabatur</strong></span> <span class='ocrx_word' id='word_1_552' title='bbox 2997 1780 3054 1828; x_wconf 91' lang='lat' dir='ltr'><strong>ut</strong></span> <span class='ocrx_word' id='word_1_553' title='bbox 3087 1792 3360 1843; x_wconf 79' lang='lat' dir='ltr'><strong>prosperam</strong></span> 
     </span>
     <span class='ocr_line' id='line_1_70' title="bbox 1810 1866 3362 1931; baseline 0.003 -16"><span class='ocrx_word' id='word_1_554' title='bbox 1810 1866 2132 1917; x_wconf 75' lang='lat' dir='ltr'><strong>valetudinem</strong></span> <span class='ocrx_word' id='word_1_555' title='bbox 2153 1870 2204 1918; x_wconf 89' lang='lat' dir='ltr'><strong>et</strong></span> <span class='ocrx_word' id='word_1_556' title='bbox 2221 1881 2322 1919; x_wconf 89' lang='lat' dir='ltr'><strong>rem</strong></span> <span class='ocrx_word' id='word_1_557' title='bbox 2341 1868 2590 1917; x_wconf 85' lang='lat' dir='ltr'><strong>florentem</strong></span> <span class='ocrx_word' id='word_1_558' title='bbox 2617 1867 2755 1918; x_wconf 89' lang='lat' dir='ltr'><strong>nobis</strong></span> <span class='ocrx_word' id='word_1_559' title='bbox 2775 1867 3055 1931; x_wconf 86' lang='lat' dir='ltr'><strong>largiretur;</strong></span> <span class='ocrx_word' id='word_1_560' title='bbox 3084 1870 3157 1919; x_wconf 88' lang='lat' dir='ltr'><strong>uti</strong></span> <span class='ocrx_word' id='word_1_561' title='bbox 3182 1869 3244 1919; x_wconf 86' lang='lat' dir='ltr'><strong>ab</strong></span> <span class='ocrx_word' id='word_1_562' title='bbox 3269 1883 3362 1919; x_wconf 82' lang='lat' dir='ltr'><strong>avo</strong></span> 
     </span>
     <span class='ocr_line' id='line_1_71' title="bbox 1812 1954 3363 2019; baseline 0.003 -15"><span class='ocrx_word' id='word_1_563' title='bbox 1812 1954 1913 2004; x_wconf 81' lang='lat' dir='ltr'><strong>lieri</strong></span> <span class='ocrx_word' id='word_1_564' title='bbox 1951 1968 2036 2018; x_wconf 89' lang='lat' dir='ltr'><strong>par</strong></span> <span class='ocrx_word' id='word_1_565' title='bbox 2083 1956 2203 2007; x_wconf 87' lang='lat' dir='ltr'><strong>erat.</strong></span> <span class='ocrx_word' id='word_1_566' title='bbox 2285 1956 2382 2019; x_wconf 83' lang='lat'>(17)</span> <span class='ocrx_word' id='word_1_567' title='bbox 2427 1954 2598 2018; x_wconf 84' lang='lat' dir='ltr'><strong>Atqui,</strong></span> <span class='ocrx_word' id='word_1_568' title='bbox 2643 1956 2735 2006; x_wconf 88' lang='lat' dir='ltr'><strong>nisi</strong></span> <span class='ocrx_word' id='word_1_569' title='bbox 2777 1969 2868 2006; x_wconf 89' lang='lat' dir='ltr'><strong>nos</strong></span> <span class='ocrx_word' id='word_1_570' title='bbox 2901 1956 3014 2006; x_wconf 73' lang='lat' dir='ltr'><strong>filim</strong></span> <span class='ocrx_word' id='word_1_571' title='bbox 3047 1969 3150 2007; x_wconf 78' lang='lat' dir='ltr'><strong>sum</strong></span> <span class='ocrx_word' id='word_1_572' title='bbox 3187 1957 3363 2008; x_wconf 86' lang='lat' dir='ltr'><strong>liberos</strong></span> 
     </span>
     <span class='ocr_line' id='line_1_72' title="bbox 1811 2018 3364 2107; baseline 0.004 -20"><span class='ocrx_word' id='word_1_573' title='bbox 1811 2018 2027 2090; x_wconf 69' lang='lat' dir='ltr'><strong>duxisset</strong></span> <span class='ocrx_word' id='word_1_574' title='bbox 2049 2040 2270 2104; x_wconf 85' lang='lat' dir='ltr'><strong>solosque</strong></span> <span class='ocrx_word' id='word_1_575' title='bbox 2303 2040 2393 2091; x_wconf 83' lang='lat' dir='ltr'><strong>sibi</strong></span> <span class='ocrx_word' id='word_1_576' title='bbox 2429 2040 2638 2105; x_wconf 84' lang='lat' dir='ltr'><strong>reliquos</strong></span> <span class='ocrx_word' id='word_1_577' title='bbox 2671 2044 2820 2093; x_wconf 78' lang='lat' dir='ltr'><strong>factos</strong></span> <span class='ocrx_word' id='word_1_578' title='bbox 2853 2044 3076 2107; x_wconf 86' lang='lat' dir='ltr'><strong>nepotes,</strong></span> <span class='ocrx_word' id='word_1_579' title='bbox 3113 2052 3364 2107; x_wconf 74' lang='lat' dir='ltr'><strong>nunquam</strong></span> 
     </span>
     <span class='ocr_line' id='line_1_73' title="bbox 1810 2128 3364 2196; baseline 0.004 -19"><span class='ocrx_word' id='word_1_580' title='bbox 1810 2128 1984 2177; x_wconf 88' lang='lat' dir='ltr'><strong>borum</strong></span> <span class='ocrx_word' id='word_1_581' title='bbox 2005 2128 2268 2192; x_wconf 87' lang='lat' dir='ltr'><strong>quicquam</strong></span> <span class='ocrx_word' id='word_1_582' title='bbox 2291 2130 2502 2192; x_wconf 80' lang='lat' dir='ltr'><strong>fecisset,</strong></span> <span class='ocrx_word' id='word_1_583' title='bbox 2531 2130 2614 2179; x_wconf 90' lang='lat' dir='ltr'><strong>sed</strong></span> <span class='ocrx_word' id='word_1_584' title='bbox 2649 2130 2780 2180; x_wconf 87' lang='lat' dir='ltr'><strong>bunc</strong></span> <span class='ocrx_word' id='word_1_585' title='bbox 2802 2131 2892 2182; x_wconf 88' lang='lat' dir='ltr'><strong>sibi</strong></span> <span class='ocrx_word' id='word_1_586' title='bbox 2927 2130 3246 2196; x_wconf 79' lang='lat' dir='ltr'><strong>adjunxisset,</strong></span> <span class='ocrx_word' id='word_1_587' title='bbox 3279 2132 3364 2196; x_wconf 87' lang='lat' dir='ltr'><strong>qui</strong></span> 
     </span>
     <span class='ocr_line' id='line_1_74' title="bbox 1812 2216 3366 2280; baseline 0.004 -14"><span class='ocrx_word' id='word_1_588' title='bbox 1812 2216 2000 2267; x_wconf 88' lang='lat' dir='ltr'><strong>Cironis</strong></span> <span class='ocrx_word' id='word_1_589' title='bbox 2023 2230 2052 2266; x_wconf 87' lang='lat' dir='ltr'><strong>e</strong></span> <span class='ocrx_word' id='word_1_590' title='bbox 2080 2230 2245 2268; x_wconf 87' lang='lat' dir='ltr'><strong>sorore</strong></span> <span class='ocrx_word' id='word_1_591' title='bbox 2260 2220 2484 2280; x_wconf 79' lang='lat' dir='ltr'><strong>nepotem</strong></span> <span class='ocrx_word' id='word_1_592' title='bbox 2518 2230 2570 2267; x_wconf 85' lang='lat' dir='ltr'><strong>se</strong></span> <span class='ocrx_word' id='word_1_593' title='bbox 2601 2219 2709 2268; x_wconf 76' lang='lat' dir='ltr'><strong>tert.</strong></span> <span class='ocrx_word' id='word_1_594' title='bbox 2775 2221 2902 2269; x_wconf 84' lang='lat' dir='ltr'><strong>Vera</strong></span> <span class='ocrx_word' id='word_1_595' title='bbox 2933 2219 3039 2269; x_wconf 74' lang='lat' dir='ltr'><strong>haec</strong></span> <span class='ocrx_word' id='word_1_596' title='bbox 3067 2233 3097 2270; x_wconf 87' lang='lat' dir='ltr'><strong>a</strong></span> <span class='ocrx_word' id='word_1_597' title='bbox 3133 2232 3212 2271; x_wconf 87' lang='lat' dir='ltr'><strong>me</strong></span> <span class='ocrx_word' id='word_1_598' title='bbox 3236 2222 3366 2273; x_wconf 86' lang='lat' dir='ltr'><strong>dicta</strong></span> 
     </span>
     <span class='ocr_line' id='line_1_75' title="bbox 1810 2304 3362 2374; baseline 0.004 -20"><span class='ocrx_word' id='word_1_599' title='bbox 1810 2316 1912 2355; x_wconf 55' lang='lat' dir='ltr'><strong>ame</strong></span> <span class='ocrx_word' id='word_1_600' title='bbox 1937 2305 2098 2355; x_wconf 81' lang='lat' dir='ltr'><strong>omnia</strong></span> <span class='ocrx_word' id='word_1_601' title='bbox 2123 2306 2303 2355; x_wconf 88' lang='lat' dir='ltr'><strong>norunt</strong></span> <span class='ocrx_word' id='word_1_602' title='bbox 2319 2304 2516 2368; x_wconf 88' lang='lat' dir='ltr'><strong>quidem</strong></span> <span class='ocrx_word' id='word_1_603' title='bbox 2543 2306 2762 2355; x_wconf 87' lang='lat' dir='ltr'><strong>omnium</strong></span> <span class='ocrx_word' id='word_1_604' title='bbox 2789 2306 3053 2359; x_wconf 83' lang='lat' dir='ltr'><strong>certissime</strong></span> <span class='ocrx_word' id='word_1_605' title='bbox 3069 2309 3146 2358; x_wconf 77' lang='lat' dir='ltr'><strong>avi</strong></span> <span class='ocrx_word' id='word_1_606' title='bbox 3171 2310 3362 2374; x_wconf 77' lang='lat' dir='ltr'><strong>famuli,</strong></span> 
     </span>
     <span class='ocr_line' id='line_1_76' title="bbox 1811 2391 3366 2459; baseline 0.005 -18"><span class='ocrx_word' id='word_1_607' title='bbox 1811 2406 1934 2456; x_wconf 86' lang='lat' dir='ltr'><strong>quos</strong></span> <span class='ocrx_word' id='word_1_608' title='bbox 1951 2392 2031 2443; x_wconf 86' lang='lat' dir='ltr'><strong>hic</strong></span> <span class='ocrx_word' id='word_1_609' title='bbox 2052 2391 2294 2458; x_wconf 88' lang='lat' dir='ltr'><strong>[Diocles]</strong></span> <span class='ocrx_word' id='word_1_610' title='bbox 2313 2393 2450 2443; x_wconf 88' lang='lat' dir='ltr'><strong>nobis</strong></span> <span class='ocrx_word' id='word_1_611' title='bbox 2469 2392 2530 2442; x_wconf 85' lang='lat' dir='ltr'><strong>ad</strong></span> <span class='ocrx_word' id='word_1_612' title='bbox 2551 2394 2880 2457; x_wconf 81' lang='lat' dir='ltr'><strong>quaesitionern</strong></span> <span class='ocrx_word' id='word_1_613' title='bbox 2902 2394 3266 2459; x_wconf 75' lang='lat' dir='ltr'><strong>deposcentibus</strong></span> <span class='ocrx_word' id='word_1_614' title='bbox 3287 2397 3366 2449; x_wconf 86' lang='lat' dir='ltr'><strong>(le-</strong></span> 
     </span>
     <span class='ocr_line' id='line_1_77' title="bbox 1812 2480 3362 2547; baseline 0.003 -17"><span class='ocrx_word' id='word_1_615' title='bbox 1812 2481 2033 2544; x_wconf 79' lang='lat' dir='ltr'><strong>ncgavit3</strong></span> <span class='ocrx_word' id='word_1_616' title='bbox 2063 2493 2230 2531; x_wconf 71' lang='lat' dir='ltr'><strong>verum</strong></span> <span class='ocrx_word' id='word_1_617' title='bbox 2257 2480 2403 2531; x_wconf 84' lang='lat' dir='ltr'><strong>etiam</strong></span> <span class='ocrx_word' id='word_1_618' title='bbox 2435 2494 2603 2532; x_wconf 87' lang='lat' dir='ltr'><strong>eorum</strong></span> <span class='ocrx_word' id='word_1_619' title='bbox 2629 2481 2776 2545; x_wconf 90' lang='lat' dir='ltr'><strong>aliqui</strong></span> <span class='ocrx_word' id='word_1_620' title='bbox 2808 2485 2989 2533; x_wconf 90' lang='lat' dir='ltr'><strong>norunt</strong></span> <span class='ocrx_word' id='word_1_621' title='bbox 3019 2483 3330 2547; x_wconf 81' lang='lat' dir='ltr'><strong>liquidissime</strong></span> <span class='ocrx_word' id='word_1_622' title='bbox 3347 2522 3362 2547; x_wconf 90' lang='lat'><strong>,</strong></span> 
     </span>
     <span class='ocr_line' id='line_1_78' title="bbox 1813 2568 3364 2635; baseline 0.005 -18"><span class='ocrx_word' id='word_1_623' title='bbox 1813 2568 1991 2631; x_wconf 89' lang='lat' dir='ltr'><strong>quibus</strong></span> <span class='ocrx_word' id='word_1_624' title='bbox 2027 2582 2148 2619; x_wconf 80' lang='lat' dir='ltr'><strong>avus</strong></span> <span class='ocrx_word' id='word_1_625' title='bbox 2175 2568 2470 2619; x_wconf 78' lang='lat' dir='ltr'><strong>familiariter</strong></span> <span class='ocrx_word' id='word_1_626' title='bbox 2499 2583 2616 2620; x_wconf 86' lang='lat' dir='ltr'><strong>usus</strong></span> <span class='ocrx_word' id='word_1_627' title='bbox 2637 2570 2755 2634; x_wconf 78' lang='lat' dir='ltr'><strong>fuit,</strong></span> <span class='ocrx_word' id='word_1_628' title='bbox 2787 2584 2910 2634; x_wconf 90' lang='lat' dir='ltr'><strong>quos</strong></span> <span class='ocrx_word' id='word_1_629' title='bbox 2935 2584 3022 2635; x_wconf 90' lang='lat' dir='ltr'><strong>ego</strong></span> <span class='ocrx_word' id='word_1_630' title='bbox 3058 2572 3194 2624; x_wconf 85' lang='lat' dir='ltr'><strong>vobis</strong></span> <span class='ocrx_word' id='word_1_631' title='bbox 3215 2574 3364 2625; x_wconf 84' lang='lat' dir='ltr'><strong>testes</strong></span> 
     </span>
     <span class='ocr_line' id='line_1_79' title="bbox 1811 2656 3182 2723; baseline 0.003 -16"><span class='ocrx_word' id='word_1_632' title='bbox 1811 2656 1967 2707; x_wconf 82' lang='lat' dir='ltr'><strong>edam.</strong></span> <span class='ocrx_word' id='word_1_633' title='bbox 2032 2658 2160 2721; x_wconf 83' lang='lat' dir='ltr'><strong>cape</strong></span> <span class='ocrx_word' id='word_1_634' title='bbox 2182 2660 2237 2707; x_wconf 87' lang='lat' dir='ltr'><strong>tu</strong></span> <span class='ocrx_word' id='word_1_635' title='bbox 2255 2656 2374 2708; x_wconf 82' lang='lat' dir='ltr'><strong>mihi</strong></span> <span class='ocrx_word' id='word_1_636' title='bbox 2395 2656 2504 2709; x_wconf 76' lang='lat' dir='ltr'><strong>hoec</strong></span> <span class='ocrx_word' id='word_1_637' title='bbox 2525 2656 2826 2721; x_wconf 87' lang='lat' dir='ltr'><strong>testimonia,</strong></span> <span class='ocrx_word' id='word_1_638' title='bbox 2849 2659 2994 2723; x_wconf 84' lang='lat' dir='ltr'><strong>atque</strong></span> <span class='ocrx_word' id='word_1_639' title='bbox 3017 2660 3182 2711; x_wconf 87' lang='lat' dir='ltr'><strong>recita.</strong></span> 
     </span>
    </p>
   </div>
   <div class='ocr_carea' id='block_1_9' title="bbox 2389 2848 2786 2892">
    <p class='ocr_par' dir='ltr' id='par_1_13' title="bbox 2389 2848 2786 2892">
     <span class='ocr_line' id='line_1_80' title="bbox 2389 2848 2786 2892; baseline 0 -1"><span class='ocrx_word' id='word_1_640' title='bbox 2389 2848 2786 2892; x_wconf 68' lang='lat' dir='ltr'><strong>TESTIMONIA.</strong></span> 
     </span>
    </p>
   </div>
   <div class='ocr_carea' id='block_1_10' title="bbox 1808 3002 3369 3820">
    <p class='ocr_par' dir='ltr' id='par_1_14' title="bbox 1808 3002 3369 3820">
     <span class='ocr_line' id='line_1_81' title="bbox 1878 3002 3361 3066; baseline 0.003 -16"><span class='ocrx_word' id='word_1_641' title='bbox 1878 3006 1949 3051; x_wconf 83' lang='lat'><strong>18.</strong></span> <span class='ocrx_word' id='word_1_642' title='bbox 1983 3003 2165 3051; x_wconf 83' lang='lat' dir='ltr'><strong>Verum</strong></span> <span class='ocrx_word' id='word_1_643' title='bbox 2197 3014 2295 3052; x_wconf 89' lang='lat' dir='ltr'><strong>non</strong></span> <span class='ocrx_word' id='word_1_644' title='bbox 2322 3015 2385 3052; x_wconf 82' lang='lat' dir='ltr'><strong>ex</strong></span> <span class='ocrx_word' id='word_1_645' title='bbox 2401 3002 2478 3052; x_wconf 84' lang='lat' dir='ltr'><strong>bis</strong></span> <span class='ocrx_word' id='word_1_646' title='bbox 2498 3002 2610 3053; x_wconf 85' lang='lat' dir='ltr'><strong>solis</strong></span> <span class='ocrx_word' id='word_1_647' title='bbox 2628 3002 2780 3066; x_wconf 88' lang='lat' dir='ltr'><strong>liquet</strong></span> <span class='ocrx_word' id='word_1_648' title='bbox 2801 3003 3006 3053; x_wconf 88' lang='lat' dir='ltr'><strong>matrem</strong></span> <span class='ocrx_word' id='word_1_649' title='bbox 3037 3006 3250 3055; x_wconf 75' lang='lat' dir='ltr'><strong>nostram</strong></span> <span class='ocrx_word' id='word_1_650' title='bbox 3276 3005 3361 3056; x_wconf 81' lang='lat' dir='ltr'><strong>ei-</strong></span> 
     </span>
     <span class='ocr_line' id='line_1_82' title="bbox 1810 3085 3364 3152; baseline 0.004 -17"><span class='ocrx_word' id='word_1_651' title='bbox 1810 3085 1941 3135; x_wconf 85' lang='lat' dir='ltr'><strong>ronis</strong></span> <span class='ocrx_word' id='word_1_652' title='bbox 1970 3098 2073 3136; x_wconf 87' lang='lat' dir='ltr'><strong>esse</strong></span> <span class='ocrx_word' id='word_1_653' title='bbox 2110 3085 2366 3148; x_wconf 82' lang='lat' dir='ltr'><strong>genuinam</strong></span> <span class='ocrx_word' id='word_1_654' title='bbox 2406 3086 2582 3148; x_wconf 84' lang='lat' dir='ltr'><strong>liliam,</strong></span> <span class='ocrx_word' id='word_1_655' title='bbox 2615 3087 2700 3136; x_wconf 89' lang='lat' dir='ltr'><strong>sed</strong></span> <span class='ocrx_word' id='word_1_656' title='bbox 2730 3100 2790 3137; x_wconf 77' lang='lat' dir='ltr'><strong>ex</strong></span> <span class='ocrx_word' id='word_1_657' title='bbox 2837 3087 2956 3137; x_wconf 87' lang='lat' dir='ltr'><strong>actis</strong></span> <span class='ocrx_word' id='word_1_658' title='bbox 2991 3101 3186 3152; x_wconf 88' lang='lat' dir='ltr'><strong>quoque</strong></span> <span class='ocrx_word' id='word_1_659' title='bbox 3213 3092 3364 3141; x_wconf 84' lang='lat' dir='ltr'><strong>nostri</strong></span> 
     </span>
     <span class='ocr_line' id='line_1_83' title="bbox 1808 3170 3366 3239; baseline 0.003 -19"><span class='ocrx_word' id='word_1_660' title='bbox 1808 3171 1982 3235; x_wconf 85' lang='lat' dir='ltr'><strong>patris,</strong></span> <span class='ocrx_word' id='word_1_661' title='bbox 2003 3172 2116 3220; x_wconf 89' lang='lat' dir='ltr'><strong>item</strong></span> <span class='ocrx_word' id='word_1_662' title='bbox 2136 3185 2163 3222; x_wconf 89' lang='lat' dir='ltr'><strong>e</strong></span> <span class='ocrx_word' id='word_1_663' title='bbox 2180 3170 2381 3221; x_wconf 82' lang='lat' dir='ltr'><strong>decretis</strong></span> <span class='ocrx_word' id='word_1_664' title='bbox 2404 3184 2514 3234; x_wconf 77' lang='lat' dir='ltr'><strong>quae</strong></span> <span class='ocrx_word' id='word_1_665' title='bbox 2537 3185 2715 3223; x_wconf 82' lang='lat' dir='ltr'><strong>uxores</strong></span> <span class='ocrx_word' id='word_1_666' title='bbox 2735 3172 3039 3222; x_wconf 84' lang='lat' dir='ltr'><strong>demotarum</strong></span> <span class='ocrx_word' id='word_1_667' title='bbox 3057 3175 3207 3237; x_wconf 85' lang='lat' dir='ltr'><strong>patris</strong></span> <span class='ocrx_word' id='word_1_668' title='bbox 3221 3189 3366 3239; x_wconf 85' lang='lat' dir='ltr'><strong>super</strong></span> 
     </span>
     <span class='ocr_line' id='line_1_84' title="bbox 1811 3252 3364 3321; baseline 0.005 -20"><span class='ocrx_word' id='word_1_669' title='bbox 1811 3264 1865 3301; x_wconf 86' lang='lat' dir='ltr'><strong>ea</strong></span> <span class='ocrx_word' id='word_1_670' title='bbox 1884 3252 2144 3302; x_wconf 81' lang='lat' dir='ltr'><strong>sciverunt.</strong></span> <span class='ocrx_word' id='word_1_671' title='bbox 2210 3254 2350 3302; x_wconf 85' lang='lat' dir='ltr'><strong>Pater</strong></span> <span class='ocrx_word' id='word_1_672' title='bbox 2374 3253 2529 3316; x_wconf 89' lang='lat' dir='ltr'><strong>enim,</strong></span> <span class='ocrx_word' id='word_1_673' title='bbox 2553 3255 2744 3316; x_wconf 85' lang='lat' dir='ltr'><strong>nuptias</strong></span> <span class='ocrx_word' id='word_1_674' title='bbox 2776 3268 2886 3305; x_wconf 87' lang='lat' dir='ltr'><strong>curn</strong></span> <span class='ocrx_word' id='word_1_675' title='bbox 2909 3257 3063 3306; x_wconf 88' lang='lat' dir='ltr'><strong>matre</strong></span> <span class='ocrx_word' id='word_1_676' title='bbox 3090 3257 3364 3321; x_wconf 88' lang='lat' dir='ltr'><strong>celebrans,</strong></span> 
     </span>
     <span class='ocr_line' id='line_1_85' title="bbox 1810 3334 3363 3403; baseline 0.005 -19"><span class='ocrx_word' id='word_1_677' title='bbox 1810 3338 1909 3385; x_wconf 85' lang='lat' dir='ltr'><strong>tres</strong></span> <span class='ocrx_word' id='word_1_678' title='bbox 1930 3334 2162 3398; x_wconf 86' lang='lat' dir='ltr'><strong>quosdam</strong></span> <span class='ocrx_word' id='word_1_679' title='bbox 2184 3349 2212 3385; x_wconf 87' lang='lat' dir='ltr'><strong>e</strong></span> <span class='ocrx_word' id='word_1_680' title='bbox 2231 3348 2433 3385; x_wconf 82' lang='lat' dir='ltr'><strong>nurnero</strong></span> <span class='ocrx_word' id='word_1_681' title='bbox 2456 3336 2762 3387; x_wconf 75' lang='lat' dir='ltr'><strong>familiarium</strong></span> <span class='ocrx_word' id='word_1_682' title='bbox 2783 3352 2984 3389; x_wconf 88' lang='lat' dir='ltr'><strong>suorum</strong></span> <span class='ocrx_word' id='word_1_683' title='bbox 3001 3340 3060 3390; x_wconf 86' lang='lat' dir='ltr'><strong>ad</strong></span> <span class='ocrx_word' id='word_1_684' title='bbox 3085 3341 3248 3403; x_wconf 86' lang='lat' dir='ltr'><strong>epulas</strong></span> <span class='ocrx_word' id='word_1_685' title='bbox 3269 3355 3363 3393; x_wconf 87' lang='lat' dir='ltr'><strong>nu·</strong></span> 
     </span>
     <span class='ocr_line' id='line_1_86' title="bbox 1812 3417 3366 3486; baseline 0.005 -19"><span class='ocrx_word' id='word_1_686' title='bbox 1812 3417 1981 3481; x_wconf 82' lang='lat' dir='ltr'><strong>ptiales</strong></span> <span class='ocrx_word' id='word_1_687' title='bbox 1994 3417 2218 3469; x_wconf 80' lang='lat' dir='ltr'><strong>invitavit</strong></span> <span class='ocrx_word' id='word_1_688' title='bbox 2235 3420 2409 3481; x_wconf 75' lang='lat' dir='ltr'><strong>praeter</strong></span> <span class='ocrx_word' id='word_1_689' title='bbox 2425 3420 2734 3484; x_wconf 82' lang='lat' dir='ltr'><strong>necessarios,</strong></span> <span class='ocrx_word' id='word_1_690' title='bbox 2753 3423 2804 3471; x_wconf 87' lang='lat' dir='ltr'><strong>et</strong></span> <span class='ocrx_word' id='word_1_691' title='bbox 2825 3422 3072 3472; x_wconf 82' lang='lat' dir='ltr'><strong>victimam</strong></span> <span class='ocrx_word' id='word_1_692' title='bbox 3089 3424 3366 3486; x_wconf 85' lang='lat' dir='ltr'><strong>nuptiarum</strong></span> 
     </span>
     <span class='ocr_line' id='line_1_87' title="bbox 1812 3500 3365 3571; baseline 0.006 -22"><span class='ocrx_word' id='word_1_693' title='bbox 1812 3501 1862 3549; x_wconf 91' lang='lat' dir='ltr'><strong>in</strong></span> <span class='ocrx_word' id='word_1_694' title='bbox 1882 3500 2145 3563; x_wconf 85' lang='lat' dir='ltr'><strong>phratriam</strong></span> <span class='ocrx_word' id='word_1_695' title='bbox 2165 3500 2326 3551; x_wconf 84' lang='lat' dir='ltr'><strong>intulit</strong></span> <span class='ocrx_word' id='word_1_696' title='bbox 2348 3504 2492 3564; x_wconf 89' lang='lat' dir='ltr'><strong>prout</strong></span> <span class='ocrx_word' id='word_1_697' title='bbox 2507 3515 2614 3553; x_wconf 84' lang='lat' dir='ltr'><strong>mos</strong></span> <span class='ocrx_word' id='word_1_698' title='bbox 2629 3504 2721 3553; x_wconf 85' lang='lat' dir='ltr'><strong>est.</strong></span> <span class='ocrx_word' id='word_1_699' title='bbox 2789 3504 2888 3566; x_wconf 81' lang='grc'>(19)</span> <span class='ocrx_word' id='word_1_700' title='bbox 2912 3507 3222 3557; x_wconf 83' lang='lat' dir='ltr'><strong>Demotarum</strong></span> <span class='ocrx_word' id='word_1_701' title='bbox 3240 3522 3365 3571; x_wconf 88' lang='lat' dir='ltr'><strong>quo·</strong></span> 
     </span>
     <span class='ocr_line' id='line_1_88' title="bbox 1814 3588 3364 3653; baseline 0.005 -15"><span class='ocrx_word' id='word_1_702' title='bbox 1814 3602 1909 3653; x_wconf 87' lang='lat' dir='ltr'><strong>que</strong></span> <span class='ocrx_word' id='word_1_703' title='bbox 1942 3602 2117 3639; x_wconf 80' lang='lat' dir='ltr'><strong>uxores</strong></span> <span class='ocrx_word' id='word_1_704' title='bbox 2139 3602 2244 3639; x_wconf 82' lang='lat' dir='ltr'><strong>eam</strong></span> <span class='ocrx_word' id='word_1_705' title='bbox 2270 3588 2578 3651; x_wconf 83' lang='lat' dir='ltr'><strong>postmodum</strong></span> <span class='ocrx_word' id='word_1_706' title='bbox 2615 3602 2712 3638; x_wconf 89' lang='lat' dir='ltr'><strong>una</strong></span> <span class='ocrx_word' id='word_1_707' title='bbox 2735 3602 2848 3639; x_wconf 86' lang='lat' dir='ltr'><strong>cum</strong></span> <span class='ocrx_word' id='word_1_708' title='bbox 2879 3604 3033 3642; x_wconf 81' lang='lat' dir='ltr'><strong>uxore</strong></span> <span class='ocrx_word' id='word_1_709' title='bbox 3063 3592 3240 3644; x_wconf 87' lang='lat' dir='ltr'><strong>Dioclis</strong></span> <span class='ocrx_word' id='word_1_710' title='bbox 3263 3595 3364 3645; x_wconf 85' lang='lat' dir='ltr'><strong>Pit-</strong></span> 
     </span>
     <span class='ocr_line' id='line_1_89' title="bbox 1814 3671 3369 3739; baseline 0.005 -18"><span class='ocrx_word' id='word_1_711' title='bbox 1814 3672 1992 3723; x_wconf 83' lang='lat' dir='ltr'><strong>tbensis</strong></span> <span class='ocrx_word' id='word_1_712' title='bbox 2019 3671 2322 3734; x_wconf 85' lang='lat' dir='ltr'><strong>delegerunt,</strong></span> <span class='ocrx_word' id='word_1_713' title='bbox 2351 3684 2451 3734; x_wconf 92' lang='lat' dir='ltr'><strong>quo</strong></span> <span class='ocrx_word' id='word_1_714' title='bbox 2473 3672 2550 3721; x_wconf 64' lang='lat' dir='ltr'><strong>hae</strong></span> <span class='ocrx_word' id='word_1_715' title='bbox 2573 3671 2682 3721; x_wconf 81' lang='lat' dir='ltr'><strong>duae</strong></span> <span class='ocrx_word' id='word_1_716' title='bbox 2707 3673 2928 3724; x_wconf 87' lang='lat' dir='ltr'><strong>mulieres</strong></span> <span class='ocrx_word' id='word_1_717' title='bbox 2955 3675 3190 3739; x_wconf 71' lang='lat' dir='ltr'><strong>principes</strong></span> <span class='ocrx_word' id='word_1_718' title='bbox 3211 3680 3369 3732; x_wconf 87' lang='lat' dir='ltr'><strong>essent</strong></span> 
     </span>
     <span class='ocr_line' id='line_1_90' title="bbox 1814 3756 3365 3820; baseline 0.006 -14"><span class='ocrx_word' id='word_1_719' title='bbox 1814 3756 1863 3806; x_wconf 90' lang='lat' dir='ltr'><strong>in</strong></span> <span class='ocrx_word' id='word_1_720' title='bbox 1880 3768 2062 3820; x_wconf 86' lang='lat' dir='ltr'><strong>pompa</strong></span> <span class='ocrx_word' id='word_1_721' title='bbox 2088 3756 2312 3806; x_wconf 84' lang='lat' dir='ltr'><strong>muliebri</strong></span> <span class='ocrx_word' id='word_1_722' title='bbox 2333 3759 2372 3806; x_wconf 85' lang='grc' dir='ltr'>Τ</span> <span class='ocrx_word' id='word_1_723' title='bbox 2373 3756 2818 3819; x_wconf 83' lang='lat' dir='ltr'><strong>hesmopboriorum</strong></span> <span class='ocrx_word' id='word_1_724' title='bbox 2841 3762 2890 3808; x_wconf 90' lang='lat' dir='ltr'><strong>et</strong></span> <span class='ocrx_word' id='word_1_725' title='bbox 2915 3761 2972 3809; x_wconf 89' lang='lat' dir='ltr'><strong>ut</strong></span> <span class='ocrx_word' id='word_1_726' title='bbox 3003 3773 3140 3813; x_wconf 86' lang='lat' dir='ltr'><strong>sacra</strong></span> <span class='ocrx_word' id='word_1_727' title='bbox 3175 3765 3365 3816; x_wconf 82' lang='lat' dir='ltr'><strong>vetusto</strong></span> 
     </span>
    </p>
   </div>
   <div class='ocr_carea' id='block_1_11' title="bbox 1812 3846 3366 5349">
    <p class='ocr_par' dir='ltr' id='par_1_15' title="bbox 1812 3846 3366 5349">
     <span class='ocr_line' id='line_1_91' title="bbox 1814 3846 3364 3915; baseline 0.004 -18"><span class='ocrx_word' id='word_1_728' title='bbox 1814 3847 1909 3897; x_wconf 91' lang='lat' dir='ltr'><strong>ritu</strong></span> <span class='ocrx_word' id='word_1_729' title='bbox 1945 3846 2172 3897; x_wconf 78' lang='lat' dir='ltr'><strong>iacerent.</strong></span> <span class='ocrx_word' id='word_1_730' title='bbox 2234 3848 2375 3897; x_wconf 86' lang='lat' dir='ltr'><strong>Pater</strong></span> <span class='ocrx_word' id='word_1_731' title='bbox 2409 3860 2604 3909; x_wconf 88' lang='lat' dir='ltr'><strong>quoque</strong></span> <span class='ocrx_word' id='word_1_732' title='bbox 2633 3850 2810 3910; x_wconf 88' lang='lat' dir='ltr'><strong>noster,</strong></span> <span class='ocrx_word' id='word_1_733' title='bbox 2853 3850 2908 3897; x_wconf 88' lang='lat' dir='ltr'><strong>ut</strong></span> <span class='ocrx_word' id='word_1_734' title='bbox 2947 3850 3044 3899; x_wconf 89' lang='lat' dir='ltr'><strong>nati</strong></span> <span class='ocrx_word' id='word_1_735' title='bbox 3071 3850 3274 3915; x_wconf 79' lang='lat' dir='ltr'><strong>suimus,</strong></span> <span class='ocrx_word' id='word_1_736' title='bbox 3313 3853 3364 3904; x_wconf 91' lang='lat' dir='ltr'><strong>in</strong></span> 
     </span>
     <span class='ocr_line' id='line_1_92' title="bbox 1814 3931 3363 4000; baseline 0.003 -18"><span class='ocrx_word' id='word_1_737' title='bbox 1814 3933 2064 3995; x_wconf 78' lang='lat' dir='ltr'><strong>phratoras</strong></span> <span class='ocrx_word' id='word_1_738' title='bbox 2087 3945 2176 3981; x_wconf 86' lang='lat' dir='ltr'><strong>nos</strong></span> <span class='ocrx_word' id='word_1_739' title='bbox 2191 3931 2408 3994; x_wconf 80' lang='lat' dir='ltr'><strong>induxit,</strong></span> <span class='ocrx_word' id='word_1_740' title='bbox 2431 3932 2558 3995; x_wconf 90' lang='lat' dir='ltr'><strong>apud</strong></span> <span class='ocrx_word' id='word_1_741' title='bbox 2577 3944 2756 3995; x_wconf 83' lang='lat' dir='ltr'><strong>eosque</strong></span> <span class='ocrx_word' id='word_1_742' title='bbox 2775 3933 2957 3984; x_wconf 86' lang='lat' dir='ltr'><strong>sancito</strong></span> <span class='ocrx_word' id='word_1_743' title='bbox 2977 3934 3158 3997; x_wconf 85' lang='lat' dir='ltr'><strong>legibus</strong></span> <span class='ocrx_word' id='word_1_744' title='bbox 3175 3937 3363 4000; x_wconf 85' lang='lat' dir='ltr'><strong>jureju-</strong></span> 
     </span>
     <span class='ocr_line' id='line_1_93' title="bbox 1814 4014 3364 4084; baseline 0.005 -19"><span class='ocrx_word' id='word_1_745' title='bbox 1814 4016 1964 4066; x_wconf 87' lang='lat' dir='ltr'><strong>rando</strong></span> <span class='ocrx_word' id='word_1_746' title='bbox 1977 4015 2236 4066; x_wconf 80' lang='lat' dir='ltr'><strong>affirmavit</strong></span> <span class='ocrx_word' id='word_1_747' title='bbox 2247 4028 2336 4064; x_wconf 89' lang='lat' dir='ltr'><strong>nos</strong></span> <span class='ocrx_word' id='word_1_748' title='bbox 2351 4014 2442 4065; x_wconf 89' lang='lat' dir='ltr'><strong>sibi</strong></span> <span class='ocrx_word' id='word_1_749' title='bbox 2461 4028 2490 4065; x_wconf 91' lang='lat' dir='ltr'><strong>e</strong></span> <span class='ocrx_word' id='word_1_750' title='bbox 2501 4015 2608 4065; x_wconf 82' lang='lat' dir='ltr'><strong>cive</strong></span> <span class='ocrx_word' id='word_1_751' title='bbox 2625 4016 2785 4065; x_wconf 77' lang='lat' dir='ltr'><strong>Attica</strong></span> <span class='ocrx_word' id='word_1_752' title='bbox 2800 4016 3011 4078; x_wconf 84' lang='lat' dir='ltr'><strong>legitime</strong></span> <span class='ocrx_word' id='word_1_753' title='bbox 3025 4018 3116 4068; x_wconf 83' lang='lat' dir='ltr'><strong>sibi</strong></span> <span class='ocrx_word' id='word_1_754' title='bbox 3132 4019 3364 4084; x_wconf 84' lang='lat' dir='ltr'><strong>desponsa</strong></span> 
     </span>
     <span class='ocr_line' id='line_1_94' title="bbox 1814 4098 3364 4167; baseline -0.003 -18"><span class='ocrx_word' id='word_1_755' title='bbox 1814 4103 1952 4150; x_wconf 87' lang='lat' dir='ltr'><strong>natos</strong></span> <span class='ocrx_word' id='word_1_756' title='bbox 1969 4112 2071 4149; x_wconf 86' lang='lat' dir='ltr'><strong>esse</strong></span> <span class='ocrx_word' id='word_1_757' title='bbox 2095 4118 2108 4149; x_wconf 75' lang='grc' dir='ltr'>ι</span> <span class='ocrx_word' id='word_1_758' title='bbox 2129 4098 2408 4162; x_wconf 78' lang='lat' dir='ltr'><strong>putatorum</strong></span> <span class='ocrx_word' id='word_1_759' title='bbox 2431 4098 2497 4147; x_wconf 91' lang='lat' dir='ltr'><strong>ibi</strong></span> <span class='ocrx_word' id='word_1_760' title='bbox 2523 4098 2686 4147; x_wconf 83' lang='lat' dir='ltr'><strong>nullus</strong></span> <span class='ocrx_word' id='word_1_761' title='bbox 2706 4098 2958 4149; x_wconf 86' lang='lat' dir='ltr'><strong>oblocutus</strong></span> <span class='ocrx_word' id='word_1_762' title='bbox 2975 4102 3048 4150; x_wconf 71' lang='lat' dir='ltr'><strong>est</strong></span> <span class='ocrx_word' id='word_1_763' title='bbox 3063 4116 3220 4167; x_wconf 88' lang='lat' dir='ltr'><strong>neque</strong></span> <span class='ocrx_word' id='word_1_764' title='bbox 3242 4108 3364 4157; x_wconf 79' lang='lat' dir='ltr'><strong>veri.</strong></span> 
     </span>
     <span class='ocr_line' id='line_1_95' title="bbox 1814 4179 3364 4255; baseline 0.005 -20"><span class='ocrx_word' id='word_1_765' title='bbox 1814 4186 1964 4235; x_wconf 79' lang='lat' dir='ltr'><strong>tatem</strong></span> <span class='ocrx_word' id='word_1_766' title='bbox 1988 4184 2054 4234; x_wconf 89' lang='lat' dir='ltr'><strong>rei</strong></span> <span class='ocrx_word' id='word_1_767' title='bbox 2077 4184 2127 4233; x_wconf 89' lang='lat' dir='ltr'><strong>in</strong></span> <span class='ocrx_word' id='word_1_768' title='bbox 2151 4182 2352 4233; x_wconf 87' lang='lat' dir='ltr'><strong>dubium</strong></span> <span class='ocrx_word' id='word_1_769' title='bbox 2373 4179 2600 4245; x_wconf 85' lang='lat' dir='ltr'><strong>adduxit,</strong></span> <span class='ocrx_word' id='word_1_770' title='bbox 2632 4183 2821 4233; x_wconf 81' lang='lat' dir='ltr'><strong>tametsi</strong></span> <span class='ocrx_word' id='word_1_771' title='bbox 2853 4184 3134 4246; x_wconf 83' lang='lat' dir='ltr'><strong>phratorum</strong></span> <span class='ocrx_word' id='word_1_772' title='bbox 3164 4202 3364 4255; x_wconf 83' lang='lat' dir='ltr'><strong>magnus</strong></span> 
     </span>
     <span class='ocr_line' id='line_1_96' title="bbox 1815 4268 3362 4339; baseline 0.005 -20"><span class='ocrx_word' id='word_1_773' title='bbox 1815 4274 1938 4323; x_wconf 69' lang='lat' dir='ltr'><strong>aeset</strong></span> <span class='ocrx_word' id='word_1_774' title='bbox 1946 4283 2176 4320; x_wconf 87' lang='lat' dir='ltr'><strong>numerus</strong></span> <span class='ocrx_word' id='word_1_775' title='bbox 2187 4269 2316 4332; x_wconf 89' lang='lat' dir='ltr'><strong>iique</strong></span> <span class='ocrx_word' id='word_1_776' title='bbox 2327 4268 2433 4319; x_wconf 77' lang='lat' dir='ltr'><strong>liaec</strong></span> <span class='ocrx_word' id='word_1_777' title='bbox 2449 4268 2563 4318; x_wconf 85' lang='lat' dir='ltr'><strong>talia</strong></span> <span class='ocrx_word' id='word_1_778' title='bbox 2572 4280 2736 4319; x_wconf 83' lang='lat' dir='ltr'><strong>severe</strong></span> <span class='ocrx_word' id='word_1_779' title='bbox 2745 4269 2946 4321; x_wconf 86' lang='lat' dir='ltr'><strong>scrutari</strong></span> <span class='ocrx_word' id='word_1_780' title='bbox 2957 4272 3159 4325; x_wconf 82' lang='lat' dir='ltr'><strong>soleant.</strong></span> <span class='ocrx_word' id='word_1_781' title='bbox 3171 4275 3269 4339; x_wconf 91' lang='lat'><strong>(20)</strong></span> <span class='ocrx_word' id='word_1_782' title='bbox 3283 4280 3362 4331; x_wconf 78' lang='lat' dir='ltr'><strong>At-</strong></span> 
     </span>
     <span class='ocr_line' id='line_1_97' title="bbox 1813 4350 3362 4417; baseline 0.004 -14"><span class='ocrx_word' id='word_1_783' title='bbox 1813 4354 1898 4417; x_wconf 90' lang='lat' dir='ltr'><strong>qui</strong></span> <span class='ocrx_word' id='word_1_784' title='bbox 1947 4352 2223 4403; x_wconf 83' lang='lat' dir='ltr'><strong>existimare</strong></span> <span class='ocrx_word' id='word_1_785' title='bbox 2259 4362 2345 4400; x_wconf 84' lang='lat' dir='ltr'><strong>vos</strong></span> <span class='ocrx_word' id='word_1_786' title='bbox 2383 4352 2597 4414; x_wconf 81' lang='lat' dir='ltr'><strong>oportet,</strong></span> <span class='ocrx_word' id='word_1_787' title='bbox 2638 4363 2694 4400; x_wconf 82' lang='lat' dir='ltr'><strong>ea</strong></span> <span class='ocrx_word' id='word_1_788' title='bbox 2727 4350 2768 4400; x_wconf 84' lang='lat' dir='ltr'><strong>si</strong></span> <span class='ocrx_word' id='word_1_789' title='bbox 2801 4350 2966 4403; x_wconf 75' lang='lat' dir='ltr'><strong>ruisset</strong></span> <span class='ocrx_word' id='word_1_790' title='bbox 2997 4358 3154 4407; x_wconf 85' lang='lat' dir='ltr'><strong>mater</strong></span> <span class='ocrx_word' id='word_1_791' title='bbox 3201 4362 3362 4412; x_wconf 83' lang='lat' dir='ltr'><strong>nostra</strong></span> 
     </span>
     <span class='ocr_line' id='line_1_98' title="bbox 1815 4436 3366 4508; baseline 0.006 -20"><span class='ocrx_word' id='word_1_792' title='bbox 1815 4452 1961 4504; x_wconf 85' lang='lat' dir='ltr'><strong>quam</strong></span> <span class='ocrx_word' id='word_1_793' title='bbox 1985 4438 2034 4487; x_wconf 85' lang='lat' dir='ltr'><strong>bi</strong></span> <span class='ocrx_word' id='word_1_794' title='bbox 2063 4436 2353 4501; x_wconf 80' lang='lat' dir='ltr'><strong>praedicant,</strong></span> <span class='ocrx_word' id='word_1_795' title='bbox 2391 4438 2574 4500; x_wconf 88' lang='lat' dir='ltr'><strong>patrem</strong></span> <span class='ocrx_word' id='word_1_796' title='bbox 2604 4438 2823 4487; x_wconf 87' lang='lat' dir='ltr'><strong>nostrum</strong></span> <span class='ocrx_word' id='word_1_797' title='bbox 2851 4450 3009 4501; x_wconf 88' lang='lat' dir='ltr'><strong>neque</strong></span> <span class='ocrx_word' id='word_1_798' title='bbox 3035 4442 3228 4507; x_wconf 84' lang='lat' dir='ltr'><strong>nuptias</strong></span> <span class='ocrx_word' id='word_1_799' title='bbox 3259 4446 3366 4508; x_wconf 74' lang='lat' dir='ltr'><strong>eius</strong></span> 
     </span>
     <span class='ocr_line' id='line_1_99' title="bbox 1814 4526 3363 4597; baseline 0.003 -17"><span class='ocrx_word' id='word_1_800' title='bbox 1814 4530 2008 4580; x_wconf 87' lang='lat' dir='ltr'><strong>nomine</strong></span> <span class='ocrx_word' id='word_1_801' title='bbox 2025 4528 2168 4578; x_wconf 79' lang='lat' dir='ltr'><strong>misse</strong></span> <span class='ocrx_word' id='word_1_802' title='bbox 2184 4526 2536 4576; x_wconf 78' lang='lat' dir='ltr'><strong>celebraturum</strong></span> <span class='ocrx_word' id='word_1_803' title='bbox 2551 4538 2708 4590; x_wconf 87' lang='lat' dir='ltr'><strong>neque</strong></span> <span class='ocrx_word' id='word_1_804' title='bbox 2725 4526 2939 4590; x_wconf 88' lang='lat' dir='ltr'><strong>nuptiale</strong></span> <span class='ocrx_word' id='word_1_805' title='bbox 2949 4541 3140 4581; x_wconf 76' lang='lat' dir='ltr'><strong>sacrm</strong></span> <span class='ocrx_word' id='word_1_806' title='bbox 3157 4532 3208 4583; x_wconf 91' lang='lat' dir='ltr'><strong>in</strong></span> <span class='ocrx_word' id='word_1_807' title='bbox 3226 4534 3363 4597; x_wconf 80' lang='lat' dir='ltr'><strong>plu-a·</strong></span> 
     </span>
     <span class='ocr_line' id='line_1_100' title="bbox 1813 4615 3362 4680; baseline 0.003 -10"><span class='ocrx_word' id='word_1_808' title='bbox 1813 4622 1958 4671; x_wconf 88' lang='lat' dir='ltr'><strong>triam</strong></span> <span class='ocrx_word' id='word_1_809' title='bbox 1999 4618 2277 4679; x_wconf 85' lang='lat' dir='ltr'><strong>illaturum,</strong></span> <span class='ocrx_word' id='word_1_810' title='bbox 2311 4616 2395 4667; x_wconf 84' lang='lat' dir='ltr'><strong>sed</strong></span> <span class='ocrx_word' id='word_1_811' title='bbox 2430 4616 2590 4680; x_wconf 83' lang='lat' dir='ltr'><strong>potius</strong></span> <span class='ocrx_word' id='word_1_812' title='bbox 2623 4615 2898 4680; x_wconf 71' lang='lat' dir='ltr'><strong>coniugium</strong></span> <span class='ocrx_word' id='word_1_813' title='bbox 2927 4632 3042 4669; x_wconf 90' lang='lat' dir='ltr'><strong>cum</strong></span> <span class='ocrx_word' id='word_1_814' title='bbox 3081 4621 3162 4671; x_wconf 85' lang='lat' dir='ltr'><strong>illa</strong></span> <span class='ocrx_word' id='word_1_815' title='bbox 3191 4623 3362 4675; x_wconf 89' lang='lat' dir='ltr'><strong>initum</strong></span> 
     </span>
     <span class='ocr_line' id='line_1_101' title="bbox 1813 4698 3364 4766; baseline 0.002 -13"><span class='ocrx_word' id='word_1_816' title='bbox 1813 4703 2061 4754; x_wconf 86' lang='lat' dir='ltr'><strong>occultum</strong></span> <span class='ocrx_word' id='word_1_817' title='bbox 2086 4702 2228 4751; x_wconf 83' lang='lat' dir='ltr'><strong>misse</strong></span> <span class='ocrx_word' id='word_1_818' title='bbox 2255 4699 2530 4749; x_wconf 82' lang='lat' dir='ltr'><strong>habiturum</strong></span> <span class='ocrx_word' id='word_1_819' title='bbox 2558 4716 2573 4748; x_wconf 71' lang='grc' dir='ltr'><strong>ε</strong></span> <span class='ocrx_word' id='word_1_820' title='bbox 2606 4698 2898 4763; x_wconf 87' lang='lat' dir='ltr'><strong>reliquorum</strong></span> <span class='ocrx_word' id='word_1_821' title='bbox 2929 4712 3126 4766; x_wconf 87' lang='lat' dir='ltr'><strong>quoque</strong></span> <span class='ocrx_word' id='word_1_822' title='bbox 3144 4703 3364 4756; x_wconf 88' lang='lat' dir='ltr'><strong>demota·</strong></span> 
     </span>
     <span class='ocr_line' id='line_1_102' title="bbox 1815 4781 3362 4846; baseline 0.004 -10"><span class='ocrx_word' id='word_1_823' title='bbox 1815 4800 1926 4836; x_wconf 91' lang='lat' dir='ltr'><strong>rum</strong></span> <span class='ocrx_word' id='word_1_824' title='bbox 1959 4798 2134 4835; x_wconf 77' lang='lat' dir='ltr'><strong>uxores</strong></span> <span class='ocrx_word' id='word_1_825' title='bbox 2164 4797 2269 4833; x_wconf 83' lang='lat' dir='ltr'><strong>eam</strong></span> <span class='ocrx_word' id='word_1_826' title='bbox 2295 4796 2541 4845; x_wconf 88' lang='lat' dir='ltr'><strong>nunquam</strong></span> <span class='ocrx_word' id='word_1_827' title='bbox 2575 4781 2854 4846; x_wconf 81' lang='lat' dir='ltr'><strong>delegissent</strong></span> <span class='ocrx_word' id='word_1_828' title='bbox 2880 4783 2942 4833; x_wconf 87' lang='lat' dir='ltr'><strong>ad</strong></span> <span class='ocrx_word' id='word_1_829' title='bbox 2975 4798 3112 4835; x_wconf 88' lang='lat' dir='ltr'><strong>sacra</strong></span> <span class='ocrx_word' id='word_1_830' title='bbox 3133 4800 3228 4837; x_wconf 89' lang='lat' dir='ltr'><strong>una</strong></span> <span class='ocrx_word' id='word_1_831' title='bbox 3251 4802 3362 4842; x_wconf 86' lang='lat' dir='ltr'><strong>cum</strong></span> 
     </span>
     <span class='ocr_line' id='line_1_103' title="bbox 1814 4866 3363 4929; baseline 0.001 -9"><span class='ocrx_word' id='word_1_832' title='bbox 1814 4870 1991 4921; x_wconf 89' lang='lat' dir='ltr'><strong>Dioclis</strong></span> <span class='ocrx_word' id='word_1_833' title='bbox 2015 4881 2162 4918; x_wconf 84' lang='lat' dir='ltr'><strong>uxore</strong></span> <span class='ocrx_word' id='word_1_834' title='bbox 2189 4866 2455 4917; x_wconf 80' lang='lat' dir='ltr'><strong>faciendum</strong></span> <span class='ocrx_word' id='word_1_835' title='bbox 2487 4878 2646 4929; x_wconf 72' lang='lat' dir='ltr'><strong>neqoe</strong></span> <span class='ocrx_word' id='word_1_836' title='bbox 2673 4866 2766 4916; x_wconf 84' lang='lat' dir='ltr'><strong>boc</strong></span> <span class='ocrx_word' id='word_1_837' title='bbox 2794 4866 2921 4916; x_wconf 86' lang='lat' dir='ltr'><strong>illius</strong></span> <span class='ocrx_word' id='word_1_838' title='bbox 2951 4868 3064 4919; x_wconf 84' lang='lat' dir='ltr'><strong>fidei</strong></span> <span class='ocrx_word' id='word_1_839' title='bbox 3102 4873 3363 4923; x_wconf 83' lang='lat' dir='ltr'><strong>commisis-</strong></span> 
     </span>
     <span class='ocr_line' id='line_1_104' title="bbox 1813 4950 3364 5015; baseline -0.001 -10"><span class='ocrx_word' id='word_1_840' title='bbox 1813 4957 1946 5015; x_wconf 88' lang='lat' dir='ltr'><strong>sent,</strong></span> <span class='ocrx_word' id='word_1_841' title='bbox 1969 4952 2050 5003; x_wconf 87' lang='lat' dir='ltr'><strong>sed</strong></span> <span class='ocrx_word' id='word_1_842' title='bbox 2077 4951 2156 5002; x_wconf 88' lang='lat' dir='ltr'><strong>alii</strong></span> <span class='ocrx_word' id='word_1_843' title='bbox 2181 4951 2450 5013; x_wconf 88' lang='lat' dir='ltr'><strong>cuicunque</strong></span> <span class='ocrx_word' id='word_1_844' title='bbox 2475 4952 2708 5000; x_wconf 63' lang='lat' dir='ltr'><strong>matronae</strong></span> <span class='ocrx_word' id='word_1_845' title='bbox 2741 4950 3058 5013; x_wconf 84' lang='lat' dir='ltr'><strong>permisissent</strong></span> <span class='ocrx_word' id='word_1_846' title='bbox 3082 4971 3095 5001; x_wconf 73' lang='grc' dir='ltr'><strong>ε</strong></span> <span class='ocrx_word' id='word_1_847' title='bbox 3118 4953 3364 5014; x_wconf 85' lang='lat' dir='ltr'><strong>phratores</strong></span> 
     </span>
     <span class='ocr_line' id='line_1_105' title="bbox 1813 5037 3361 5103; baseline -0.001 -11"><span class='ocrx_word' id='word_1_848' title='bbox 1813 5042 1928 5093; x_wconf 88' lang='lat' dir='ltr'><strong>item</strong></span> <span class='ocrx_word' id='word_1_849' title='bbox 1941 5056 2030 5091; x_wconf 89' lang='lat' dir='ltr'><strong>nos</strong></span> <span class='ocrx_word' id='word_1_850' title='bbox 2037 5056 2134 5091; x_wconf 88' lang='lat' dir='ltr'><strong>non</strong></span> <span class='ocrx_word' id='word_1_851' title='bbox 2143 5040 2443 5103; x_wconf 85' lang='lat' dir='ltr'><strong>recepissent,</strong></span> <span class='ocrx_word' id='word_1_852' title='bbox 2458 5038 2540 5088; x_wconf 86' lang='lat' dir='ltr'><strong>sed</strong></span> <span class='ocrx_word' id='word_1_853' title='bbox 2551 5038 2851 5087; x_wconf 86' lang='lat' dir='ltr'><strong>accusassent</strong></span> <span class='ocrx_word' id='word_1_854' title='bbox 2860 5037 3018 5100; x_wconf 87' lang='lat' dir='ltr'><strong>potius</strong></span> <span class='ocrx_word' id='word_1_855' title='bbox 3035 5040 3178 5101; x_wconf 86' lang='lat' dir='ltr'><strong>atque</strong></span> <span class='ocrx_word' id='word_1_856' title='bbox 3192 5040 3361 5091; x_wconf 86' lang='lat' dir='ltr'><strong>vitium</strong></span> 
     </span>
     <span class='ocr_line' id='line_1_106' title="bbox 1812 5120 3358 5187; baseline -0.003 -10"><span class='ocrx_word' id='word_1_857' title='bbox 1812 5127 2044 5177; x_wconf 82' lang='lat' dir='ltr'><strong>natalium</strong></span> <span class='ocrx_word' id='word_1_858' title='bbox 2076 5126 2127 5175; x_wconf 92' lang='lat' dir='ltr'><strong>in</strong></span> <span class='ocrx_word' id='word_1_859' title='bbox 2167 5126 2384 5187; x_wconf 82' lang='lat' dir='ltr'><strong>apertum</strong></span> <span class='ocrx_word' id='word_1_860' title='bbox 2421 5121 2755 5185; x_wconf 82' lang='lat' dir='ltr'><strong>protulissent,</strong></span> <span class='ocrx_word' id='word_1_861' title='bbox 2787 5120 2877 5170; x_wconf 91' lang='lat' dir='ltr'><strong>nisi</strong></span> <span class='ocrx_word' id='word_1_862' title='bbox 2909 5122 3112 5171; x_wconf 88' lang='lat' dir='ltr'><strong>matrem</strong></span> <span class='ocrx_word' id='word_1_863' title='bbox 3147 5125 3358 5173; x_wconf 84' lang='lat' dir='ltr'><strong>nostram</strong></span> 
     </span>
     <span class='ocr_line' id='line_1_107' title="bbox 1812 5204 3353 5275; baseline -0.003 -14"><span class='ocrx_word' id='word_1_864' title='bbox 1812 5210 2067 5275; x_wconf 78' lang='lat' dir='ltr'><strong>genuinam</strong></span> <span class='ocrx_word' id='word_1_865' title='bbox 2091 5208 2278 5260; x_wconf 81' lang='lat' dir='ltr'><strong>circuis</strong></span> <span class='ocrx_word' id='word_1_866' title='bbox 2295 5212 2396 5258; x_wconf 80' lang='lat' dir='ltr'><strong>esse</strong></span> <span class='ocrx_word' id='word_1_867' title='bbox 2421 5204 2568 5256; x_wconf 82' lang='lat' dir='ltr'><strong>filiam</strong></span> <span class='ocrx_word' id='word_1_868' title='bbox 2595 5204 2722 5269; x_wconf 83' lang='lat' dir='ltr'><strong>apud</strong></span> <span class='ocrx_word' id='word_1_869' title='bbox 2744 5216 2910 5254; x_wconf 65' lang='lat' dir='ltr'><strong>omnes</strong></span> <span class='ocrx_word' id='word_1_870' title='bbox 2935 5204 2983 5253; x_wconf 92' lang='lat' dir='ltr'><strong>in</strong></span> <span class='ocrx_word' id='word_1_871' title='bbox 3003 5205 3216 5255; x_wconf 65' lang='lat' dir='ltr'><strong>confosso</strong></span> <span class='ocrx_word' id='word_1_872' title='bbox 3240 5207 3353 5257; x_wconf 79' lang='lat' dir='ltr'><strong>fuis-</strong></span> 
     </span>
     <span class='ocr_line' id='line_1_108' title="bbox 1812 5288 3357 5349; baseline -0.003 -3"><span class='ocrx_word' id='word_1_873' title='bbox 1812 5296 1900 5346; x_wconf 87' lang='lat' dir='ltr'><strong>set.</strong></span> <span class='ocrx_word' id='word_1_874' title='bbox 1966 5295 2074 5344; x_wconf 79' lang='lat' dir='ltr'><strong>Jam</strong></span> <span class='ocrx_word' id='word_1_875' title='bbox 2095 5306 2214 5344; x_wconf 84' lang='lat' dir='ltr'><strong>vero</strong></span> <span class='ocrx_word' id='word_1_876' title='bbox 2229 5290 2348 5343; x_wconf 86' lang='lat' dir='ltr'><strong>nibil</strong></span> <span class='ocrx_word' id='word_1_877' title='bbox 2377 5290 2554 5341; x_wconf 87' lang='lat' dir='ltr'><strong>borum</strong></span> <span class='ocrx_word' id='word_1_878' title='bbox 2586 5290 2635 5340; x_wconf 91' lang='lat' dir='ltr'><strong>in</strong></span> <span class='ocrx_word' id='word_1_879' title='bbox 2662 5288 3036 5339; x_wconf 77' lang='lat' dir='ltr'><strong>controversiam</strong></span> <span class='ocrx_word' id='word_1_880' title='bbox 3057 5288 3212 5349; x_wconf 80' lang='lat' dir='ltr'><strong>venit,</strong></span> <span class='ocrx_word' id='word_1_881' title='bbox 3233 5294 3286 5339; x_wconf 87' lang='lat' dir='ltr'><strong>ut</strong></span> <span class='ocrx_word' id='word_1_882' title='bbox 3311 5292 3357 5342; x_wconf 86' lang='lat' dir='ltr'><strong>in</strong></span> 
     </span>
    </p>
   </div>
  </div>
 </body>
</html>
