3825 5842
174 475 361 556 [an-92)
1240 479 1485 542 LYs1AE
1527 478 1817 542 οιυιτιο
1856 475 2246 539 messis.
3220 483 3326 542 101

167 617 252 676 τοῖς
277 608 580 692 ὑπάρχωσιν
610 613 849 689 ἀγαθοῖς,
874 612 993 672 ἀλλ’
1018 610 1235 682 ἐλπίζων
1256 610 1351 672 καὶ
1371 609 1469 683 τὴν
1494 610 1685 694 Εὐρώ-

166 722 251 771 πην
276 697 650 774 δουλώσασθαι,
673 698 871 760 ἔστειλε
894 699 1219 774 πεντήκοντα
1244 700 1498 781 μυριάδας
1526 723 1687 782 στρα-

162 786 273 848 τιάν.
292 787 637 866 Ἡγησάμενοι
656 788 785 864 δέ,εἰ
798 787 950 862 τήνδε
966 787 1059 861 τὴν
1078 788 1226 848 πόλιν
1240 788 1275 862 ἢ
1291 793 1509 849 ἑκοῦσαν
1532 788 1687 870 φίλην

164 867 435 940 ποιήσαιντο
480 866 515 941 ἢ
562 867 791 928 ἄκουσαν
843 869 1318 952 καταστρέψαιντο,
1356 867 1545 951 ῥᾳδίως
1582 871 1686 927 τῶν

162 957 310 1016 ἄλλων
336 956 599 1029 Ἑλλήνων
626 957 821 1041 ἄρξειν,
852 956 1123 1030 ἀπέὸησαν
1148 959 1219 1026 ε’ἲς
1238 959 1576 1040 Μαραθῶνα,
1601 981 1684 1017 νο·

104 1067 145 1108 an
164 1045 379 1120 μίσαντες
402 1045 563 1114 οὕτως
602 1043 665 1104 ἂν
702 1044 1053 1126 ἐρημοτάτους
1080 1035 1212 1104 εἶναι
1241 1045 1429 1124 συμμά
1468 1068 1541 1103 ων
1568 1043 1687 1112 τοὺς

158 1131 419 1208 Ummium,
444 1137 489 1193 εἷ
512 1135 591 1193 ἔτι
616 1132 997 1208 στασιαζούσης
1020 1139 1112 1206 τῆς
1130 1133 1389 1202 Ἑλλάδος
1411 1068 1556 1214 {tivi
1580 1133 1685 1216 χρὴ

158 1221 311 1305 τρόπῳ
345 1221 459 1290 τοὺς
499 1223 739 1292 ἐπιόντας
784 1221 1113 1300 ἀμύνασθαι,
1136 1223 1224 1282 τὸν
1253 1221 1483 1283 κίνδυνον
1525 1221 1685 1296 ποιή-

160 1333 334 1371 σαιντο.
351 1309 443 1391 (22)
466 1308 591 1370 Ἔτι
618 1310 663 1368 δ’
692 1311 862 1378 αὐτοῖς
889 1313 949 1370 ἐκ
968 1313 1071 1370 τῶν
1094 1310 1359 1392 προτέρων
1376 1309 1541 1390 ἔργων
1564 1311 1686 1392 περὶ

159 1403 233 1468 τῆς
246 1399 429 1464 πόλεως
446 1396 665 1472 τοιαύτη
688 1396 809 1468 δόξα
834 1397 1193 1478 παρειστήκει,
1216 1401 1286 1466 ὣς
1308 1400 1353 1457 εἶ
1378 1397 1473 1476 μὲν
1498 1397 1684 1479 πρότε·

160 1507 231 1566 ρον
244 1487 323 1544 ἐπ’
346 1487 507 1559 ἄλλην
525 1485 681 1547 πόλιν
693 1485 857 1564 ἴασιν,
878 1485 1087 1556 ἐκείνοις
1107 1486 1198 1546 καὶ
1216 1486 1504 1562 Ἀθηναίοις
1530 1489 1687 1548 πολε-

158 1574 377 1652 μήσουσι·
400 1571 683 1654 προθύμως
707 1573 810 1656 γὰρ
834 1579 939 1642 τοῖς
967 1575 1318 1656 ἀδικουμένοις
1345 1575 1526 1648 ἥξουσι
1552 1580 1685 1656 βοη-

102 1691 141 1729 25
162 1663 385 1734 θήσοντες·
404 1665 447 1722 εἰ
470 1663 519 1720 δ’
548 1663 727 1722 ἐνθάδε
749 1667 951 1746 πρῶτον
971 1663 1255 1746 ἀφίξονται,
1274 1663 1484 1733 οὐδένας
1500 1663 1687 1734 ἄλλους

158 1755 243 1810 τῶν
278 1750 547 1824 Ἑλλήνων
590 1749 871 1830 τολμήσειν
919 1750 1123 1834 ἑτέρους
1164 1751 1422 1821 σώζοντας
1460 1751 1685 1835 φανερὰν

156 1838 317 1920 ἔχθραν
342 1840 464 1923 πρὸς
490 1838 719 1908 ἐκείνους
745 1839 877 1920 ὑπὲρ
901 1842 1073 1900 αὐτῶν
1101 1841 1442 1903 καταθέσθαι.
1491 1843 1583 1920 (23)
1615 1845 1685 1903 oi

160 1925 241 2004 μὲν
258 1929 407 1988 τοίνυν
430 1935 655 1988 τοιαῦτα
678 1931 989 1989 διενοοῦντο·
1020 1933 1067 1990 οἱ
1097 1930 1141 1989 δ’
1168 1929 1413 2011 ἡμέτεροι
1444 1928 1687 2012 πρόγονοι

156 2019 209 2076 οὗ
226 2020 435 2099 λογισμῷ
456 2017 638 2084 δόντες
662 2015 782 2084 τοὺς
800 2020 855 2077 ἐν
878 2021 955 2099 eis)
981 2017 1199 2099 πολέμῳ
1230 2017 1519 2091 κινδύνους,
1551 2019 1689 2077 ἀλλὰ

156 2106 409 2182 νομίζοντες
436 2105 527 2164 τὸν
552 2107 743 2165 εὐκλεᾶ
769 2105 987 2167 θάνατον
1012 2105 1269 2166 ἀθάνατον
1290 2104 1411 2188 περὶ
1432 2109 1535 2166 τῶν
1560 2109 1687 2188 ἀγα·

155 2197 239 2252 θῶν
254 2193 580 2270 καταλείπειν
606 2193 781 2275 λόγον,
803 2197 897 2256 οὐκ
930 2195 1263 2278 ἕφοὸήθησαν
1288 2194 1347 2254 τὸ
1372 2197 1568 2268 πλῆθος
1585 2199 1688 2254 τῶν

157 2283 387 2364 ἐναντίων,
409 2283 625 2362 ἀλλὰτῇ
648 2285 818 2343 αὑτῶν
840 2286 1001 2366 ἀρετῇ
1018 2285 1217 2362 μᾶλλον
1229 2281 1557 2342 ἐπίστευσαν.
1578 2281 1686 2344 Καὶ

156 2371 483 2452 αἰσχυνόμενοι
502 2370 595 2430 ὅτι
620 2362 755 2443 ἦσαν
777 2373 825 2431 οἱ
857 2370 1112 2452 βάρὸαροι
1136 2373 1310 2430 αὐτῶν
1334 2373 1389 2430 ἐν
1411 2373 1478 2452 τῇ
1506 2368 1689 2454 χώρᾳ,

96 2483 135 2522 ιο
156 2460 231 2518 οὐκ
252 2458 509 2539 ἀνέμειναν
524 2457 790 2518 πυθέσθαι
811 2459 925 2518 οὐδὲ
946 2463 1204 2540 βοηθῆσαι
1222 2459 1340 2527 τοὺς
1358 2460 1687 2539 συμμάχους,

154 2549 241 2606 οὐδ’
260 2548 493 2629 ᾠήθησαν
522 2551 639 2608 δεῖν
666 2546 859 2629 ἑτέροις
883 2551 976 2620 effic
1002 2547 1263 2630 σωτηρίας
1284 2545 1442 2630 χάριν
1469 2545 1688 2628 εἰδέναι,

154 2635 267 2694 ἀλλὰ
290 2637 451 2720 σφίσιν
473 2639 660 2704 αὐτοῖς
678 2633 799 2703 τοὺς
824 2635 1015 2704 ἄλλους
1028 2633 1315 2708 Ἕλληνας.
1388 2637 1481 2715 (24)
1502 2637 1689 2696 Ταῦτα

155 2734 233 2805 μιᾷ
252 2725 421 2807 γνώμῃ
450 2725 655 2794 πάντες
680 2725 885 2805 γνόντες
918 2723 1163 2797 ἀπήντων
1194 2723 1361 2805 ὀλίγοι
1391 2723 1521 2806 πρὸς
1552 2726 1689 2784 πολ-

150 2812 261 2880 λούς·
285 2814 507 2892 ἐνόμιζον
526 2813 643 2894 γὰρ
676 2816 953 2874 ἀποθανεῖν
984 2811 1080 2891 μὲν
1107 2813 1279 2880 αὐτοῖς
1317 2810 1452 2891 μετὰ
1477 2811 1690 2872 πάντων

155 2905 415 2980 προσήκειν,
448 2901 685 2984 ἀγαθοὺς
710 2905 758 2962 δ’
798 2892 930 2962 εἶναι
958 2904 1073 2980 μετ’
1108 2899 1317 2982 ὀλίγων,
1343 2901 1435 2961 καὶ
1461 2900 1557 2968 τὰς
1594 2900 1689 2978 μὲν

87 2990 299 3070 193ψυχᾶς
320 2991 591 3073 ἀλλοτρίας
612 2989 817 3050 διὰ“τὸν
846 2989 1065 3049 θάνατον
1094 2993 1405 3063 κεκτῆσθαι,
1429 2989 1526 3060 τὴν
1557 2991 1603 3048 δ’
1630 2992 1689 3050 ἐκ

156 3083 239 3136 τῶν
269 3081 502 3140 κινδύνων
531 3079 755 3160 μνήμην
776 3079 914 3139 ἰδίαν
943 3077 1295 3159 καταλείψειν.
1378 3077 1588 3148 Ἦξίουν
1618 3079 1687 3160 δ’,

158 3167 225 3236 οὓς
248 3169 313 3247 μὴ
338 3171 481 3244 μόνοι
516 3173 733 3252 νικῷεν,
768 3170 875 3228 οὐδ’
906 3167 969 3228 ἂν
1013 3167 1149 3246 μετὰ
1187 3165 1486 3246 συμμάχων
1527 3165 1689 3226 δύνα-

156 3263 275 3315 σθαι·
298 3259 383 3318 καὶ
402 3258 718 3332 ἡττηθέντες
746 3255 841 3334 μὲν
861 3257 1023 3337 ὀλίγῳ
1046 3259 1149 3315 τῶν
1180 3254 1353 3313 ἄλλων
1373 3255 1689 3336 προαπολεῖ-

156 3351 281 3424 σθαι,
300 3348 599 3421 νικήσαντες
620 3343 795 3406 δὲκαὶ
822 3343 939 3412 τοὺς
967 3345 1154 3411 ἄλλους
1182 3341 1561 3424 ἐλευθερώσειν.
1591 3343 1684 3422 (25)

156 3431 327 3516 Ἄνδρες
342 3440 386 3496 δ’
432 3435 622 3516 ἀγαθοὶ
672 3433 937 3514 γενόμενοι
951 3479 967 3512 ,
1008 3432 1099 3492 καὶ
1146 3434 1249 3491 τῶν
1290 3431 1386 3509 μὲν
1426 3431 1688 3511 σωμάτων

99 3541 117 3577 ι
156 3523 509 3602 ἀφειδήσαντες,
537 3519 681 3604 ὑπὲρ
704 3520 762 3582 δὲ
788 3525 881 3594 effi<
904 3525 1091 3603 ἀρετ-ῆς
1116 3523 1177 3579 οὐ
1200 3518 1685 3602 φιλοψυχήσαντες,

156 3613 233 3670 καὶ
254 3614 431 3688 μᾶλλον
444 3612 567 3680 τοὺς
585 3632 671 3671 πα
680 3613 724 3694 ρ’
750 3610 922 3678 αὑτοῖς
938 3607 1127 3687 νόμους
1152 3607 1518 3688 αἰσχυνόμενοι
1546 3606 1688 3680 ἣτὸν

158 3699 263 3778 πρὸς
286 3701 392 3770 τοὺς
413 3700 706 3779 πολεμίους
723 3697 956 3759 κίνδυνον
975 3695 1316 3779 φοὸούμενοι,
1336 3695 1565 3767 ἔστησαν
1594 3694 1687 3774 μὲν

155 3789 345 3866 τρόπαια
360 3789 489 3870 ὑπὲρ
508 3793 607 3861 τῆς
634 3785 895 3855 Ἑλλάδος
908 3790 1011 3846 τῶν
1037 3784 1317 3867 βαρὸάρων
1340 3786 1393 3844 ἐν
1412 3787 1477 3865 τῇ
1498 3788 1688 3859 αὑτῶν,

156 3874 259 3958 ὑπὲρ
282 3877 561 3958 χρημάτων
600 3879 681 3944 εἷς
712 3875 809 3947 τὴν
849 3873 1128 3955 ἀλλοτρίαν
1155 3871 1511 3951 ἐμὸαλόντων,
1542 3870 1689 3955 παρὰ

154 3963 247 4032 τοὺς
265 3965 401 4048 ὅρους
417 3971 514 4040 effi<
532 3965 749 4048 χώρας,
776 3965 865 4043 (aa)
896 3961 1031 4023 οὕτω
1049 3961 1104 4022 δὲ
1130 3960 1215 4020 διὰ
1236 3959 1443 4040 ταχέων
1466 3958 1553 4020 τὸν
1582 3959 1688 4021 κίν-

156 4053 274 4112 δυνον
288 4055 627 4130 ἐποιήσαντο,
648 4051 785 4113 ὥστε
808 4055 857 4112 οἱ
873 4051 1020 4112 αὐτοὶ
1045 4058 1150 4118 τοῖς
1165 4049 1341 4117 ἄλλοις
1363 4048 1688 4129 ἀπήγγειλαν

154 4139 230 4212 τήν
252 4147 297 4201 τ’
320 4143 495 4204 ἐνθάδε
537 4139 719 4222 ἄφιξιν
750 4144 853 4200 τῶν
877 4137 1158 4222 βαρὸάρων
1186 4137 1278 4197 καὶ
1305 4136 1399 4210 τὴν
1426 4139 1530 4196 τῶν
1558 4159 1685 4217 προ·

156 4229 289 4304 γόνων
304 4231 468 4306 νίκην.
496 4232 612 4294 Καὶ
636 4229 741 4309 γάρ
756 4251 834 4288 τοι
852 4227 1016 4295 οὐδεὶς
1030 4230 1132 4285 τῶν
1159 4225 1330 4285 ἄλλων
1348 4224 1542 4284 ἔδεισεν
1558 4223 1689 4304 ὑπὲρ

106 4331 139 4372 ¹⁰
158 4321 225 4375 ῖῠῧ
247 4319 509 4396 μέλλοντος
536 4318 809 4392 κινδύνου,
842 4316 959 4377 ἀλλ’
983 4314 1297 4382 ἀκούσαντες
1320 4313 1451 4394 ὑπὲρ
1478 4317 1573 4386 τῆς
1604 4317 1689 4372 αὖ·

157 4407 237 4462 τῶν
250 4410 527 4492 ἐλευθερίας
544 4409 811 4481 ἥσθησαν.
830 4405 1005 4466 Ὥστε
1024 4403 1169 4464 οὐδὲν
1181 4401 1503 4482 θαυμαστόν,
1520 4401 1691 4461 πάλαι

160 4494 239 4550 τῶν
259 4495 411 4575 ἔργων
442 4494 832 4576 γεγενημένων,
862 4491 1041 4572 ὥσπερ
1076 4493 1271 4551 καινῶν
1297 4489 1457 4549 ὄντων
1488 4487 1565 4548 ἔτι
1597 4489 1690 4549 καὶ

162 4586 231 4637 ’ὧν
256 4583 339 4654 τὴν
375 4585 567 4666 ἀρετὴν
597 4586 769 4642 αὐτῶν
804 4581 905 4642 ὑπὸ
928 4579 1138 4640 πάντων
1177 4577 1463 4660 ἀνθρώπων
1497 4579 1689 4651 ζηλοῦ-

164 4672 275 4730 σθαι.

226 4778 285 4818 27.
322 4761 469 4821 Μετὰ
499 4759 556 4820 δὲ
594 4764 765 4820 ταῦτα
790 4757 991 4838 Ξέρξης
1032 4759 1061 4815 ὁ
1088 4761 1179 4829 τῆς
1211 4752 1381 4821 Ἀσίας
1419 4751 1689 4836 βασιλεύς,

168 4849 519 4928 καταφρονήσας
557 4847 659 4926 μὲν
696 4851 789 4919 τῆς
828 4845 1116 4919 Ἑλλάδος,
1158 4839 1470 4924 ἐψευσμένος
1505 4838 1561 4899 δὲ
1601 4844 1689 4912 τῆς

171 4929 359 5008 ἐλπίδος,
392 4937 775 5016 ἀτιμαζόμενος
808 4931 863 4993 δὲ
890 4936 964 5014 τῷ
1002 4929 1359 5012 γεγενημένῳ,
1403 4926 1691 5008 ἀχθόμενος

122 5015 215 5071 13ῑὲ
239 5023 293 5096 τῇ
317 5033 578 5106 συμφορᾷ,
628 5022 953 5104 ὀργιζόμενος
999 5017 1055 5078 δὲ
1095 5021 1203 5085 τοῖς
1239 5014 1453 5089 αἰτίοις,
1485 5011 1691 5085 ἀπαθὴς

182 5103 213 5158 δ’
233 5103 289 5164 ὃν
308 5117 471 5171 κακῶν
498 5112 595 5172 καὶ
622 5110 833 5192 ἄπειρος
873 5110 1069 5190 ἀνδρῶν
1100 5109 1336 5186 ἀγαθῶν,
1363 5102 1565 5184 δεκάτῳ
1588 5099 1693 5162 ἔτει

190 5199 674 5278 Ἱαι(διετιευσισάμενος
698 5197 893 5278 χιλίαις
932 5193 1029 5276 μὲν
1064 5195 1157 5254 καὶ
1198 5191 1483 5258 διακοσίαις
1510 5189 1707 5250 ναυσὶν.

192 5275 371 5363 ἀφίκετο,
390 5293 479 5362 τῆς
498 5289 557 5348 δὲ
584 5291 747 5362 πεζῆς
769 5295 1012 5369 στρατιᾶς
1044 5283 1209 5354 οὕτως
1232 5282 1443 5360 ἄπειρον
1470 5279 1527 5339 τὸ
1550 5282 1689 5350 πλῆ-

1774 611 1915 661 bonis
1943 621 2041 660 non
2065 607 2322 660 contentus
2345 609 2396 658 et
2429 613 2674 673 Europam
2704 623 2899 674 quoque
2938 623 2992 662 se
3021 611 3336 662 adiecturum

1776 711 1999 762 sperans,
2039 697 2170 748 misit
2213 696 2471 760 quingenta
2507 697 2659 748 millia
2687 697 2991 749 bellatorum.
3054 697 3151 758 Qui
3179 711 3334 764 quum

1776 787 2121 837 arbitrarentur
2150 785 2384 850 reliquam
2405 787 2644 838 Graeciam
2665 801 2720 838 se
2748 787 2886 839 facile
2914 787 3260 852 debebimus,
3295 788 3338 839 si

1776 875 1902 924 hanc
1919 875 2164 926 civitatem
2183 875 2269 925 aut
2285 874 2530 928 volentem
2545 875 2637 927 sibi
2653 876 2866 929 amicitia
2882 877 3197 942 adjungerent
3210 913 3228 938 ,
3249 878 3338 928 aut

1778 965 2120 1027 repugnantem
2159 964 2459 1027 everterent,
2493 963 2841 1017 descenderunt
2875 964 2941 1016 ad
2976 965 3337 1028 Marathonem,

1774 1053 2083 1104 autumantes
2102 1052 2210 1103 tum
2249 1051 2466 1104 maxime
2485 1053 2705 1104 futurum
2725 1055 2781 1104 ut
2819 1054 3010 1104 nostros
3026 1067 3057 1104 a
3079 1054 3220 1104 sociis
3257 1054 3342 1106 de-

1774 1141 1970 1193 stitutos
1982 1143 2336 1206 opprimerent,
2359 1153 2514 1206 quum
2529 1141 2788 1192 dissidente
2803 1141 2965 1192 adhuc
2981 1141 3168 1194 Graecia
3187 1145 3240 1194 et
3255 1142 3341 1194 du·

1774 1231 1962 1282 hitante
1990 1230 2234 1296 quomodo
2255 1230 2382 1284 hosti
2409 1229 2655 1282 invadenti
2679 1229 3005 1282 resistundum
3035 1232 3187 1294 esset,
3227 1231 3340 1283 belli

1775 1319 1934 1370 aleam
1959 1320 2307 1384 experirentur.
2375 1320 2475 1383 (22)
2500 1317 2686 1372 Deinde
2724 1320 3079 1385 praeteritorum
3096 1321 3340 1383 gestorum

1775 1407 1936 1458 edocti
1967 1409 2186 1472 exemplo
2199 1444 2214 1471 ,
2243 1408 2370 1459 banc
2398 1408 2460 1458 de
2477 1409 2640 1458 nostra
2661 1408 2857 1459 civitate
2878 1409 3150 1472 opinionem
3167 1407 3342 1459 babue-

1774 1497 1907 1556 runt,
1925 1497 2026 1547 sore
2037 1498 2111 1561 ut,
2125 1496 2166 1546 si
2182 1495 2301 1548 alios
2311 1499 2506 1548 Graecos
2521 1497 2732 1560 primum
2742 1496 3042 1560 invaderent,
3051 1497 3142 1547 sibi
3159 1499 3340 1550 etcum

1774 1584 1869 1635 illis
1904 1586 1956 1635 et
1983 1597 2098 1636 cnm
2129 1585 2495 1636 Atheniensibus
2529 1587 2654 1636 &et
2685 1585 3064 1648 decertandum
3107 1587 3340 1651 qnoniam

1776 1673 2085 1725 Athenienses
2105 1675 2326 1739 prompte
2347 1675 2448 1724 vim
2474 1675 2622 1738 passis
2645 1673 2930 1726 subventuri
2951 1675 3140 1726 esent:
3161 1675 3340 1726 sinan-

1774 1764 1873 1813 tem
1900 1763 2000 1814 huc
2031 1763 2241 1828 primum
2270 1765 2596 1827 incurrerent,
2619 1763 2780 1815 nullos
2805 1765 3086 1814 Gmcorum
3109 1777 3336 1826 ausuros,

1775 1851 1894 1903 alios
1910 1851 2133 1902 servandi
2159 1852 2346 1914 studio,
2367 1853 2644 1905 manifestos
2668 1857 2922 1904 Persarum
2943 1852 3104 1903 hostes
3131 1865 3185 1902 se
3201 1851 3341 1916 profl-

1774 1939 1883 1990 teri.
1949 1941 2050 2005 (23)
2081 1944 2240 2005 Atque
2255 1941 2324 1992 illi
2341 1941 2538 2005 quidem
2557 1942 2672 1992 talia
2693 1941 2982 2006 cogitabant.
3043 1941 3203 1991 Nostri
3224 1953 3340 1990 vero

1774 2031 2008 2092 majores,
2049 2042 2148 2080 non
2195 2029 2506 2080 consideratis
2545 2031 2658 2080 belli
2703 2030 2952 2094 periculis,
2997 2027 3083 2080 sed
3121 2027 3338 2078 arbitrati

1776 2120 1984 2169 mortem
2003 2119 2257 2182 gloriosam
2271 2119 2594 2170 immortalem
2612 2119 2826 2168 virorum
2843 2117 3040 2168 fortium
3057 2117 3338 2167 memoriam

1778 2205 2072 2270 relinquere,
2097 2206 2308 2257 hostium
2331 2207 2694 2258 multitudinem
2711 2220 2808 2257 non
2828 2205 3232 2267 tomiidaverunt‚
3255 2202 3342 2254 sed

1776 2305 1877 2343 suae
1902 2295 2115 2357 ipsorum
2142 2295 2312 2345 virtuti
2329 2293 2482 2357 magis
2502 2293 2824 2344 confidebant.
2889 2295 3046 2358 Atque
3063 2305 3238 2356 magno
3253 2305 3339 2356 pu·

1776 2381 1893 2433 dore
1923 2383 2094 2433 suffusi
2118 2381 2252 2447 quod
2273 2383 2506 2434 barbaros
2527 2381 2747 2432 viderent
2781 2382 2832 2431 in
2867 2393 2956 2431 sua
2985 2381 3178 2443 regione
3192 2418 3208 2442 ,
3241 2392 3340 2432 mn

1776 2472 2178 2533 exspectaverunt
2197 2468 2353 2521 donec
2377 2470 2482 2535 eius
2502 2471 2574 2521 rei
2601 2471 2730 2521 fama
2751 2469 2810 2520 sd
2839 2469 3338 2532 sucidam-manaret,

1778 2559 1827 2609 et
1844 2559 1895 2608 hi
1910 2559 1974 2608 ad
1986 2558 2322 2609 auxiliandum
2337 2560 2643 2609 acmrrerent
2654 2575 2670 2620 ;
2683 2571 2842 2622 neque
2859 2559 3158 2622 putaverunt
3169 2554 3340 2607 decere

1777 2647 1836 2696 ιιι
1858 2647 1950 2710 ipsi
1974 2659 2113 2698 suam
2139 2647 2346 2698 mutem
2364 2645 2721 2697 aliisi-efferrent
2748 2645 3026 2707 acceptam,
3045 2640 3130 2693 sed
3165 2641 3221 2692 ut
3249 2639 3341 2691 sibi

1778 2735 1940 2798 potius
1957 2736 2106 2786 ceteri
2125 2735 2300 2787 Graeci.
2330 2735 2568 2798 (24)}1aec
2583 2746 2752 2785 omnes
2775 2745 2874 2782 uno
2899 2736 3062 2782 animo
3085 2730 3344 2781 sentiente

1778 2826 2042 2874 occurrunt
2058 2825 2198 2888 pauci
2221 2824 2387 2874 multis
2403 2859 2418 2885 ,
2451 2823 2584 2887 quod
2623 2821 2954 2873 existimarent
2984 2819 3110 2871 mori
3144 2819 3340 2883 quidem

1777 2912 1867 2962 sibi
1890 2925 1994 2962 esse
2017 2925 2276 2963 commune
2299 2925 2412 2962 cum
2430 2911 2657 2961 omnibus
2671 2948 2687 2973 ,
2711 2909 2894 2960 virtute
2923 2909 3088 2958 autem
3113 2907 3340 2971 proestare

1780 3012 1893 3050 cum
1916 2998 2082 3060 paucis
2097 2997 2435 3048 tantummodo
2447 3015 2462 3058 ;
2483 3001 2534 3049 et
2551 2999 2608 3048 ut
2634 2997 2734 3048 vita
2765 2997 2884 3058 sibl,
2903 2996 2968 3046 ob
2997 2993 3234 3046 moriendi
3254 3007 3342 3044 ne-

1778 3084 2056 3134 cessitatem
2075 3083 2300 3134 omnibus
2317 3083 2618 3146 impositam,
2643 3082 2780 3147 quasi
2801 3081 2955 3132 mena
2986 3083 3036 3132 et
3059 3079 3232 3129 mutuo
3263 3090 3342 3127 ac·

1779 3167 1919 3228 cepta
1930 3168 2065 3230 erat,
2081 3165 2150 3214 ita
2167 3165 2497 3228 periculorum
2511 3165 2689 3214 tamam
2706 3163 2794 3214 sibi
2815 3162 3056 3226 propriam
3073 3159 3343 3224 posteritati

1778 3249 2214 3300 commendaturus.
2280 3246 2611 3300 autumabant
2629 3257 2775 3308 porro
2805 3257 2928 3308 quos
2949 3243 3040 3294 soli
3067 3242 3345 3296 domesticis

1777 3330 1962 3382 viribus
1995 3343 2092 3380 non
2120 3330 2374 3390 vicissent,
2399 3341 2482 3379 eos
2499 3341 2562 3379 ne
2585 3340 2698 3378 cum
2723 3326 2866 3377 sociis
2897 3324 3098 3389 quidem
3125 3337 3180 3375 se
3204 3337 3346 3390 posse

1777 3427 2032 3478 superare;
2051 3416 2131 3477 et,
2161 3414 2200 3464 si
2227 3413 2552 3474 vincerentur,
2581 3410 2758 3474 exiguo
2781 3408 3012 3472 temporis
3045 3401 3202 3472 spatio
3230 3411 3344 3458 ante

1778 3501 1965 3549 ceteros
1997 3499 2202 3548 mortem
2247 3508 2300 3546 se
2340 3494 2658 3558 oppetituros,
2707 3491 2916 3542 victores
2962 3491 3129 3541 autem
3177 3502 3346 3541 omnes

1778 3580 1898 3632 alios
1913 3593 2080 3630 secum
2097 3591 2200 3630 esse
2231 3578 2510 3628 servaturos
2535 3589 2594 3627 ac
2615 3577 2666 3624 in
2689 3573 2962 3624 libertatem
2997 3571 3342 3622 vindicaturos.

1780 3661 1879 3722 (25)
1919 3664 2082 3718 Quum
2121 3659 2266 3721 igitur
2303 3671 2355 3708 se
2383 3656 2664 3707 exhiberent
2683 3656 2812 3706 viros
2843 3654 3017 3717 fortes,
3043 3665 3196 3719 quum
3221 3652 3344 3702 nibil

1779 3745 2032 3806 parcerent
2041 3743 2158 3792 vitae
2171 3742 2222 3791 et
2235 3739 2530 3804 corporibus,
2539 3737 2806 3788 dummodo
2815 3735 3085 3800 proferrent
3096 3735 3344 3797 virtutem,

1778 3837 1931 3888 quum
1961 3823 2141 3887 patrias
2171 3822 2298 3885 leges
2345 3821 2497 3884 magis
2537 3820 2871 3870 revererentur
2911 3829 3058 3879 quam
3099 3817 3346 3866 certamen

1778 3908 1952 3960 hostile
1991 3905 2330 3966 formidarent,
2367 3917 2456 3966 pro
2489 3902 2647 3952 salute
2680 3900 2882 3951 Graeciae
2920 3899 2972 3948 in
3013 3911 3103 3948 sua
3130 3898 3344 3960 ipsorum

1778 3999 1906 4044 terra
1927 3994 2167 4055 tropaeum
2185 3989 2460 4040 statuerunt
2485 3985 2716 4036 adversus
2735 3983 2968 4032 barbaros
2985 4017 3001 4042 ,
3032 3981 3118 4044 qui
3136 3980 3342 4030 aliorum

1778 4087 1893 4138 opes
1905 4071 2162 4124 invadendi
2184 4083 2326 4122 causa
2339 4068 2458 4118 tines
2475 4067 2660 4117 alienos
2674 4063 2954 4127 transgressi
2969 4062 3176 4113 fuerant.
3243 4061 3344 4125 (26)

1778 4158 1932 4208 Tanta
1948 4167 2066 4206 vero
2083 4152 2331 4204 celeritate
2349 4148 2604 4200 discrimen
2635 4149 2728 4197 hoc
2759 4145 3010 4207 adierunt,
3031 4145 3088 4194 ut
3113 4142 3260 4193 iidem
3295 4147 3347 4196 et

1778 4242 2096 4292 barbarorum
2132 4237 2398 4288 adventum
2428 4234 2479 4285 et
2511 4235 2752 4296 maiorum
2777 4231 3056 4281 nostrorum
3079 4229 3347 4280 nuntiat-int

1778 4323 2050 4376 victoriam.
2113 4319 2252 4371 Unde
2273 4319 2458 4369 factum
2483 4319 2558 4368 est
2583 4318 2642 4365 ut
2663 4326 2807 4366 neruo
2830 4313 2956 4364 aliua
2981 4310 3044 4362 de
3077 4311 3244 4362 tuturo
3265 4325 3346 4376 pe-

1779 4408 1934 4458 riculo
1953 4404 2214 4469 trepidaret
2227 4439 2244 4467 ,
2287 4401 2372 4452 sed
2401 4413 2568 4451 omnes
2592 4397 2757 4449 statim
2788 4395 3042 4447 audientes
3067 4396 3346 4445 conservata
3455 4413 3459 4417 ²

1778 4505 1868 4544 sua
1889 4491 2114 4543 libertate
2133 4486 2416 4553 gauderent.
2482 4483 2610 4536 Nihil
2628 4481 2794 4545 itaque
2817 4480 2996 4530 mirum
3022 4476 3198 4529 accidit
3213 4480 3348 4540 gesta

1778 4576 1859 4626 illa
1871 4613 1887 4639 ,
1907 4574 2109 4638 antiqua
2135 4572 2248 4624 licet
2257 4607 2276 4634 ,
2293 4568 2492 4634 perinde
2509 4581 2568 4618 ac
2583 4567 2624 4616 si
2641 4563 2970 4616 recentissima
2987 4561 3110 4624 sint,
3129 4561 3346 4611 omnium

1779 4660 2096 4711 admiratione
2111 4659 2162 4708 et
2178 4655 2400 4709 laudibus
2425 4652 2694 4705 etiamnum
2711 4647 2959 4701 celebrari.

1844 4751 1919 4797 27.
1955 4745 2069 4796 Post
2087 4743 2192 4794 haec
2213 4755 2325 4791 vero
2338 4725 2551 4798 Xerxes,
2565 4734 2687 4787 Asioe
2704 4747 2790 4785 rex
2807 4769 2822 4796 ,
2838 4729 3126 4794 contemptis
3143 4728 3344 4789 Graecis,

1780 4847 1868 4885 sua
1884 4847 1970 4896 spe
2001 4833 2174 4893 falsus,
2202 4841 2354 4894 quum
2375 4827 2640 4878 eventuum
2681 4821 2918 4872 dedecore
2943 4819 3182 4878 ureretur,
3211 4817 3262 4864 et
3281 4813 3344 4864 ob

1780 4923 2032 4985 acceptam
2061 4933 2090 4970 a
2119 4921 2258 4983 patre
2277 4915 2462 4968 cladem
2484 4915 2664 4976 iratus,
2683 4911 2830 4974 hujus
2841 4905 3121 4960 auctoribus
3143 4915 3344 4954 succen-

1780 5014 1934 5074 seret,
1969 5011 2068 5074 ipse
2103 5007 2342 5058 malorum
2375 5017 2548 5068 expers
2565 5005 2614 5054 et
2637 5000 2836 5052 sortium
2863 4997 3084 5049 virorum
3118 4993 3342 5055 ignarus,

1780 5117 1865 5169 per
1887 5102 2056 5152 decem
2073 5111 2225 5150 annos
2242 5097 2390 5147 rebus
2408 5091 2696 5156 comparatis
2711 5127 2727 5152 ,
2756 5097 2870 5138 cum
2901 5081 3122 5136 ducentis
3147 5080 3197 5130 et
3213 5077 3346 5127 mille

1781 5194 1986 5245 navibus
2002 5191 2100 5241 huc
2115 5185 2350 5250 accessit;
2369 5183 2588 5249 peditum
2613 5193 2730 5230 vero
2762 5177 2924 5240 copias
2950 5168 3155 5222 adduxit
3181 5163 3346 5216 multi-

1782 5282 1950 5335 tudine
1983 5278 2102 5329 adeo
2141 5273 2536 5336 innumerabiles,
2579 5271 2634 5322 ut
2669 5265 2814 5318 etiam
2853 5261 3017 5326 gentes
3047 5269 3160 5324 quae
3181 5255 3344 5320 ipsum
