3825 5842
157 462 342 545 ἦτε-σο)

151 596 302 673 φῆναι·
317 587 454 648 οὐδὲν
471 586 574 669 γὰρ
593 588 792 665 μᾶλλον
811 589 860 647 οἱ
877 584 1133 668 μάρτυρες
1152 586 1376 648 εἴσονται
1390 635 1409 669 ‚
1425 592 1468 649 εἰ
1483 591 1562 673 ἐφ’
1585 582 1668 659 αἶς

151 680 404 753 ἐκλήθησαν
421 676 724 750 διαθήκαις,
749 667 907 735 αὗται
931 676 1322 757 ἀποφαίνονται.
1359 680 1446 757 (ιι)
1470 678 1666 741 Ὁπότε

151 770 192 829 δὲ
207 768 284 827 καὶ
305 766 413 832 τοὺς
430 763 856 843 ὁμολογουμένως
865 764 1315 843 παραγενομένους
1329 757 1435 826 οἶόν
1455 771 1502 826 τ’
1526 768 1666 827 ἐστὶν

151 857 462 927 ἐξαπατῆσαι,
501 856 614 921 πῶς
653 855 748 911 οὐκ
797 851 860 911 ἂν
906 854 1038 929 ὑμᾶς
1086 874 1148 932 γε
1193 852 1312 919 τοὺς
1368 854 1531 932 μηδὲν
1577 860 1664 914 τοῦ

150 944 412 1025 πράγματος
433 940 630 1009 εἰδότας
656 940 790 1000 πολὺ
813 942 1011 1017 μᾶλλον
1036 938 1358 1020 ἑτοιμότερόν
1387 965 1461 1009 τις
1485 966 1669 1022 παρα-

151 1032 428 1111 κρούσασθαι
456 1026 786 1109 ἐγχειρήσαι;
807 1026 965 1087 Ἀλλὰ
991 1026 1095 1106 μὴν
1123 1028 1214 1087 καὶ
1249 1032 1276 1087 ὁ
1299 1028 1478 1105 νόμος,
1507 1020 1552 1089 Z>
1581 1030 1668 1089 ἄν·

89 1140 141 1189 43
159 1122 274 1199 δρες,
296 1121 382 1177 οὔκ
409 1116 500 1175 ἐάν
523 1140 602 1183 τις
641 1116 881 1188 διαθῆται
915 1112 1088 1192 μόνον,
1118 1114 1296 1197 κυρίας
1319 1107 1450 1176 εἶναι
1471 1118 1669 1178 κελεύει

155 1208 228 1275 τὰς
247 1206 506 1282 διαθήκας,
539 1202 675 1263 ἀλλὰ
697 1202 788 1262 ἐὰν
815 1194 873 1263 εὗ
900 1207 1119 1284 φρονῶν.
1153 1204 1414 1265 Σκεπτέον
1457 1204 1519 1278 δὴ
1547 1208 1666 1285 ὑμῖν

155 1299 322 1377 πρῶτον
353 1292 444 1373 μὲν
467 1296 514 1353 εἷ
551 1290 836 1365 ἐποιήσατο
867 1292 959 1358 τὰς
987 1290 1265 1366 διαθήκας,
1303 1292 1485 1353 ἔπειτα
1506 1297 1554 1355 εἰ
1591 1294 1666 1371 μὴ

157 1389 390 1465 παρανοῶν
418 1381 638 1445 διέθετο.
723 1382 812 1459 (ts)
841 1380 1232 1460 Ἀντιλεγόντων
1263 1384 1312 1441 δ’
1351 1388 1500 1460 ἡμῶν
1534 1387 1668 1461 μηδὲ

151 1472 198 1531 τὸ
216 1472 436 1552 παράπαν
463 1469 704 1547 γενέσθαι
720 1468 812 1539 τὰς
839 1470 1113 1544 διαθήκας,
1128 1472 1186 1529 ἐκ
1204 1470 1336 1538 τίνος
1359 1470 1422 1529 ἂν
1449 1470 1666 1553 τρόπου,

153 1560 190 1621 ιί
211 1586 276 1629 τις
303 1563 572 1640 παρανοῶν
599 1558 819 1630 διέθετο,
839 1560 1072 1637 γνοίητε,
1103 1556 1224 1638 πρὶν
1249 1560 1370 1639 περὶ
1399 1563 1554 1621 αὐτοῦ
1577 1564 1668 1620 τοῦ

103 1674 124 1711 ι
152 1650 378 1709 διαθέσθαι
419 1652 734 1721 πιστεῦσαις
777 1644 915 1715 Τοὺς
959 1645 1054 1725 μὲν
1090 1636 1178 1705 οῧν
1219 1646 1357 1706 κατὰ
1399 1647 1498 1719 τὴν
1527 1649 1668 1707 δόσιν

153 1739 570 1819 ἄμφισὸητοῢντας
608 1739 764 1815 δρᾶτε
799 1732 918 1793 ὅσον
956 1734 1105 1815 ἔργον
1144 1735 1282 1795 ἐστὶν
1321 1735 1590 1796 αἰσθέσθαι
1625 1739 1670 1795 εἰ

153 1828 292 1896 ἀληθῆ
307 1824 536 1903 λέγουσι,
559 1821 678 1889 τοὺς
695 1820 750 1879 δὲ
776 1817 915 1880 κατὰ
937 1820 996 1880 τὸ
1013 1819 1159 1899 γένος
1183 1825 1390 1902 πρῶτον
1410 1822 1505 1901 μὲν
1525 1822 1668 1884 οὐδὲν

152 1912 213 1969 δεῖ
246 1912 494 1992 μάρτυρας
533 1906 902 1989 παρασχέσθαι
941 1911 1011 1975 ὡς
1044 1912 1214 1968 αὑτῶν
1247 1911 1385 1969 ἔστιν
1419 1914 1448 1969 ὁ
1483 1913 1672 1993 κλῆρος

155 1998 308 2079 (παρὰ
325 1998 530 2057 πάντων
559 1996 662 2077 γὰρ
692 1995 1027 2075 ὡμολόγηται
1054 2004 1165 2063 τοῖς
1193 1996 1458 2075 ἐγγυτάτω
1497 1996 1672 2076 γένους

155 2086 208 2145 τὰ
222 2094 299 2147 τοῦ
321 2085 714 2157 τελευτήσαντος
740 2082 971 2163 γίνεσθαι
993 2088 1012 2164 )
1034 2130 1051 2163 ,
1075 2086 1162 2167 (ιο)
1187 2082 1366 2145 ἔπειτα
1381 2090 1428 2147 οἱ
1445 2086 1594 2164 νόμοι
1611 2088 1670 2147 οὖ

157 2176 284 2251 μόνον
309 2178 352 2235 οἱ
384 2174 508 2256 περὶ
535 2178 642 2233 τῶν
663 2177 826 2253 γενῶν
855 2171 992 2231 ἀλλὰ
1013 2172 1106 2231 καὶ
1133 2176 1180 2232 οἱ
1204 2175 1323 2255 περὶ
1345 2179 1448 2235 τῶν
1480 2176 1672 2233 δόσεων

153 2266 236 2331 τοῖς
251 2262 502 2342 συγγενέσι
529 2266 796 2343 βοηθοῦσι.
880 2264 1074 2321 Δοῦναι
1093 2258 1189 2339 μὲν
1214 2260 1316 2342 γὰρ
1337 2265 1364 2319 ὁ
1397 2260 1552 2339 νόμος
1579 2265 1670 2321 οὖ-

95 2372 132 2411 ιο
152 2354 236 2411 δενὶ
257 2356 310 2432 ἐᾷ
339 2349 404 2410 τὰ
421 2354 612 2410 ἑαυτοῦ
631 2396 648 2425 ,
679 2348 769 2407 ἐὰν
797 2346 898 2407 ὑπὸ
925 2347 1098 2428 γήρως
1129 2348 1161 2420 ἢ
1200 2349 1302 2407 ὑπὸ
1323 2348 1482 2421 νήσου
1508 2348 1544 2421 ἢ
1573 2350 1672 2408 ὑπὸ

149 2439 230 2494 τῶν
259 2438 418 2498 ἄλλων
463 2438 500 2497 ἃ
543 2436 634 2497 καὶ
663 2439 808 2513 ὑμεῖς
835 2435 945 2495 ἴστε
969 2434 1306 2517 παρανοήσῃ·
1351 2437 1488 2495 κατὰ
1531 2436 1584 2496 δὲ
1611 2436 1672 2497 τὸ

149 2524 266 2603 γένος
285 2528 368 2586 καὶ
393 2526 461 2586 τὰ
499 2532 592 2586 τοῦ
621 2528 859 2584 ὁπωσοῦν
890 2523 1216 2600 διακειμένου
1244 2528 1272 2583 ὁ
1301 2523 1558 2602 ἐγγύτατα
1584 2525 1673 2603 γε’-

147 2635 240 2681 νους
261 2614 730 2697 &vamme-quim<
757 2611 1036 2689 λαμὸάνει.
1083 2612 1176 2688 (17)
1207 2612 1381 2691 Χωρὶς
1405 2610 1459 2670 δὲ
1478 2610 1673 2671 τούτων

147 2712 238 2769 ταῖς
257 2705 340 2779 μὲν
357 2702 628 2775 διαθήκαις
654 2698 740 2759 διὰ
774 2698 1051 2781 μαρτύρων
1085 2703 1224 2776 ὑμᾶς
1253 2701 1330 2758 δεῖ
1368 2704 1671 2774 πιστεῦσαι,

149 2783 296 2871 ὑφ’ἷῖἱν
320 2790 391 2850 ἔνι
417 2792 509 2850 καὶ
546 2789 934 2861 ἐξαπατηθῆναι
966 2788 1058 2864 (οὗ
1095 2786 1197 2866 γὰρ
1225 2785 1290 2845 ἂν
1316 2778 1452 2858 ἦσαν
1490 2790 1674 2867 ψευδο·

151 2884 408 2959 μαρτυριῶν
434 2875 806 2957 ἐπισκήψεις),
833 2879 900 2955 τῇ
933 2875 977 2932 δ’
1009 2874 1282 2955 ἀγχιστεία
1318 2874 1382 2933 δι’
1407 2878 1551 2953 ὑμῶν
1579 2877 1671 2935 αὗ-

95 2981 132 3021 is
149 2969 252 3023 τῶν·
273 2968 402 3026 κατὰ
419 2966 522 3047 γὰρ
547 2964 664 3032 τοὺς
681 2962 865 3041 νόμους
893 2965 940 3020 οἱ
957 2963 1218 3040 συγγενεῖς
1236 2965 1313 3041 ἀμ
1355 2962 1674 3037 ισὸητοῧσιν,

149 3052 216 3121 οὒς
241 3058 374 3132 ὑμεῖς
401 3055 597 3115 ἔθεσθε.
685 3053 776 3129 (is)
803 3048 943 3130 Πρὸς
971 3048 1025 3107 δὲ
1051 3047 1278 3124 τούτοις,
1311 3075 1356 3109 ω
1392 3049 1598 3132 ἄνδρες,
1629 3053 1674 3110 εἰ

150 3164 226 3216 μεν
265 3142 466 3204 οἱκατὰ
504 3141 599 3209 τὰς
641 3138 890 3210 διαθήκας
915 3137 1361 3219 ἆμφισὸητοῧντες
1390 3142 1672 3217 ὃμολογου·

149 3230 286 3305 μένως
309 3229 653 3313 Νικοστράτῳ
676 3226 960 3297 ἐπιτήδειοι
995 3225 1136 3294 ὄντες
1172 3226 1475 3307 ἐτύγχανον,
1496 3225 1557 3286 τὸ
1579 3224 1673 3305 μὲν

149 3320 326 3397 danzig
365 3322 472 3380 οὐδ’
508 3318 574 3377 ἂν
601 3316 794 3388 οὕτως,
837 3312 976 3391 ὅμως
1004 3314 1178 3391 μέντοι
1217 3316 1418 3392 μᾶλλον
1443 3315 1578 3382 εἰκὸς
1608 3306 1674 3387 ἦν

149 3408 324 3480 ἀληθεῖς
347 3398 478 3467 εἶναι
493 3405 656 3476 δόξειν
679 3404 772 3472 τὰς
800 3402 1076 3476 διαθήκας·
1097 3402 1202 3475 ἤδη
1220 3404 1322 3485 γάρ
1349 3427 1482 3471 τινες
1501 3406 1596 3463 οὐκ
1619 3394 1676 3463 εὗ

149 3495 431 3571 διακείμενοι
459 3504 568 3562 τοῖς
612 3491 910 3573 συγγενέσιν
933 3490 1152 3559 ὀθνείους
1183 3490 1360 3573 φίλους
1402 3496 1508 3551 τῶν
1539 3492 1676 3552 πάνυ

151 3582 320 3664 σφόδρα
344 3581 714 3664 προσηκόντων
741 3580 864 3660 περὶ
894 3578 1126 3646 πλείονος
1149 3578 1486 3651 ἐποιήσαντο·
1513 3586 1601 3639 νῦν
1623 3578 1678 3639 δὲ

95 3672 132 3713 ⁸)
151 3668 246 3727 οὔτε
265 3670 530 3737 συσσίτους
556 3668 674 3728 οὔτε
695 3668 869 3751 φίλους
887 3664 993 3727 οὔτ’
1022 3669 1074 3726 ἕν
1092 3665 1234 3735 τάξει
1262 3670 1328 3747 τῇ
1357 3668 1509 3746 αὐτῇ.
1539 3668 1675 3728 Τού·

153 3778 235 3814 ’.ων
251 3758 290 3815 δ’
307 3762 424 3836 ὑμῖν
445 3758 715 3838 μάρτυρας
729 3754 974 3814 ἁπάντων
989 3752 1386 3834 παρεσχήμεθα.
1421 3754 1510 3835 (ιο)
1531 3752 1608 3816 Ὃ
1625 3752 1679 3814 δὲ

155 3842 384 3921 μέγιστον,
423 3844 518 3904 καὶ
561 3844 794 3923 μάλιστα
834 3847 928 3914 τῆς
967 3841 1234 3919 Χαριάδου
1283 3842 1543 3910 ἀναιδείας
1580 3864 1676 3900 κα·

153 3940 470 4014 ταμαρτυρεῑ,
503 3937 658 3992 τοῦτο
697 3929 977 4012 σκέψασθε.
1056 3924 1236 3990 Ὅπου
1272 3928 1373 4011 γὰρ
1409 3928 1494 3989 τὸν
1525 3927 1678 3988 αὑτὸν

151 4020 474 4098 ποιησάμενον
533 4018 640 4080 οὔτ’
683 4017 1010 4077 ἀποθανόντα
1043 4016 1270 4076 ἀνείλετο
1315 4014 1424 4076 οὔτ’
1461 4018 1680 4077 ἔκαυσεν

152 4106 250 4165 οὔτε
269 4108 646 4187 ὧστολόγησεν,
665 4104 801 4166 ἀλλὰ
829 4105 1001 4163 πάντα
1035 4107 1140 4171 τοῖς
1168 4104 1331 4180 μηδὲν
1359 4104 1681 4185 προσήκουσι

153 4202 334 4277 παρῆκε
351 4202 600 4270 ποιῆσαι,
627 4198 740 4260 πῶς
766 4197 858 4253 οὐκ
893 4192 957 4253 ἂν
994 4191 1341 4259 ἀνοσιώτατος
1370 4190 1482 4265 εἴη,
1517 4192 1570 4259 ὃς
1605 4196 1680 4274 τῷ

97 4291 132 4331 ⁸
152 4288 363 4343 τεθνεῶτι
391 4284 558 4363 μηδὲν
584 4286 690 4342 τῶν
725 4280 1071 4359 νομιζομένων
1095 4280 1318 4351 ποιήσας
1345 4284 1448 4340 τῶν
1473 4282 1682 4359 χρημά·

151 4396 238 4431 των
265 4376 418 4432 αὐτοῦ
445 4374 784 4452 κληρονομεῖν
810 4369 969 4441 ἀξιοῖ,
997 4364 1092 4447 (20)
1123 4366 1282 4428 Ἀλλὰ
1302 4366 1365 4439 νὴ
1379 4366 1481 4428 Δία
1499 4368 1680 4440 ἐπειδὴ

153 4460 322 4519 τούτων
357 4461 506 4521 οὐδὲν
545 4460 754 4532 ἐποίησε
769 4504 786 4532 ,
833 4457 928 4529 τὴν
965 4456 1145 4516 οὐσίαν
1187 4459 1279 4515 τοῦ
1323 4455 1681 4536 Νικοστράτου

157 4546 466 4630 διεχείρισενς
492 4548 628 4607 ἀλλὰ
649 4547 740 4607 καὶ
765 4552 932 4605 ταῦτα
968 4543 1367 4624 μεμαρτύρηται
1410 4546 1551 4619 ὑμῖν,
1591 4542 1682 4603 καὶ

157 4636 210 4691 τὰ
227 4640 438 4697 πλεῖστα
456 4638 568 4697 οὔδ’
593 4636 740 4703 αὐτὸς
759 4638 1010 4717 ἀρνεῖται.
1099 4631 1394 4713 Προφάσεις
1418 4629 1476 4689 δὲ
1507 4630 1682 4709 οἴομαι

161 4724 416 4803 ἀναγκαίας
441 4725 524 4807 ἐφ’
552 4724 771 4793 ἑκάστας
797 4727 902 4782 τῶν
923 4720 1162 4803 πράξεων
1200 4722 1474 4802 εὑρῆσθαι·
1509 4719 1561 4778 τί
1580 4717 1682 4800 γὰρ

162 4814 469 4874 ὓπολείπεται
489 4818 570 4895 τῷ
596 4812 875 4896 διαρρήδην
893 4814 1258 4890 ὁμολογοῦντις

227 4922 287 4963 af.
327 4906 522 4979 Σαφῶς
557 4902 648 4979 μὲν
689 4892 778 4961 οὖν
806 4901 950 4974 ἴστε,
991 4889 1034 4959 ὦ
1069 4898 1280 4981 ἄνδρες,
1324 4896 1403 4957 ὅτι
1451 4888 1589 4956 οὗτοι
1623 4898 1681 4956 οὗ

167 4988 344 5059 δικαίως
385 4995 492 5051 τῶν
523 4990 881 5070 Νικοστράτου
931 4988 1185 5071 ἐφίενται,
1225 4986 1364 5045 ἀλλὰ
1411 4984 1682 5066 βούλονται

113 5097 149 5135 ἰο
171 5075 244 5149 μὲν
258 5082 380 5156 ὑμᾶς
397 5078 752 5150 ἐξαπατῆσαι,
783 5076 1019 5138 τουτουσὶ
1043 5075 1096 5135 δὲ
1109 5081 1368 5153 συγγενεῖς
1387 5072 1536 5139 ὄντας
1548 5072 1682 5130 ἑκεί-

171 5188 266 5237 νου,
287 5168 318 5226 ἃ
337 5170 384 5226 οἱ
403 5167 560 5245 νόμοι
579 5165 757 5226 ἔδοσαν
796 5166 968 5234 αὐτοῖς
982 5210 999 5243 ,
1027 5167 1404 5244 ἀποστερῆσαι.
1485 5162 1565 5224 Οὐ
1595 5159 1684 5237 μό-

173 5275 240 5309 νον
261 5254 308 5313 δὲ
331 5255 598 5339 Χαριάδης
621 5260 766 5316 τοῦτο
791 5254 1094 5333 πεποίηκεν,
1114 5252 1252 5313 ἀλλὰ
1273 5251 1363 5311 καὶ
1386 5250 1534 5312 ἄλλοι
1552 5252 1682 5309 πολ-

937 458 1106 519 lSAEl
1147 460 1274 519 ΟΒ.
1323 460 1426 521 ΒΕ
1468 461 1929 527 NICOSTRATI
1968 467 2475 533 HEREDITATE.

1753 604 1994 656 contraria
2016 607 2075 658 iis
2106 621 2217 671 quae
2252 608 2509 661 defunctus
2532 612 2881 678 constituissem
2915 628 3029 668 nam
3045 619 3191 671 testes
3211 635 3311 673 non

1753 681 1860 732 ideo
1877 684 2029 747 magis
2044 686 2175 750 quod
2196 687 2455 738 interfuere
2472 692 2605 741 certo
2622 692 2797 756 sciunt,
2817 707 3007 747 veraene
3020 696 3117 747 sint
3134 699 3313 751 tabuloe

1754 772 1866 821 quoe
1897 761 1949 810 in
1970 762 2151 824 iudicio
2179 766 2489 828 proferuntur
2522 781 2585 818 an
2620 770 2895 823 subdititiae.
2961 775 3058 838 (14)
3098 776 3238 833 Quod
3272 779 3313 829 si

1753 837 1916 901 itaque
1934 840 2003 890 iiii
2023 841 2110 905 ipsi
2128 842 2248 893 adeo
2273 844 2427 909 decipi
2444 849 2677 910 possunt,
2705 862 2828 913 quos
2845 864 3000 913 quum
3025 856 3312 907 testamenta

1754 916 2077 969 scriberentur
2108 920 2375 972 interfuisse
2406 923 2457 971 in
2478 926 2693 975 confesso
2730 930 2829 991 est,
2869 932 3053 992 quanto
3088 933 3197 994 quis
3225 946 3313 985 vos

1755 998 2023 1058 promptius
2040 999 2385 1052 circumvenire
2402 1008 2603 1053 conetur
2620 1006 2707 1070 qni
2738 1020 2898 1057 rerum
2929 1014 3171 1073 gestarum
3194 1015 3312 1065 nihil

1756 1076 1993 1125 teneatis?
2056 1080 2231 1142 Porro,
2260 1078 2471 1142 judices,
2500 1095 2597 1131 non
2620 1085 2779 1134 omnia
2806 1087 3001 1137 omnino
3026 1092 3314 1142 testamenta

1755 1154 1832 1204 lex
1848 1153 1989 1214 iubet
2007 1168 2109 1206 esse
2126 1158 2247 1219 rata,
2267 1158 2351 1207 sed
2364 1172 2421 1209 ea
2438 1160 2741 1211 solummodo
2758 1176 2870 1226 qum
2883 1165 3093 1216 scribens
3111 1170 3315 1232 quisque

1754 1246 1856 1285 suoe
1875 1234 2047 1283 mentis
2064 1237 2185 1285 esset
2199 1248 2410 1299 compos.
2477 1242 2599 1289 Ante
2614 1242 2774 1290 omnia
2794 1242 2953 1306 itaque
2966 1242 3313 1307 dispiciendum

1756 1310 1893 1361 vobis
1912 1312 2017 1373 est,
2042 1324 2159 1362 num
2179 1313 2475 1366 Nicostratus
2492 1318 2832 1369 testamentum
2864 1322 3127 1384 scripserit,
3148 1327 3253 1373 tum
3272 1324 3312 1375 si

1754 1394 2019 1455 scripserit,
2045 1396 2235 1443 rectene
2251 1396 2437 1457 sapiens
2452 1398 2689 1459 scripserit
2707 1410 2769 1449 an
2790 1399 3035 1463 desipiens.
3069 1402 3168 1463 (15)
3190 1406 3311 1455 Nam

1755 1473 2039 1534 negantibus
2088 1474 2227 1525 nobis
2260 1475 2457 1524 omnino
2502 1477 2733 1539 scriptum
2785 1491 2887 1528 esse
2939 1482 3280 1532 testamentum
3295 1518 3311 1543 ,

1755 1552 1896 1613 ecqui
1913 1551 2177 1603 decernetis
2192 1566 2221 1602 a
2239 1551 2469 1604 delirante
2486 1553 2715 1616 scriptum
2735 1568 2836 1605 esse
2848 1592 2863 1619 ,
2888 1558 3163 1623 priusquam
3180 1563 3313 1611 certo

1757 1629 2021 1680 constiterit
2053 1630 2113 1683 de
2138 1631 2230 1681 hoc
2251 1631 2381 1693 quod
2402 1634 2743 1683 testamentum
2769 1636 3038 1699 scripserit?
3099 1639 3313 1701 Videtis,

1756 1720 1902 1771 quam
1935 1707 2127 1759 difficile
2161 1710 2224 1759 sit
2254 1710 2631 1774 deprehendere,
2664 1724 2783 1762 num
2824 1726 2938 1763 vera
2964 1714 3127 1766 dicant
3150 1717 3201 1766 hi
3231 1718 3313 1781 qui

1757 1800 1818 1838 ex
1845 1788 1987 1839 titulo
2008 1788 2275 1840 donationis
2303 1791 2673 1841 testamentariae
2694 1792 2979 1844 hereditates
3001 1798 3171 1858 petunt
3195 1815 3210 1846 ι
3234 1810 3315 1847 co-

1756 1867 1992 1928 gnationis
2024 1870 2185 1917 antem
2207 1882 2271 1919 ex
2294 1870 2437 1919 titulo
2472 1872 2687 1931 petentes
2716 1869 2785 1921 nii
2806 1870 2983 1923 habent
3016 1886 3137 1937 opus
3166 1875 3225 1924 ut
3248 1877 3315 1925 te-

1759 1946 1855 1994 stes
1877 1944 2148 2007 producant
2177 1946 2241 1995 ad
2257 1945 2529 1996 docendum
2546 1947 2607 1997 de
2625 1948 2757 2009 jure,
2778 1948 2908 2011 quod
2930 1950 2988 2001 iis
3016 1952 3113 2013 est,
3134 1951 3315 2002 beredi-

1758 2023 1882 2073 tates
1897 2023 2091 2085 petendi
2112 2022 2327 2085 (constat
2348 2026 2477 2074 enim
2502 2026 2628 2076 inter
2652 2039 2821 2077 omnes
2840 2026 3053 2078 defuncti
3082 2030 3319 2093 cuiusque

1759 2100 1886 2151 bona
1903 2100 1969 2151 ad
1990 2102 2237 2163 proximos
2264 2104 2315 2151 in
2334 2103 2563 2165 sangnine
2584 2104 2869 2168 devenire);
2910 2105 3009 2171 (16)
3028 2105 3200 2158 deinde
3218 2122 3315 2159 non

1759 2180 1856 2231 iilae
1881 2181 2041 2231 solum
2062 2182 2189 2245 leges
2208 2181 2271 2232 de
2289 2182 2399 2246 jure
2420 2186 2757 2247 cognatorum,
2776 2185 2861 2235 sed
2885 2184 2961 2235 hae
2982 2199 3177 2250 quoque
3204 2201 3317 2251 quae

1759 2258 1820 2307 de
1841 2258 2179 2309 donationibus
2200 2260 2513 2323 praecipiunt,
2551 2261 2776 2312 secundas
2808 2265 2923 2313 sunt
2956 2266 3193 2329 cognatis,
3231 2280 3317 2316 ve-

1759 2338 1915 2386 tantes
1934 2350 2209 2399 quenquam
2223 2337 2348 2387 bona
2370 2350 2459 2387 sua
2470 2338 2697 2401 cuiquam
2716 2339 2831 2391 dare
2842 2378 2857 2404 ,
2874 2344 2959 2391 aut
2971 2356 3073 2406 prae
3088 2344 3221 2393 senio
3232 2346 3319 2396 aut

1761 2428 1843 2477 per
1862 2414 2185 2464 valetudinem
2199 2416 2400 2479 aliisque
2418 2416 2479 2466 de
2490 2417 2645 2467 causis
2656 2453 2671 2481 ,
2692 2432 2813 2482 quas
2832 2432 2917 2469 vos
2934 2434 3101 2471 omnes
3118 2422 3317 2487 tenetis,

1759 2494 1934 2544 mentis
1950 2508 2049 2543 non
2067 2498 2341 2558 compotem
2351 2512 2367 2557 ς
2383 2497 2663 2559 cognatione
2688 2501 2850 2549 autem
2870 2501 3137 2565 utquisque
3154 2503 3318 2565 proxi·

1761 2586 1868 2623 mus
1885 2574 1957 2623 est
1970 2610 1984 2633 ,
2004 2574 2069 2623 ita
2082 2574 2211 2625 bona
2222 2574 2462 2637 defuncti,
2488 2589 2791 2643 quoecunque
2807 2578 2911 2641 ejus
2928 2582 3137 2632 conditio
3155 2583 3317 2648 merit,

1759 2652 1942 2715 absque
1978 2654 2077 2703 ulia
2113 2655 2437 2705 controversia
2472 2656 2685 2720 suscipit.
2752 2658 2853 2721 (17)
2896 2661 3131 2710 Praeterea
3168 2662 3319 2713 testa-

1761 2734 1937 2783 mentis
1966 2746 2065 2783 non
2088 2736 2287 2797 potestis
2318 2734 2493 2798 fidere,
2522 2736 2613 2787 nisi
2640 2751 2725 2800 per
2734 2738 3067 2789 interventum
3092 2740 3317 2805 testium,

1761 2825 1789 2862 a
1803 2813 1979 2875 quibus
1990 2814 2129 2864 facile
2148 2814 2277 2864 factu
2292 2817 2365 2865 est
2380 2817 2439 2865 ut
2455 2814 2785 2881 decipiamini(
2794 2830 2905 2867 nam
2922 2820 3039 2870 alias
3054 2832 3149 2869 non
3163 2823 3321 2871 essent

1759 2894 1972 2943 actiones
1988 2894 2276 2957 exceptoria
2293 2894 2355 2946 de
2374 2894 2501 2945 falsis
2522 2895 2663 2947 dictis
2684 2898 3021 2960 testimoniis),
3049 2900 3319 2962 cognationi

1760 2975 1923 3024 autem
1942 2973 2091 3023 fidere
2115 2975 2252 3024 vobis
2278 2974 2389 3025 licet
2406 2988 2491 3038 per
2513 2978 2698 3026 vosmet
2722 2977 2849 3040 ipsos
2857 2992 2875 3037 3
2896 2979 3087 3040 cognati
3108 2978 3237 3029 enim
3258 2993 3317 3031 ex

1759 3050 1853 3101 iilis
1873 3050 2057 3113 iegibus
2077 3053 2293 3114 certant,
2315 3066 2435 3115 quas
2452 3053 2641 3116 ipsimet
2658 3068 2745 3105 vos
2761 3054 3003 3105 sanxistis.
3070 3056 3169 3119 (18)
3196 3060 3321 3107 Prn-

1760 3130 2148 3195 terea,1udices,
2171 3132 2211 3183 si
2234 3146 2296 3183 ex
2322 3134 2610 3184 testamento
2632 3134 2943 3185 hereditatem
2974 3136 3189 3198 petentes
3209 3150 3321 3187 con·

1759 3210 1909 3259 staret
1928 3209 2183 3261 familiares
2201 3211 2453 3261 Nicostrati
2470 3211 2631 3273 fuisse,
2648 3212 2919 3263 accuratius
2936 3212 3233 3264 examinanti
3252 3228 3319 3265 ns

1761 3288 2075 3351 sicquidem,
2095 3288 2179 3338 sed
2201 3289 2349 3351 magis
2374 3291 2538 3338 tamen
2567 3289 2815 3352 probabile
2840 3293 2966 3340 esset
2996 3302 3167 3341 verum
3186 3290 3319 3353 judi-

1763 3369 1860 3417 cari
1885 3370 2257 3431 testamentum
2278 3368 2549 3431 complures
2570 3369 2695 3419 enim
2718 3369 2807 3419 visi
2828 3372 2967 3432 sunt,
2999 3371 3132 3433 quod
3160 3370 3323 3424 animo

1761 3462 1792 3498 a
1814 3449 2031 3513 cognatis
2046 3450 2205 3501 essent
2222 3448 2475 3509 alieniore,
2504 3448 2688 3497 amicos
2708 3448 2765 3498 iis
2792 3448 3060 3512 praetulisse
3084 3448 3217 3501 nulia
3243 3464 3321 3502 se-

1763 3542 1875 3578 cum
1893 3528 2245 3579 necessitudine
2263 3527 2504 3590 sanguinis
2527 3526 2810 3590 conjunctos
2836 3528 2969 3592 :jam
2995 3542 3110 3579 vero
3136 3531 3323 3581 constat

1765 3607 1853 3657 hos
1889 3606 2187 3658 adversarios
2220 3609 2410 3657 nostros
2444 3606 2716 3656 Nicostrato
2759 3619 2917 3669 neque
2950 3608 3322 3660 contubernales

1764 3686 1908 3737 fuisse
1925 3700 2081 3749 neque
2099 3685 2353 3736 familiares
2370 3698 2527 3749 neque
2542 3685 2593 3735 in
2610 3684 2779 3735 eodem
2796 3686 2965 3735 ordine
2986 3686 3105 3735 aciei
3120 3688 3320 3739 stetisse.

1767 3767 1838 3815 De
1858 3762 2037 3826 quibus
2053 3763 2278 3814 omnibus
2300 3765 2449 3815 testes
2464 3762 2797 3827 produximus.
2865 3762 2963 3823 (19)
2990 3763 3135 3821 Quod
3159 3767 3321 3815 autem

1766 3842 2035 3891 maximum
2054 3843 2154 3903 est,
2173 3843 2223 3891 et
2244 3840 2293 3890 in
2312 3840 2477 3904 primis
2495 3839 2805 3903 impudentiae
2834 3840 3083 3890 Chariadis
3108 3840 3325 3904 obloqui-

1765 3924 1864 3984 tur,
1885 3920 2153 3985 expendite.
2218 3922 2340 3969 Nam
2362 3932 2391 3968 a
2408 3933 2507 3982 quo
2526 3918 2747 3969 heredem
2766 3931 2819 3969 se
2835 3918 3015 3969 factum
3038 3917 3185 3980 dicit,
3208 3933 3321 3969 eum

1765 4002 1937 4065 proelio
1955 4000 2165 4050 occisum
2190 4011 2349 4062 neque
2369 3999 2562 4049 sustulit
2586 4010 2743 4060 neque
2774 4011 2891 4061 rogo
2920 3997 3145 4060 imposuit
3166 4012 3323 4062 neque

1767 4094 1873 4130 ossa
1899 4080 1940 4142 ej
1948 4092 2003 4129 us
2024 4079 2162 4141 legit,
2181 4078 2264 4127 sed
2282 4078 2373 4128 ista
2392 4076 2554 4127 omnia
2573 4075 2847 4125 bominibus
2861 4089 2892 4125 a
2916 4076 3189 4127 Nicostrato
3208 4078 3324 4129 alie-

1768 4160 1842 4211 nis
1861 4157 2126 4222 peragenda
2144 4156 2357 4221 permisit
2381 4174 2394 4206 ε
2416 4156 2555 4218 ecqui
2574 4154 2673 4217 jam
2694 4168 2791 4204 non
2808 4154 2870 4205 sit
2887 4155 2969 4206 ille
2988 4154 3324 4207 facinorosissi-

1769 4256 1895 4305 mus,
1921 4242 2035 4305 qui,
2060 4253 2211 4304 quum
2229 4239 2469 4303 justorum
2491 4238 2607 4287 nihii
2632 4237 2859 4288 defuncto
2880 4238 3095 4297 fecisset,
3114 4239 3326 4300 postulet

1769 4330 1826 4377 ut
1857 4326 1921 4376 ad
1961 4325 2065 4387 ejus
2100 4323 2413 4373 hereditatem
2444 4320 2757 4371 admittatur?
2823 4320 2923 4381 (20)
2950 4321 3012 4370 At
3045 4319 3290 4371 enimvero
3305 4358 3321 4385 ,

1768 4424 2047 4476 quanquam
2070 4409 2187 4460 nihii
2212 4409 2385 4459 borum
2420 4407 2557 4469 fecit,
2592 4406 2845 4455 facultates
2866 4405 3123 4456 Nicostrati
3159 4408 3325 4459 tamen

1769 4495 2151 4550 administravit?
2211 4494 2355 4557 Atqui
2376 4494 2451 4542 vei
2470 4490 2518 4541 in
2542 4492 2647 4541 haec
2670 4492 2816 4541 testes
2828 4488 3063 4551 dedimus,
3083 4492 3131 4541 et
3150 4491 3324 4542 horum

1769 4580 1997 4641 pleraque
2026 4586 2089 4624 ne
2120 4573 2221 4636 ipse
2244 4570 2440 4635 quidem
2474 4570 2709 4620 infitiatur
2734 4588 2747 4618 z
2774 4581 2933 4617 causae
2964 4580 3107 4629 vero,
3132 4569 3322 4631 opinor,

1769 4670 1880 4721 quae
1904 4656 2064 4717 aliquo
2086 4652 2231 4702 modo
2253 4649 2451 4712 proetexi
2484 4648 2688 4712 possint,
2710 4648 2759 4697 in
2780 4648 3003 4697 omnibus
3023 4646 3166 4697 rebus
3186 4647 3324 4697 inve·

1767 4735 1859 4786 uiri
1883 4734 2055 4784 soient.
2082 4730 2209 4791 Quid
2232 4730 2397 4791 itaque
2420 4728 2659 4789 reliquum
2679 4724 2810 4790 quod
2834 4725 3141 4788 obloquatur,
3160 4724 3205 4775 ei
3239 4724 3325 4789 qui

1769 4816 1959 4867 disertis
1978 4812 2137 4863 verbis
2156 4810 2337 4859 crimen
2360 4808 2599 4858 fateatur?

1833 4901 1910 4945 21.
1935 4894 2047 4941 Jam
2066 4891 2187 4941 bene
2208 4888 2407 4948 tenetis,
2423 4884 2611 4948 judices
2625 4920 2641 4946 ,
2660 4883 2777 4933 istos
2790 4882 2923 4931 nullo
2940 4880 3051 4944 jure
3066 4881 3323 4933 Nicostrati

1768 4984 1896 5035 bona
1940 4982 2189 5044 appetere,
2241 4975 2325 5026 sed
2372 4974 2467 5025 hoc
2502 4984 2641 5036 agere
2684 4972 2742 5021 ut
2780 4983 2893 5020 cum
2938 4982 3029 5019 vos
3066 4968 3322 5032 decipiant,

1769 5075 1876 5123 tum
1903 5072 1993 5121 hos
2013 5069 2099 5133 qui
2128 5064 2381 5119 Nicostrati
2405 5064 2594 5125 cognati
2610 5062 2750 5121 sunt,
2774 5060 2825 5109 et
2851 5058 3027 5121 quibus
3054 5057 3179 5119 leges
3199 5056 3323 5107 bona

1770 5163 1873 5227 ejus
1885 5154 2324 5218 contribuunt,·iiiis
2332 5152 2563 5204 evertant.
2614 5152 2795 5199 Verum
2812 5158 2909 5196 non
2924 5144 3183 5196 ehariades
3194 5145 3325 5197 solus

1771 5253 1820 5305 id
1847 5251 1973 5317 agit,
1998 5247 2081 5301 sed
2111 5247 2191 5299 alii
2214 5255 2409 5309 quoque
2436 5238 2705 5305 complures
2738 5234 3023 5288 hereditates
3048 5246 3215 5285 eorum
3239 5234 3323 5298 qui
