3825 5842
1321 453 2174 591 ΑΝΤΙΦΩΝ.

323 1253 844 1314 ΚΑΤΗΓΟΡΙΑ
886 1253 1498 1313 ΦΑΡΜΑΚΕΙΑΣ

471 1377 686 1436 ΚΑΤΑ
715 1376 878 1436 ΤΗΣ
918 1375 1338 1436 ΜΗΤΡΥΙΑΣ.

39 1735 56 1784 1
75 1735 88 1784 Ι
107 1735 121 1783 1
749 1743 1079 1793 moal-3212.

51 1905 100 1945 2⁵
131 1899 366 1956 Φιλόνεῶς
380 1915 451 1955 τις
463 1933 478 1958 ,
502 1897 630 1962 ἔχων
655 1897 898 1955 παλλακήν
915 1911 1047 1958 τινα,
1073 1895 1202 1959 φίλος
1221 1895 1280 1957 ἦν
1300 1900 1385 1946 τοῦ
1406 1897 1579 1960 πατρὸς
1609 1901 1696 1948 τοῦ

189 1971 400 2030 λέγοντος
431 1969 515 2017 τὸν
542 1969 707 2030 λόγον.
777 1968 929 2024 Οὗτος
965 1968 1222 2028 καταγνοὺς
1251 1973 1334 2026 τῆς
1363 1969 1602 2026 παλλακῆς
1631 1969 1696 2024 εἰς

187 2043 398 2101 πορνεῖον
416 2037 612 2095 στήσειν
629 2037 901 2096 ἠπείλησεν.
968 2037 1029 2085 ‘0
1047 2037 1096 2084 δὲ
1114 2037 1267 2098 πατὴρ
1283 2040 1367 2084 τοῦ
1385 2037 1598 2098 λέγοντος
1614 2037 1695 2085 τὸν

189 2109 330 2170 λόγον
344 2107 698 2166 τελευτησάσης
724 2107 856 2170 αὐτῷ
879 2113 960 2166 τῆς
981 2107 1201 2169 γυναικὸς
1224 2105 1448 2168 μητρυιὰν
1465 2111 1534 2169 τῷ
1564 2109 1694 2156 παιδὶ

51 2203 104 2244 ω
191 2179 494 2242 ἐπεισήγαγε.
559 2179 1026 2241 Κοινολογησαμένης
1051 2177 1102 2226 δὲ
1118 2176 1287 2234 ταύτης
1309 2181 1368 2238 τῇ
1384 2177 1600 2240 παλλακῇ
1619 2179 1696 2228 διὰ

191 2251 248 2299 τὸ
269 2249 484 2312 γείτονας
518 2249 638 2298 εἶναι
659 2250 742 2296 καὶ
771 2249 850 2297 διὰ
873 2249 928 2297 τὸ
957 2248 1072 2311 μηδὲ
1095 2247 1239 2305 αὐτὴν
1271 2245 1394 2294 πάνυ
1422 2246 1695 2308 ἀγαπᾶσθαι

192 2322 286 2370 ὑπὸ
307 2326 394 2368 τοῦ
419 2319 611 2382 ἀνδρός,
645 2319 797 2375 ἔδοξεν
828 2319 1108 2382 ἀμφοτέραις
1130 2316 1358 2381 φαρμάκῳ
1386 2316 1559 2366 ἀνελεῖν
1589 2319 1694 2376 τοὺς

193 2391 380 2454 ἄνδρας.
449 2388 942 2452 Κατασκευασάμεναι
982 2389 1032 2438 δὲ
1070 2390 1228 2451 ἑορτῆς
1269 2389 1410 2445 οὔσης
1445 2389 1527 2436 καὶ
1559 2394 1694 2452 κοινῇ

191 2467 288 2512 τῶν
329 2461 514 2524 ἀνδρῶν
551 2461 881 2523 σπενδομὲνων
923 2459 1080 2522 (φίλοι
1119 2459 1208 2523 γὰρ
1247 2458 1402 2522 ἦσαν)
1437 2460 1693 2510 δεδώκασιν

191 2533 468 2596 ἀμφοτέροις
484 2532 540 2580 τὸ
559 2531 800 2594 φάρμακον
821 2530 868 2579 ἐν
882 2530 1147 2593 ἐκπώματι·
1214 2532 1294 2578 καὶ
1315 2531 1342 2578 ό
1361 2531 1444 2593 μὲν
1461 2531 1696 2588 Φιλόνεως

190 2603 334 2652 πλέον
361 2603 528 2651 λαὸὼν
564 2607 860 2664 παραχρῆμα
897 2601 1120 2664 ἀνῃρέθη,
1144 2602 1171 2649 ό
1193 2601 1242 2649 δὲ
1269 2605 1352 2649 τοῦ
1380 2601 1590 2662 λέγοντος
1617 2602 1694 2650 τὸν

190 2673 333 2731 λόγον
357 2673 515 2735 πατὴρ
539 2671 734 2720 ἔλαττον
761 2671 920 2720 λαδὼν
939 2672 1005 2726 εἰς
1023 2670 1163 2719 νόσον
1189 2671 1420 2718 κατέπεσε
1437 2706 1451 2730 ,
1471 2671 1551 2718 καὶ
1571 2671 1695 2719 οὕτω

190 2745 412 2802 τέθνηκεν
431 2743 478 2798 ἐξ
519 2742 680 2800 αὐτῆς.
716 2741 776 2790 ‘0
800 2741 850 2789 δὲ
868 2745 977 2797 παῖς
997 2740 1220 2804 γράφεται
1242 2741 1326 2800 τήν
1346 2741 1568 2804 μητρυιὰν
1586 2757 1696 2805 φαρ-

193 2814 408 2878 μακείας.
422 2814 520 2863 Καὶ
539 2815 572 2871 ἡ
593 2811 676 2874 μὲν
689 2809 908 2867 ὑπόθεσις
931 2811 1069 2871 αὕτη,
1097 2813 1127 2869 ἡ
1148 2809 1312 2867 στάσις
1331 2811 1381 2860 δὲ
1404 2811 1692 2874 στοχασμός,

191 2891 388 2948 σημεῖον
413 2885 466 2933 δὲ
485 2883 542 2934 τὸ
566 2885 630 2947 μὴ
652 2884 797 2932 θέλειν
821 2883 978 2932 δοῦναι
996 2883 1104 2940 τοὺς
1123 2883 1306 2940 οἰκέτας
1328 2885 1392 2939 εἰς
1413 2883 1634 2946 βάσανον.

212 3021 350 3088 Νὲος
383 3019 482 3099 μὲν
524 3017 618 3080 καὶ
654 3017 865 3100 ἄπειρος
904 3019 1060 3076 δικῶν
1097 3015 1260 3095 ἔγωγε
1296 3015 1398 3091 ἔτι,
1435 3019 1609 3084 δεινῶς
1637 3015 1692 3076 δὲ

59 3133 113 3173 ae
136 3109 226 3171 καὶ
254 3108 468 3188 ἀπόρως
493 3105 604 3186 ἔχει
640 3130 731 3184 μοι
769 3105 891 3186 περὶ
922 3110 1012 3164 τοῦ
1041 3105 1377 3185 πράγματος,
1416 3093 1461 3163 ὦ
1489 3105 1692 3184 ἄνδρες,

129 3205 288 3260 τοῦτο
313 3197 408 3278 μὲν
431 3199 477 3255 εἰ
510 3195 895 3276 ἐπισκήψαντος
925 3199 1022 3252 τοῦ
1045 3193 1242 3274 πατρὸς
1267 3192 1552 3261 ἐπεξελθεῖν
1587 3200 1694 3261 τοῖς

134 3292 296 3348 αὑτοῦ
321 3290 532 3369 φονεῦσι
557 3281 634 3362 μὴ
659 3282 908 3361 ἐπέξειμι,
936 3287 1090 3340 τοῦτο
1110 3280 1166 3340 δὲ
1187 3285 1230 3341 εἷ
1257 3280 1504 3350 ἐπεξιόντι
1526 3282 1694 3360 ἀναγ-

133 3375 296 3442 καίως
331 3373 444 3454 ἔχει
479 3361 554 3438 οἷς
602 3370 796 3442 ἥκιστα
826 3371 984 3450 ἐχρῆν
1011 3371 1064 3428 ἐν
1093 3370 1316 3451 διαφορᾷ
1345 3372 1694 3441 καταστῆναι,

137 3465 375 3542 ἀδελφοῖς
390 3459 729 3539 ὁμοπατρίοις
749 3455 840 3516 καὶ
869 3455 1028 3538 μητρὶ
1053 3457 1308 3536 ἀδελφῶν.
1396 3457 1464 3536 (2)
1495 3455 1562 3516 ‘il
1591 3455 1693 3537 γὰρ

137 3551 273 3630 τύχη
301 3547 396 3607 καὶ
436 3547 585 3606 αὐτοὶ
623 3537 767 3604 οὗτοι
805 3543 1112 3622 ἠνάγκασαν
1157 3543 1274 3621 ἐμοὶ
1312 3542 1441 3623 πρὸς
1485 3543 1694 3611 τούτους

57 3660 110 3697 ω
138 3637 325 3704 αὐτοὺς
361 3635 449 3695 τὸν
479 3636 657 3713 ἀγῶνα
692 3636 1045 3705 καταστῆναι,
1079 3629 1166 3698 οὓς
1210 3631 1342 3698 εἰκὸς
1381 3623 1448 3704 ἧν
1492 3635 1566 3712 τῷ
1599 3629 1692 3708 μὲν

139 3729 379 3786 τεθνεῶτι
415 3721 676 3802 τιμωροὺς
701 3717 966 3800 γενέσθαι,
995 3720 1070 3798 τῷ
1099 3717 1144 3776 δ’
1169 3717 1418 3787 ἐπεξιόντι
1458 3715 1691 3798 βοηθούς.

140 3818 269 3876 Νῦν.
287 3812 344 3872 δὲ
369 3811 568 3871 τούτων
607 3809 856 3868 τάναντία
892 3807 1168 3886 γεγένηται
1188 3825 1203 3841 ·
1237 3806 1383 3866 αὐτοὶ
1419 3805 1521 3887 γὰρ
1553 3797 1693 3865 οὗτοι

141 3907 452 3960 καθεστᾶσιν
491 3895 740 3956 ἀντίδικοι
777 3893 868 3954 καὶ
909 3901 1105 3976 φονεῖς,
1141 3896 1211 3960 ὡς
1251 3891 1342 3951 καὶ
1383 3893 1487 3970 ἐγὼ
1525 3892 1616 3952 καὶ
1657 3897 1691 3965 ἡ

141 3987 310 4069 γραφὴ
338 3985 499 4065 λέγει.
587 3986 650 4061 (3)
671 3981 873 4060 Δέομαι
899 3982 943 4040 δ’
967 3984 1132 4058 ὑμῶν,
1155 3971 1198 4040 ὦ
1227 3981 1438 4061 ἄνδρες,
1465 3980 1556 4040 ἐὰν
1575 3983 1694 4038 ἐπι·

143 4076 284 4145 δείξω
318 4073 372 4142 ἐξ
399 4071 680 4143 ἐπιβουλῆς
701 4070 793 4130 καὶ
825 4067 1123 4151 προδουλῆς
1143 4066 1238 4140 τὴν
1263 4067 1460 4128 τούτων
1493 4068 1693 4148 μητέρα

141 4143 290 4246 φονέα
321 4154 483 4222 οὖσαν
505 4164 596 4219 τοῦ
624 4156 882 4238 ἡμετέρου
909 4155 1139 4238 πατρός,
1171 4155 1263 4215 καὶ
1296 4155 1370 4235 μὴ
1395 4154 1535 4224 ἅπαξ
1558 4156 1693 4232 ἅλλᾲ

145 4252 226 4311 καὶ
260 4248 521 4315 πολλάκις
557 4247 661 4320 ἤδη
693 4245 978 4326 ληφθεῖσαν
1017 4245 1106 4303 τὸν
1135 4243 1354 4302 θάνατον
1382 4242 1469 4302 τὸν
1500 4243 1693 4303 ἐκείνου

147 4343 220 4399 ἐπ’
249 4336 544 4420 αὗτοφώρῳ
577 4333 991 4415 μηχανωμένην,
1012 4335 1310 4412 τιμωρῆσαι
1352 4334 1557 4410 πρῶτον
1600 4332 1694 4409 μὲν

55 4431 243 4496 112τοῖς
259 4427 439 4504 νόμοις
459 4425 567 4490 τοῖς
591 4421 879 4501 ὗμετέροις,
909 4418 996 4487 οὓς
1016 4419 1162 4499 παρὰ
1192 4423 1296 4477 τῶν
1325 4421 1454 4477 θεῶν
1480 4417 1570 4477 καὶ
1592 4422 1695 4478 τῶν

149 4514 405 4595 προγόνων
440 4508 799 4586 διαδεξάμενοι
825 4506 964 4566 κατὰ
990 4507 1052 4566 τὸ
1075 4504 1212 4565 αὐτὸ.
1233 4504 1443 4572 ἐκείνοις
1463 4503 1582 4586 περὶ
1605 4509 1697 4577 τῆς

149 4599 549 4682 καταψηφίσεως
576 4596 838 4668 δικάζετε,
872 4593 1106 4674 δεύτερον
1134 4591 1180 4652 δ’
1207 4593 1387 4672 ἐκείνῳ
1411 4595 1486 4672 τῷ
1525 4599 1698 4665 τεθνη-

149 4688 254 4748 κότι
271 4733 290 4762 ,
333 4687 426 4746 καὶ
453 4683 570 4762 ἅμα
605 4683 724 4755 ἐμοὶ
765 4681 908 4763 μόνῳ
946 4679 1373 4760 ἀπολελειμμένῳ
1415 4683 1691 4758 βοηθῆσαι.

154 4777 210 4856 (4)
238 4775 424 4851 Ὑμεῖς
451 4773 556 4852 γάρ
598 4793 688 4848 μοι
716 4771 1020 4848 ἀναγκαῖοι·
1062 4769 1147 4835 οὓς
1175 4767 1279 4849 γὰρ
1314 4770 1472 4848 ἐχρῆν
1501 4771 1576 4848 τῷ
1602 4766 1696 4842 μὲν

151 4867 383 4921 τεθνεῶτι
412 4857 674 4938 τιμωροὺς
715 4857 986 4936 γενέσθαι,
1023 4855 1140 4933 ἐμοὶ
1185 4855 1240 4914 δὲ
1279 4853 1526 4934 βοηθούς,
1557 4845 1698 4912 οὗτοι

150 4956 232 5009 τοῦ
261 4949 358 5028 μὲν
381 4951 657 5014 τεθνεῶτος
686 4949 854 5026 φονεῖς
879 4943 1215 5024 γεγένηνται,
1237 4942 1357 5020 ἐμοὶ
1379 4943 1427 5000 δ’
1452 4940 1699 5000 ἀντίδικοι

153 5044 449 5098 καθεστᾶσι.
533 5034 677 5116 Πρὸς
707 5033 851 5101 τίνας
879 5022 967 5092 οὗν
996 5033 1137 5091 ἔλθοι
1167 5053 1244 5098 τις
1274 5027 1490 5111 βοηθούς
1507 5025 1580 5102 ,ἢ
1609 5029 1702 5086 ποῖ

153 5127 240 5197 τὴν
267 5122 576 5207 καταφυγὴν
608 5121 886 5196 ποιήσεται
909 5120 1090 5181 ἄλλοθι
1124 5117 1161 5192 ἢ
1203 5117 1332 5198 πρὸς
1357 5121 1492 5196 ὑμᾶς
1527 5115 1618 5177 καὶ
1639 5117 1700 5176 τὸ

157 5213 344 5276 δίκαιον
361 5235 382 5292 3

360 5327 620 5366 οιΑτοιῐ-ε.

2542 1093 2595 1149 1.

1907 1254 2176 1318 NEGIS
2228 1259 2733 1321 VENEFIGIO
2781 1261 3226 1322 PATRATAE

2042 1379 2468 1443 AGCUSATIO
2514 1383 2597 1444 IN
2639 1382 3082 1445 NOVERCAM.
3175 1403 3181 1408 ·

2339 1707 2798 1762 anonumum.

2792 1840 3034 1895 (sm-⁶06
3052 1844 3121 1890 ed.
3142 1846 3325 1903 Relsk.)

1785 1909 2037 1957 Philonem
2066 1913 2281 1968 quidam.
2315 1915 2578 1963 concubina
2616 1918 2776 1974 utens,
2812 1922 2956 1976 patris
2984 1922 3123 1979 hujus
3148 1929 3350 1972 oratoris

1839 1980 2015 2024 amicus
2044 1983 2159 2027 erat.
2214 1983 2327 2038 Hic,
2346 1984 2617 2031 concubina
2644 1985 2919 2043 redarguens
2934 2022 2948 2045 ,
2967 1993 3009 2036 el
3032 1993 3233 2040 minatus
3251 1998 3351 2041 erat

1842 2047 1892 2092 in
1929 2049 2128 2104 lupanar
2152 2051 2499 2099 traducturum.
2555 2055 2691 2100 Pater
2712 2059 2907 2106 oratoris
2924 2091 2938 2113 ,
2958 2063 3144 2107 mortua
3172 2075 3348 2119 uxore,

1839 2127 2085 2162 novercam
2105 2119 2202 2164 tilio
2222 2122 2560 2176 superinduxit.
2605 2125 2722 2180 Quae
2742 2135 2849 2170 cum
2868 2129 3020 2173 scorto
3040 2128 3351 2177 familiaritate

1841 2187 2079 2231 contracta
2108 2187 2274 2238 (erant
2305 2189 2425 2233 enim
2456 2191 2647 2244 vicinae)
2664 2223 2678 2245 ‚
2698 2192 2769 2244 et,
2799 2194 2905 2248 quia
2928 2206 3021 2240 non
3048 2196 3297 2244 admodum
3322 2211 3351 2244 a

1842 2254 2007 2299 marito
2022 2253 2314 2311 diligebatur,
2330 2259 2518 2314 utrique
2538 2260 2821 2315 propositum
2838 2265 2907 2306 est
2924 2275 3101 2311 veneno
3120 2267 3243 2311 viros
3266 2268 3349 2312 tol-

1840 2320 1953 2366 lere.
2007 2323 2163 2378 Quum
2184 2324 2339 2380 itaque
2355 2325 2454 2370 dies
2470 2326 2613 2372 festus
2626 2329 2759 2380 esset.
2775 2332 2821 2374 et
2841 2330 2952 2385 ipsae
2970 2331 3029 2376 ad
3048 2344 3145 2378 rem
3165 2337 3349 2390 paratae.

1834 2388 2022 2444 Jamque
2048 2391 2135 2435 viti
2157 2394 2463 2441 oemmuniter
2492 2393 2691 2440 libarent
2710 2397 2879 2452 (amici
2907 2399 3029 2444 enim
3049 2406 3179 2447 erant
3194 2404 3210 2456 )
3224 2437 3237 2457 ,
3257 2415 3351 2450 am·

1839 2456 1993 2502 bobus
2014 2469 2239 2504 venenum
2259 2461 2308 2505 in
2327 2463 2495 2516 poculo
2516 2465 2783 2518 propinant.
2844 2466 3119 2524 Philonem,
3140 2473 3222 2527 <lul
3245 2473 3349 2528 plus

1839 2525 2083 2581 hauserat,
2110 2529 2265 2573 statim
2298 2532 2487 2576 enectus
2508 2533 2602 2585 est;
2638 2535 2771 2588 pater
2804 2536 2961 2580 autem
2985 2539 3181 2584 oratoris
3208 2539 3349 2595 hujus

1838 2595 1996 2640 minus
2016 2596 2235 2642 hauriens
2252 2598 2300 2642 in
2320 2597 2539 2644 morbum
2567 2600 2765 2656 incidit,
2785 2614 2845 2648 ex
2866 2615 3013 2660 eoque
3030 2609 3243 2652 mortuus
3262 2611 3346 2654 est.

1839 2665 2067 2720 Quocirca
2094 2664 2213 2710 tilius
2232 2678 2477 2712 novercam
2495 2668 2708 2714 veneficii
2730 2675 2931 2718 accusat.
2988 2675 3087 2720 Hoc
3104 2686 3347 2733 argumen-

1843 2736 1941 2779 tum
1959 2737 2043 2780 est.
2099 2737 2259 2782 Causae
2278 2739 2441 2792 status,
2460 2741 2787 2796 conjecturalis
2807 2743 3061 2797 :iudicium
3080 2757 3217 2802 vero,
3235 2749 3347 2804 qula

1838 2815 1997 2852 servos
2016 2805 2076 2850 ad
2094 2807 2407 2863 torquendum
2431 2808 2543 2855 dare
2560 2811 2732 2857 noluit.

1844 3028 2237 3080 Adulescentulus
2247 3041 2399 3092 quum
2416 3031 2507 3082 sim
2518 3032 2677 3084 adhuc
2688 3035 2739 3084 et
2756 3034 3015 3085 forensium
3028 3049 3191 3086 rerum
3206 3036 3346 3099 plane

1783 3101 2061 3163 imperitus,
2094 3100 2407 3150 vehementer
2441 3103 2703 3153 sollicitum
2734 3118 2813 3155 me
2852 3107 2904 3154 et
2938 3106 3124 3156 consilii
3152 3108 3344 3170 inopem

1783 3171 1932 3221 habet
1950 3171 2057 3221 haec
2074 3183 2247 3232 causa,
2274 3171 2469 3221 Judices
2495 3191 2508 3222 ι
2530 3185 2645 3222 nam
2674 3173 2736 3222 ab
2758 3187 2853 3223 una
2876 3177 3013 3236 parte
3046 3175 3207 3227 scelus
3238 3179 3344 3228 fue-

1785 3243 1879 3304 rit,
1897 3241 1950 3290 in
1980 3240 2219 3292 mandatis
2249 3243 2566 3307 exsequendis
2584 3256 2769 3294 cessare
2794 3244 2945 3308 patris
2970 3245 3076 3306 eius
3100 3246 3185 3309 qui
3210 3253 3346 3299 necis

1784 3325 1886 3362 suae
1903 3325 2073 3375 poenas
2096 3313 2153 3361 ut
2170 3311 2231 3361 ab
2248 3313 2527 3363 auctoribus
2546 3317 2812 3376 repeterem
2845 3316 2964 3364 mihi
2982 3315 3248 3380 delegavit3
3278 3321 3345 3370 ab

1783 3383 1937 3432 altera
1966 3383 2103 3446 parte
2124 3382 2437 3444 peracerbum
2456 3383 2658 3445 accidit,
2678 3384 2814 3446 quod
2830 3384 2921 3434 ista
2938 3386 3165 3436 mandata
3191 3391 3341 3450 patris

1784 3466 2052 3516 exsequens
2082 3454 2239 3502 iacere
2268 3466 2365 3502 non
2391 3466 2587 3516 possum
2622 3455 2743 3516 quin
2772 3455 3100 3506 simultatibus
3130 3457 3346 3521 implicer

1785 3537 1896 3573 cum
1909 3525 1968 3573 iis
1982 3560 1995 3584 ,
2020 3536 2133 3571 cum
2153 3523 2329 3584 quibus
2346 3521 2455 3571 odia
2476 3523 2650 3586 suscipi
2668 3525 2887 3574 omnium
2906 3525 3107 3575 minime
3124 3526 3342 3592 decebat,

1785 3609 1896 3644 cum
1930 3594 2157 3644 fratribus
2181 3591 2351 3641 eodem
2387 3595 2524 3656 patre
2563 3595 2689 3644 natis
2734 3596 2785 3644 et
2816 3608 2928 3644 cum
2966 3609 3135 3646 eorum
3168 3603 3339 3651 matre.

1791 3667 1856 3728 (2)
1885 3670 1956 3716 Ea
1975 3667 2050 3715 est
2078 3663 2205 3714 enim
2239 3664 2382 3714 sortis
2410 3677 2533 3714 meoe
2558 3666 2711 3728 ratio,
2732 3667 2788 3715 ut
2815 3665 2877 3715 ab
2906 3666 2964 3716 iis
2989 3666 3103 3729 ipsis
3120 3680 3263 3729 cogar
3292 3669 3341 3717 in

1787 3738 1880 3786 hoc
1902 3735 2131 3784 adversus
2156 3733 2285 3795 ipsos
2311 3735 2553 3783 certamen
2580 3733 2867 3785 descendere
2882 3773 2898 3797 ,
2937 3748 3059 3798 quos
3090 3741 3343 3787 consenta-

1782 3821 1931 3857 neum
1956 3807 2061 3856 erat
2087 3805 2137 3854 et
2158 3805 2405 3865 perempto
2430 3804 2609 3854 ultores
2637 3819 2919 3855 succurrere
2950 3808 3001 3855 et
3032 3807 3205 3856 vindici
3229 3822 3343 3861 san-

1783 3875 1939 3938 guinis
1968 3874 2155 3938 paterni
2186 3873 2471 3922 auxiliatum
2504 3875 2686 3925 venire.
2750 3878 2892 3925 Nunc
2912 3878 3080 3925 contra
3101 3877 3207 3927 haec
3228 3892 3346 3930 evo-

1782 3951 1961 4000 nerunt
1994 3947 2173 3998 omnia.
2236 3946 2298 3997 Hi
2335 3946 2466 3996 enim
2502 3947 2591 4010 ipsi
2622 3947 2932 3998 adversantes
2962 3949 3081 3998 mihi
3124 3954 3255 4001 stant
3293 3951 3347 4003 in

1784 4024 1962 4090 judicio
1986 4025 2035 4073 et
2062 4021 2312 4085 parricidae
2325 4058 2340 4083 ,
2372 4023 2431 4071 ut
2456 4023 2506 4071 et
2544 4035 2629 4085 ego
2670 4023 2779 4072 dico
2810 4026 2860 4073 et
2885 4023 3076 4074 libellus
3100 4031 3343 4078 accusato·
3392 4033 3417 4056 ¹·

1783 4101 1884 4150 rius
1913 4097 2154 4162 exprimit.
2218 4097 2285 4158 (3)
2318 4097 2436 4145 Peto
2474 4098 2637 4146 autem
2664 4109 2693 4144 a
2725 4097 2887 4158 vobis,
2924 4098 3141 4160 Judicoe,
3170 4100 3211 4148 si
3242 4103 3343 4163 pla-

1783 4189 1902 4227 num
1932 4175 2088 4224 fecero
2130 4172 2333 4219 matrem
2371 4170 2545 4219 horum
2595 4171 2903 4232 (novercam
2940 4173 3135 4234 mam)
3175 4187 3345 4227 necem

1784 4253 1830 4304 ei
1857 4248 2011 4314 patri,
2037 4247 2121 4310 qui
2148 4243 2265 4295 mihi
2292 4257 2405 4292 cum
2443 4241 2670 4292 fratribus
2696 4243 2963 4293 communis
2992 4247 3092 4307 est,
3124 4247 3345 4298 nefandis

1783 4324 1969 4373 artibus
1988 4321 2231 4371 volentem
2260 4316 2542 4367 conscivisse
2557 4353 2572 4378 ‚
2590 4329 2710 4378 quas
2735 4317 2861 4365 artes
2880 4329 2938 4366 ea
2971 4331 3070 4367 non
3092 4321 3239 4370 semel
3258 4322 3343 4372 sed

1785 4398 1953 4450 crebro
1970 4396 2022 4445 in
2047 4393 2196 4458 patris
2228 4393 2411 4457 pestem
2438 4390 2659 4439 factitans
2689 4388 2980 4452 deprehensa
3010 4391 3127 4454 fuit,
3156 4394 3213 4442 ut
3241 4395 3344 4457 pri·

1784 4486 1921 4523 mum
1947 4468 2143 4533 quidem
2168 4467 2296 4528 leges
2311 4467 2495 4514 vestras
2515 4462 2788 4526 vindicetis,
2807 4477 2929 4527 quas
2945 4478 2976 4514 a
2996 4465 3087 4516 diis
3103 4468 3154 4516 et
3182 4480 3212 4516 a
3238 4481 3343 4518 ma-

1781 4543 1967 4604 joribus
1999 4540 2171 4591 vestris
2199 4553 2286 4602 per
2315 4549 2489 4587 manus
2516 4536 2716 4587 traditas
2734 4538 2892 4600 nacti,
2920 4540 2979 4588 ad
3011 4553 3179 4590 earum
3216 4554 3342 4603 prae-

1785 4619 2021 4682 scriptum
2058 4615 2305 4677 diligenter
2344 4611 2551 4662 statuitis
2585 4610 2646 4660 de
2680 4611 3081 4664 condemnatione
3120 4627 3341 4677 reorum3

1787 4689 1960 4738 deinde
1972 4691 2134 4738 autem
2145 4724 2161 4750 ,
2186 4689 2243 4737 ut
2258 4687 2381 4750 patri
2400 4686 2666 4748 perempto,
2686 4697 2877 4748 unaque
2892 4687 3011 4736 mihi
3026 4700 3238 4750 quoque,
3260 4689 3344 4750 qui

1786 4765 1920 4813 solus
1944 4764 2006 4813 ab
2023 4763 2247 4812 omnibus
2270 4760 2528 4810 derelictus
2553 4771 2747 4809 causam
2764 4760 2867 4822 ejus
2886 4774 3002 4824 ago,
3030 4760 3342 4811 subveniatis..

1791 4841 1857 4902 (4)
1882 4839 1982 4887 Vos
2011 4840 2140 4887 enim
2169 4837 2289 4887 milu
2316 4848 2447 4884 nunc
2477 4836 2587 4885 loco
2622 4836 2995 4885 necessariorum
3030 4836 3160 4887 estis.
3222 4839 3345 4920 Nam

1788 4925 1910 4976 quos
1931 4911 2183 4975 oportebat
2207 4909 2397 4960 sublato
2413 4910 2612 4971 ultores,
2636 4910 2755 4960 mihi
2780 4912 2943 4959 autem
2969 4911 3124 4960 socios
3146 4921 3247 4958 esse
3261 4945 3275 4969 ,
3296 4909 3345 4956 ln

1787 4987 1921 5038 necis
1946 4987 1997 5036 in
2027 4985 2109 5034 illo
2126 4987 2327 5048 patratae
2352 4986 2489 5034 reatu
2519 4997 2571 5034 se
2599 4983 2811 5046 obligant
2834 4985 2885 5032 et
2909 4983 2957 5032 in
2982 4983 3163 5042 judicio
3188 4993 3345 5031 caus-‘n

1788 5075 1911 5112 meoe
1928 5061 2058 5110 stant
2078 5058 2354 5109 adversarii.
2387 5061 2497 5109 Jam
2514 5070 2751 5120 quosnam
2780 5055 2843 5106 ad
2876 5057 2996 5106 alios
3018 5056 3128 5118 quis
3148 5053 3343 5104 accedat

1789 5136 2025 5188 auxilium
2056 5135 2304 5198 rogatum?
2320 5147 2419 5196 quo
2444 5132 2554 5197 quis
2573 5131 2667 5181 alio
2693 5131 2955 5194 perfugiat,
2978 5143 3126 5194 quam
3147 5128 3210 5179 ad
3236 5143 3342 5196 vos,

1790 5215 1840 5262 et
1855 5210 1921 5262 ad
1938 5210 2020 5274 ius
2036 5221 2235 5274 oequum
2248 5208 2272 5256 t

2094 5315 2098 5320 ·
3124 5304 3144 5346 l
