3825 5842
125 496 314 577 <sn-0⁷)

125 621 294 691 ὅητεῑν.
376 606 546 683 Οὗτος
579 611 710 693 γάρ,
761 610 839 669 ὅτ’
886 608 1137 686 ἐπεδήμει
1185 608 1390 683 ἐνθάδε,
1439 612 1644 691 πρῶτον

123 706 202 783 μὲν
227 708 292 772 εἰς
316 704 374 763 τὸ
402 699 756 781 δεσμωτήριον
785 701 854 765 ὣς
887 697 1114 769 κλέπτης
1157 695 1228 755 ὢν
1257 698 1340 755 ἐπ’
1361 695 1645 777 αὐτοφώρῳ

123 791 346 871 ἀπήχθη,
374 788 492 848 τότε
537 786 592 846 δὲ
621 784 822 867 ἀφεθεὶς
853 786 963 862 μεθ’
994 782 1181 865 ἑτέρων
1221 787 1373 843 τινῶν
1405 785 1507 844 ὑπὸ
1544 788 1645 844 τῶν

123 882 304 953 ἕνδεκα,
328 876 415 944 οὒς
439 874 669 956 δημοσία
697 872 991 940 ἅπανταςς
972 877 1119 950 υμεῖς
1145 872 1513 947 ἀπεκτείνατε,
1539 872 1645 931 πά-

63 991 103 1029 25
123 972 190 1026 λιν
217 965 524 1047 ἄπογραφεις
550 968 621 1032 εἰς
653 961 749 1035 τὴν
787 962 978 1041 βουλὴν
1007 966 1338 1043 κακουργῶν,
1361 965 1645 1042 ὑποχωρῶν

123 1081 211 1139 ωχε
195 1080 268 1115 ,το
302 1080 392 1114 και
421 1058 520 1135 οὐχ
539 1052 852 1128 ὖπήκουσεν,
894 1050 1008 1110 ἀλλ’
1040 1051 1131 1110 ἀπ’
1169 1050 1362 1111 ἐκείνου
1389 1050 1644 1110 ἑπτακαί-

125 1170 230 1203 οεκα
263 1146 384 1203 ἐτῶν
411 1141 656 1212 Ἀθήναζε
685 1142 781 1200 οὐκ
823 1138 1059 1221 ἀφίκετο,
1087 1138 1226 1211 πλὴν
1262 1138 1440 1211 ἐπειδὴ
1487 1138 1644 1198 Νικό-

127 1254 316 1339 στρατος
342 1228 586 1288 ἀπέθανε.
673 1230 761 1306 (aa)
791 1226 896 1286 Καὶ
921 1226 1050 1308 ὑπὲρ
1065 1225 1160 1305 μὲν
1189 1229 1332 1303 υμῶν
1353 1225 1470 1285 οὗτε
1488 1249 1646 1302 στρα-

125 1320 244 1377 τείαν
277 1316 518 1395 οὐδεμίαν
561 1316 902 1395 ἐστράτευται
943 1313 1061 1373 οὔτε
1111 1314 1354 1395 εἰσφορὰν
1404 1313 1648 1391 οὐδεμίαν

129 1408 421 1487 εἰσενήνοχε,
454 1406 614 1515 πλὴν,
637 1404 684 1463 εἶ
710 1427 760 1461 τι
788 1402 890 1484 ἄρα
931 1401 982 1471 ἐξ
1019 1401 1138 1463 ὅτου
1161 1408 1264 1462 τῶν
1292 1402 1648 1482 Νικοστράτου

126 1494 518 1576 ἧμφισὸήτησεν,
555 1490 663 1551 οὔτ’
708 1491 822 1549 ἄλλ’
861 1488 1003 1549 οὐδὲν
1054 1495 1176 1569 ὑμῖν
1212 1488 1648 1572 λελειτούργηκεν.

125 1583 328 1643 Ἔπειτα
368 1604 594 1647 τοιουτος
633 1577 704 1637 ὢν
733 1581 826 1638 οὔκ
859 1581 1040 1659 ἀγαπᾷ
1087 1580 1133 1637 εἰ
1161 1575 1234 1655 μὴ
1260 1582 1362 1637 τῶν
1406 1582 1647 1659 ἡμαρτη-

67 1691 108 1731 ³0
127 1672 270 1747 μένων
298 1671 444 1743 δίκην
472 1668 646 1741 δώσει,
671 1665 806 1725 ἀλλὰ
829 1666 918 1725 καὶ
943 1689 1046 1725 των
1071 1666 1353 1747 ἀλλοτρίων
1383 1665 1650 1747 α’μφισὸη·

125 1768 211 1819 τεῑ.
291 1758 376 1839 (ao)
427 1760 493 1817 Ei
537 1756 632 1835 μὲν
666 1746 753 1813 ουν
798 1754 904 1814 οἵδε
951 1753 1363 1837 φιλοπράγμονες
1401 1750 1435 1823 ἢ
1478 1752 1651 1820 ἄλλοις

125 1846 270 1925 ὅμοιοι
298 1837 590 1913 πολίταις’*
558 1868 712 1918 ησαν,
741 1842 922 1911 ἴσως*
895 1866 956 1901 αν
993 1844 1050 1901 οὗ
1087 1842 1207 1924 περὶ
1233 1846 1335 1901 τῶν
1361 1841 1651 1923 Νικοστρά-

123 1958 200 1993 του
236 1934 518 2014 χρημάτων
531 1932 913 2043 ᾕμφισὸήτει,
965 1930 1080 1989 ἀλλ’
1122 1930 1250 2011 ὑπὲρ
1294 1935 1382 1989 τοῦ
1412 1928 1652 2006 σώματος

123 2024 392 2131 ἠγωνίζετο·
414 2026 504 2079 νῦν
528 2022 594 2093 δ’,
617 2044 660 2077 ω
623 2008 860 2100 Ὗᾶνδρες
879 2016 1146 2090 δικασταί,
1169 2022 1348 2075 τοῦτον
1369 2014 1462 2093 μὲν
1481 2016 1652 2089 ἄλλος,

127 2110 202 2167 ἐάν
224 2134 292 2177 τις
315 2110 592 2189 βουληται,
622 2106 1005 2187 τιμωρήσεται,
1033 2104 1259 2165 τουτοισὶ
1289 2106 1336 2163 δ’
1357 2108 1501 2179 ὑμεῖς
1527 2109 1652 2183 βοη-

127 2194 434 2270 θήσατε,καὶ
461 2193 535 2273 μὴ
578 2194 700 2274 περὶ
738 2193 971 2260 πλείονος
1010 2191 1287 2263 ποιήσεσθε
1321 2190 1437 2258 τους
1466 2190 1653 2258 ἀδίκως

59 2308 100 2343 as
125 2284 380 2365 τάλλότρια
411 2282 548 2362 ἔχειν
579 2279 914 2363 βουλομένους
939 2280 974 2352 ἢ
1003 2280 1118 2347 τοὺς
1143 2278 1277 2359 γε’νει
1315 2282 1390 2360 τῷ
1416 2282 1652 2338 τεθνεῶτι

123 2372 457 2451 προσήκοντας
484 2371 574 2430 καὶ
601 2369 762 2451 χωρὶς
791 2368 984 2428 τούτων
1025 2369 1126 2441 ἤδη
1150 2392 1200 2426 τι
1224 2370 1413 2428 ἐκεῖνον
1450 2369 1652 2449 εὐεργε-

125 2462 349 2533 τηκότας,
393 2459 532 2519 ἀλλὰ
559 2458 649 2518 καὶ
679 2462 781 2517 τῶν
807 2456 978 2535 νόμων
1003 2454 1412 2532 ἀναμνησθέντες
1434 2456 1523 2515 καὶ
1551 2460 1651 2515 τῶν

122 2550 268 2627 ὅρκων
292 2548 376 2614 οὓς
401 2546 676 2623 ὠμόσατε,
724 2545 850 2626 πρὸς
895 2544 948 2603 δὲ
977 2542 1173 2610 τούτοις
1195 2542 1286 2603 καὶ
1321 2546 1421 2603 τῶν
1451 2567 1650 2625 μαρτυ-

123 2638 228 2715 ριῶν
255 2635 312 2702 ἃς
335 2640 495 2715 ἡμεῖς
521 2632 904 2715 παρεσχήμεθα
920 2678 936 2707 ,
953 2632 1020 2691 τὰ
1046 2630 1220 2691 δίκαια
1247 2631 1560 2713 ψηφίσασθε.
1617 2694 1622 2699 ,

835 2933 907 2994 V.

57 3118 106 3164 50
199 3106 378 3166 ΠΕΡΙ
422 3103 580 3163 ΤΟΥ
619 3100 1186 3161 ΔῙΚΑῙΟΓΕΝΟΥΣ
1229 3100 1556 3162 ΚΛΗΡΟΥ.

713 3257 1040 3307 moenam.

121 3403 432 3465 Δικαιογένους
466 3400 830 3458 τελευτήσαντος
851 3398 1048 3453 ἄπαιδος
1069 3396 1148 3447 ἐπὶ
1166 3396 1415 3459 τέσσαρσιν
1440 3396 1653 3460 ἀδελφαῖς

169 3474 381 3535 Πρόξενος
421 3472 513 3532 ἧκε
546 3470 768 3528 διαθήκην
797 3468 938 3531 ἔχων,
981 3468 1028 3517 ἐν
1064 3466 1094 3529 ἦ
1122 3468 1420 3529 Δικαιογένης
1453 3470 1478 3516 ὁ
1507 3469 1655 3517 τελευ·

169 3546 302 3601 τήσας
323 3547 407 3593 τὸν
425 3546 532 3592 υἱὸν
548 3542 692 3590 αὐτοῦ
706 3577 721 3602 ,
745 3546 827 3589 τοῦ
849 3541 1074 3604 Προξένου
1089 3574 1104 3601 ,
1129 3540 1433 3601 Δικαιογένην
1457 3540 1556 3589 υἱὸν
1581 3542 1654 3589 Θε-

167 3616 238 3663 ἰὸν
261 3616 524 3674 ἐποιήσατο
564 3613 639 3662 ἐπὶ
685 3617 756 3676 τῷ
793 3610 934 3674 τρίτῳ
971 3612 1096 3674 μέρει
1127 3615 1207 3668 τῆς
1238 3610 1414 3665 οὐσίας.
1481 3612 1656 3660 Τοῦτον

169 3686 212 3733 δὲ
239 3686 317 3733 τὸν
331 3686 512 3748 τρόπον
539 3682 907 3745 διανειμαμένων
929 3681 1082 3729 αὐτῶν
1119 3681 1204 3738 τήν
1228 3680 1338 3737 ὅλην
1370 3678 1554 3739 οὐσίαν,
1585 3696 1657 3729 τε·

171 3756 368 3805 ὶευταῖον
415 3754 558 3815 ἦλθεν
584 3755 612 3802 ὀ
645 3754 744 3808 υἱὸς
771 3752 996 3815 Προξένου
1032 3751 1334 3812 Δικαιογένης
1360 3748 1552 3813 φάσκων
1583 3750 1657 3799 ἐπὶ

169 3828 244 3888 ὅλῃ
269 3832 328 3890 τῇ
357 3824 506 3887 οὗσία
543 3823 779 3885 γεγονέναι
801 3821 928 3883 υἱός,
951 3823 1032 3871 καὶ
1055 3823 1248 3880 νικήσας
1277 3820 1470 3869 ἀνέλαβε
1501 3822 1581 3869 καὶ
1601 3820 1660 3869 τὰ

169 3864 244 3945 δύο
259 3898 372 3959 μέρη
393 3900 493 3945 τῶν
509 3894 718 3955 ἀδελφῶν
732 3895 816 3941 τοῦ
833 3890 1205 3949 τελευτήσαντος.
1227 3890 1449 3953 Ὕστερον
1463 3889 1600 3939 πάλιν
1615 3893 1659 3939 οἱ

169 3967 315 4021 παῖδες
341 3970 440 4013 τῶν
465 3963 672 4024 ἀδελφῶν
692 3960 1004 4023 δικασόμενοι
1037 3962 1149 4023 πρὸς
1172 3961 1476 4023 Δικαιογὲνην
1500 3960 1658 4017 ἐνίκη-

169 4052 262 4087 σαν.
281 4036 360 4084 καὶ
381 4034 606 4084 συνέθετο
626 4030 928 4091 Δικαιογὲνης
909 4030 1195 4079 ἀποδοῦναι
1214 4030 1350 4079 πάλιν
1363 4030 1423 4079 τὰ
1447 4030 1530 4079 δύο
1548 4032 1662 4094 μέρη

167 4106 314 4161 αὐτοῖς
336 4104 530 4164 καθαρὰ
549 4103 630 4151 καὶ
657 4102 872 4163 ἀνέπαφα
886 4136 900 4160 ,
927 4100 1276 4163 ἐγγυησαμένου
1293 4104 1441 4149 ταῦτα
1467 4101 1666 4165 Λεωχά-

168 4191 284 4237 ρους.
299 4178 399 4225 Νῦν
427 4176 480 4223 δὲ
501 4172 796 4236 ἀρνουμένων
813 4172 874 4219 τὰ
891 4170 1084 4227 δόξαντα
1107 4175 1200 4219 τῶν
1237 4172 1339 4233 περὶ
1365 4172 1664 4234 Δικαιογένην

169 4248 240 4294 καὶ
262 4244 548 4309 Λεωχάρην,
565 4244 840 4305 ἐγκαλοῦσιν
863 4244 910 4290 oi
927 4242 1090 4297 παῖδες
1105 4245 1199 4289 τῶν
1217 4240 1422 4304 ἀδελφῶν
1448 4243 1664 4303 περὶτῶν

169 4318 244 4365 δύο
276 4322 432 4379 μενῶ)
451 4318 526 4376 τῷ
547 4314 630 4375 μὲν
659 4316 722 4369 ὡς
741 4312 1023 4375 συνθεμένῳ,
1055 4317 1124 4376 τῷ
1151 4310 1201 4361 δὲ
1238 4313 1302 4368 ὡς
1324 4311 1542 4375 ‘wavi-
1606 4313 1666 4363 Ἡ

169 4387 324 4445 στάσις
347 4384 660 4449 στοχασμὸς·
675 4384 915 4447 ἀρνοῦνται
934 4382 1040 4445 γάρ.

77 4556 95 4585 c
187 4521 420 4607 ᾬόμεθα
459 4520 580 4599 μέν,
608 4544 653 4577 ω
677 4517 885 4599 ἄνδρες,
915 4518 1033 4599 περὶ
1075 4524 1146 4578 ὥν
1177 4518 1250 4577 διε
1227 4516 1510 4598 εφερόμεθα
1543 4542 1670 4601 προς

124 4611 468 4691 Δικαιογένην,
494 4632 564 4666 τα
589 4606 968 4685 ωμολογημένα
994 4606 1080 4665 ἐπὶ
1102 4612 1190 4666 τοῦ
1217 4606 1555 4687 δικαστήριου
1583 4630 1672 4666 κυ-

127 4720 198 4775 pta
232 4703 353 4775 ἡμῖν
396 4696 631 4755 ἔσεσθαν
669 4694 984 4764 ἀποστάντος
1019 4694 1121 4776 γὰρ
1158 4692 1518 4774 Δικαιογένους
1563 4695 1669 4755 τοῖν

128 4786 244 4893 {univ
265 4794 444 4866 μεροῖν
477 4788 570 4841 τοῦ
603 4782 828 4863 κλήρου,
855 4806 945 4842 και
970 4782 1224 4895 ἐγγυητὰς
1249 4783 1672 4856 καταστήσαντος

79 4892 112 4929 ιε
131 4896 158 4941 τ,
133 4862 264 4947 τμὴν
282 4869 622 4952 παραδώσειν
641 4875 766 4947 ἡμῖν
782 4894 950 4929 ταυτα
967 4872 1031 4930 τὰ
1055 4872 1188 4953 μέρη
1213 4870 1669 4982 ἀναμφισὸήτητα,

136 4961 384 5041 ἀφήκαμεν
406 4958 674 5029 ἀλλήλους
695 4962 796 5017 τῶν
822 4960 1183 5038 ἐγκλημάτων·
1210 4960 1388 5029 ἐπειδὴ
1410 4950 1553 5033 δὲ,τ
1513 4984 1558 5019 ω
1581 4958 1671 5019 ἄν·

137 5050 186 5105 δο
163 5071 256 5125 ρες,
280 5052 338 5108 οὗ
370 5052 518 5108 ποιεῖ
547 5046 876 5126 Δικαιογένης
919 5048 954 5106 ἃ
993 5047 1330 5128 ωμολόγησε,
1361 5046 1604 5125 δικαζόμε
1582 5053 1670 5108 θα

141 5138 384 5220 Λεωχάρει
411 5139 648 5217 ἕγγυητῇ
671 5138 925 5219 γενομένῳ
957 5138 1316 5216 Δικαιογένους
1333 5182 1349 5211 ,
1376 5136 1553 5218 ὥσπερ
1580 5141 1672 5197 ἅν-

141 5226 446 5305 τωμαόσαμεν.
541 5225 612 5303 (2)
645 5224 752 5285 Καί
779 5248 866 5303 μοι
898 5224 1154 5304 ἀνάγνωθι
1183 5224 1277 5299 τὴν
1317 5225 1666 5305 ἀντωμοσίαν.

905 486 1079 548 lsAEI
1109 485 1248 546 ΟΒ.
1293 485 1392 546 DE
1432 483 1925 549 DICAEOGENIS
1966 486 2482 550 HEREDITATE.

3178 504 3287 556 265

1734 618 1916 682 petant.
1982 622 2105 671 Nam
2136 620 2397 671 Chariades
2414 620 2613 672 Athenis
2637 620 2795 672 adhuc
2826 622 3046 676 habitans
3075 638 3163 689 pro
3188 628 3293 677 ture

1734 708 1837 771 ipso
1863 708 1914 757 in
1938 708 2147 759 facinore
2168 709 2461 773 deprehenso
2496 710 2547 761 in
2576 723 2819 763 carcerem
2849 712 3087 764 abductus
3116 717 3215 776 est,
3242 718 3292 767 et

1736 797 1854 846 tunc
1879 810 1975 846 una
1997 810 2109 847 cum
2128 797 2238 848 aliis
2254 798 2541 861 quibusdam
2562 800 2765 851 emissus
2780 801 2918 852 abiis
2936 802 3289 867 undecimviris‚

1736 896 1859 946 quos
1871 886 2063 948 publice
2078 886 2417 938 condemnatos
2428 888 2661 951 supplicio
2674 889 2897 939 affecistis
2916 902 3084 941 omnes
3096 908 3111 953 ;
3130 895 3294 954 postea

1737 974 1918 1023 iterum
1944 976 2001 1024 ut
2022 977 2173 1027 malas
2198 978 2327 1027 artes
2350 990 2576 1027 exercens
2606 977 2668 1027 ad
2692 980 2911 1028 senatum
2930 978 3116 1029 delatus
3138 984 3209 1030 est
3220 998 3235 1043 ;
3262 994 3293 1030 a

1737 1076 1834 1125 quo
1857 1063 2031 1113 citatus
2065 1077 2163 1114 non
2193 1066 2487 1129 comparuit,
2515 1065 2599 1116 sed
2626 1068 2747 1117 urbe
2778 1068 3010 1131 excessit,
3043 1068 3107 1118 ab
3140 1084 3293 1133 eoque

1737 1149 1848 1201 inde
1862 1152 2081 1216 tempore
2098 1154 2225 1205 totos
2241 1154 2563 1218 septendecim
2576 1168 2727 1205 annos
2744 1157 2940 1207 Athenis
2953 1158 3123 1221 abluit,
3138 1173 3293 1223 neque

1739 1238 1881 1289 rediit
1901 1242 2037 1304 prius
2060 1256 2209 1305 quam
2226 1244 2335 1306 post
2358 1256 2605 1293 excessum
2634 1244 2905 1295 Nicostrati.
2970 1246 3070 1310 (29)
3096 1250 3187 1299 Pro
3212 1262 3291 1299 sa-

1737 1329 1840 1380 lute
1864 1334 2025 1381 vestra
2052 1332 2244 1395 quidem
2276 1334 2457 1383 nullam
2491 1344 2704 1398 unquam
2736 1335 2855 1385 obiit
2884 1337 3101 1387 militiam
3136 1352 3294 1403 neque

1738 1430 1826 1467 suo
1849 1417 1908 1468 de
1926 1432 2053 1481 penu
2070 1421 2227 1470 voetro
2250 1419 2511 1483 quicquam
2534 1421 2754 1483 contulit,
2773 1421 2863 1472 nisi
2883 1424 3005 1473 sorte
3024 1438 3083 1474 ex
3106 1438 3164 1475 eo
3184 1424 3293 1475 inde

1737 1506 1977 1568 tempore,
2015 1520 2077 1556 ex
2119 1520 2217 1570 quo
2252 1520 2395 1570 super
2430 1508 2694 1559 hereditate
2730 1510 2982 1561 Nicostrati
3020 1513 3291 1577 contendit,

1739 1606 1893 1657 neque
1913 1594 2007 1645 alia
2031 1596 2253 1659 quapiam
2276 1596 2519 1648 iunctione
2542 1599 2836 1661 sumptuaria
2863 1600 3056 1653 functus
3083 1604 3170 1653 est.
3232 1606 3295 1655 Et

1739 1684 1926 1746 tamen,
1946 1684 2057 1735 talis
2081 1697 2233 1747 quum
2257 1684 2345 1746 sit,
2378 1699 2474 1736 non
2496 1686 2612 1737 satis
2632 1687 2779 1739 habet
2804 1690 2877 1739 tot
2900 1668 3078 1740 seelera
3100 1692 3295 1755 impune

1740 1774 1977 1835 patrasse,
2005 1771 2089 1822 sed
2106 1772 2261 1823 aliena
2278 1786 2472 1837 quoque
2498 1775 2697 1838 appetit.
2761 1777 2859 1839 (3ο)
2881 1778 3021 1835 Quod
3037 1779 3076 1829 si
3098 1782 3293 1843 Hagnon

1739 1861 1790 1911 et
1820 1860 2125 1924 uaguotheus
2158 1861 2333 1911 curiosi
2364 1862 2415 1911 in
2448 1862 2589 1912 rebus
2624 1864 2789 1915 alienis
2818 1865 3045 1917 rimandis
3062 1868 3111 1917 in
3142 1882 3293 1931 eoque

1739 1948 1916 1999 similes
1956 1948 2121 1999 multis
2161 1949 2266 1999 aliis
2308 1950 2581 1999 nostrorum
2608 1950 2787 2001 civium
2826 1954 3009 2017 essent,
3050 1957 3208 2005 nescio
3234 1970 3295 2007 an

1741 2036 1967 2087 cliariadi
2012 2051 2145 2088 nunc
2180 2049 2277 2087 non
2320 2038 2425 2088 boec
2456 2038 2769 2103 hereditaria,
2816 2040 2899 2091 sed
2942 2043 3109 2106 capitis
3155 2058 3299 2095 caiisa

1741 2126 1924 2189 agenda
1941 2128 2065 2178 esset.
2093 2146 2106 2176 ε
2133 2139 2303 2176 verum
2322 2126 2453 2176 hunc
2474 2127 2671 2190 quidem
2692 2128 2813 2179 alius
2826 2130 2999 2193 aliquis
3021 2132 3295 2195 ulciscetur,

1737 2212 1949 2276 judices,
1988 2226 2074 2263 vos
2105 2215 2268 2263 autem
2304 2212 2377 2263 his
2410 2214 2702 2276 succurrite,
2740 2228 2896 2279 neque
2930 2216 3124 2278 maioris
3157 2219 3297 2269 facite

1742 2303 2005 2353 alienorum
2042 2315 2127 2365 per
2152 2302 2285 2352 netas
2322 2303 2597 2365 appetentes
2631 2316 2777 2366 quam
2810 2303 3021 2355 demncti
3044 2309 3295 2370 cognatos,

1743 2390 2031 2454 eosdemque
2066 2392 2300 2455 praetcrea
2324 2389 2446 2443 bene
2479 2391 2541 2441 de
2572 2391 2655 2441 illo
2690 2392 2885 2443 meritos
2895 2410 2911 2456 3
2940 2394 3022 2444 sed
3056 2398 3105 2446 et
3138 2394 3297 2459 legum

1745 2498 1985 2537 memores
2007 2485 2227 2549 jurisque
2246 2485 2439 2548 jurandi
2469 2498 2499 2535 a
2522 2486 2659 2536 vobis
2692 2486 2807 2537 dicti
2838 2490 2889 2537 et
2918 2488 3297 2541 testimoniorum

1743 2581 1953 2644 denique
1977 2593 2089 2644 quae
2122 2594 2211 2631 nos
2247 2578 2581 2642 exhibuimus,
2612 2582 2897 2632 sententiam
2928 2594 2988 2632 ex
3010 2595 3151 2647 aequo
3183 2595 3295 2646 pro-

1743 2670 1975 2721 nuntiate.

2342 2790 2705 2818 *-

2484 2932 2559 2991 V.

1944 3094 2044 3153 DE
2084 3089 2562 3153 DICAEOGENIS
2602 3090 3101 3155 HEREDITATE.

2288 3260 2749 3309 assummum.
2809 3224 2815 3231 ’

1801 3405 2065 3460 Dicaeogene
2091 3402 2187 3448 sine
2205 3402 2357 3448 liberis
2375 3406 2571 3455 mortno.
2590 3402 2902 3461 superstitibus
2922 3405 3115 3460 quatuor
3135 3404 3299 3449 sorori.

1746 3483 1853 3535 bus,·
1871 3488 2103 3528 Proxenus
2132 3481 2255 3527 venit
2287 3484 2601 3527 testamentum
2632 3480 2847 3527 exhibens
2860 3513 2873 3537 ,
2897 3492 2987 3538 quo
3016 3483 3304 3537 nioaeogenes

1746 3568 1953 3611 mortuus
1986 3564 2124 3621 ipsius
2154 3562 2347 3608 Proxeni
2383 3562 2525 3608 fllium
2570 3563 2879 3619 Dicaeogenem
2922 3564 3207 3620 adoptaverat
3252 3574 3305 3609 ex

1750 3650 1914 3695 triente
1931 3648 2169 3693 bonorum.
2225 3648 2325 3690 Hoc
2347 3648 2480 3703 pacto
2504 3644 2655 3689 divisis
2674 3646 2793 3691 inter
2818 3656 2894 3690 eos
2910 3644 3061 3697 bonis,
3082 3650 3307 3702 postremo

1749 3732 1874 3776 venit
1903 3730 2021 3777 filius
2042 3727 2237 3774 Proxeni
2270 3728 2554 3783 mcaeogenes
2580 3726 2735 3771 dicens
2764 3738 2811 3771 se
2842 3724 3097 3781 adoptatum
3129 3737 3223 3771 esse
3252 3739 3307 3773 ex

1750 3828 1867 3874 asse,
1903 3821 1952 3862 et
1982 3816 2167 3861 vincens
2196 3814 2364 3871 potitus
2384 3817 2453 3859 est
2481 3813 2651 3858 ceteris
2677 3810 2847 3855 duabus
2872 3811 3069 3867 partibus
3100 3822 3306 3856 sororum

1749 3898 1967 3944 defuncti.
1995 3902 2154 3943 Postea
2173 3908 2352 3942 rursum
2368 3895 2447 3941 tilii
2466 3906 2671 3940 sororum
2690 3894 2910 3949 litigantes
2927 3903 3029 3936 cnm
3046 3892 3308 3949 Dicaeogenc

1750 3982 1981 4032 vicerunt.
2013 3984 2061 4026 et
2085 3984 2361 4025 conventum
2378 3984 2447 4023 est
2478 3979 2789 4032 Dicaeogenem
2822 3974 3009 4019 reddere
3040 3974 3191 4019 denuo
3222 3974 3308 4019 iltis

1750 4058 1862 4104 duas
1875 4064 2021 4116 partes
2038 4058 2230 4113 integras
2242 4060 2289 4103 et
2306 4056 2507 4107 intactas,
2524 4063 2737 4111 sponsore
2756 4054 2995 4099 Leochare.
3050 4054 3183 4099 Nunc
3198 4062 3307 4096 vero

1753 4142 2045 4189 infitiantibus
2064 4142 2321 4199 Dicaeogene
2339 4143 2384 4186 et
2407 4140 2625 4185 leochare
2646 4141 2873 4191 anteacta,
2898 4136 2973 4181 tilii
2996 4146 3203 4181 sororum
3223 4146 3307 4181 vo·

1754 4232 1858 4275 cant
1875 4230 1923 4273 in
1939 4231 2013 4284 jus
2028 4240 2111 4287 pro
2128 4227 2299 4273 duabus
2320 4226 2541 4283 partibus,
2566 4224 2689 4269 bunc
2706 4222 2885 4281 quidem
2904 4224 2956 4267 ut
2973 4232 3076 4265 eum
3094 4232 3198 4265 cum
3214 4231 3305 4277 quo

1754 4312 1871 4368 pacti
1890 4312 2005 4365 sint,
2033 4310 2160 4355 illum
2179 4319 2288 4355 vero
2306 4312 2357 4354 ut
2374 4318 2648 4365 sponsorem.
2715 4308 2863 4351 Status
2880 4302 3193 4357 conjecturalis
3208 4303 3273 4349 est
3294 4318 3307 4346 ι

1755 4391 2004 4435 infitiantur
2022 4390 2157 4436 enim.

1825 4529 1864 4574 l.
1883 4521 2209 4587 opinabamur
2225 4520 2439 4584 quidem,
2455 4518 2655 4581 iudices,
2674 4516 2851 4580 quibus
2863 4514 2923 4565 de
2944 4514 3088 4564 rebus
3110 4513 3313 4563 antehac

1759 4611 2082 4676 litigabamur,
2109 4610 2171 4662 de
2192 4610 2251 4660 iis
2272 4610 2322 4659 in
2348 4607 2528 4673 judicio
2552 4605 2775 4658 condicta
2805 4606 2909 4654 rata
2941 4602 3081 4653 nobis
3108 4615 3209 4653 esse
3232 4600 3309 4651 tu-

1759 4700 1883 4750 tura.
1948 4699 2248 4763 Dicaeogenes
2260 4710 2431 4761 nempe
2452 4708 2604 4761 quum
2619 4708 2669 4745 se
2686 4695 2873 4745 bessem
2886 4690 3162 4743 hereditatis
3176 4690 3312 4740 nobis

1761 4802 2097 4839 concessurum
2125 4787 2346 4849 dixisset,
2371 4787 2421 4836 et
2444 4797 2694 4848 sponsores
2724 4781 2929 4832 dedisset
2962 4780 3091 4830 illam
3128 4779 3310 4829 bessem

1760 4876 1900 4926 nobis
1926 4889 1955 4926 a
1980 4888 2031 4926 se
2050 4875 2281 4926 traditum
2299 4874 2356 4924 iri
2382 4872 2718 4923 controversiae
2746 4868 2878 4919 haud
2900 4867 3157 4918 obnoxiam
3186 4885 3198 4915 ε
3226 4878 3311 4914 nos

1761 4964 1898 5015 alteri
1928 4964 2090 5015 alteris
2110 4963 2386 5027 gravamina
2408 4964 2571 5011 nostra
2592 4958 2860 5010 remisimus
2895 4978 2908 5008 ι
2932 4969 3101 5006 verum
3132 4954 3311 5004 Dicaeo-

1762 5069 1880 5119 gene
1897 5055 2057 5107 verbis
2078 5054 2221 5105 tidem
2237 5068 2335 5105 non
2353 5054 2580 5118 faciente,
2606 5054 2945 5103 Leocharetem
2966 5063 3050 5114 pro
3074 5048 3155 5097 illo
3173 5059 3309 5110 spon·

1762 5160 1919 5197 sorem
1938 5148 2119 5197 sactum
2136 5145 2185 5195 in
2200 5146 2279 5208 ius
2299 5157 2554 5205 vocamus,
2576 5155 2662 5208 pro
2688 5144 2854 5193 tenore
2874 5122 3185 5205 iurismrandi
3205 5150 3307 5189 mu-

1762 5237 1849 5286 tuo
1881 5235 2016 5285 dicti.
2083 5234 2150 5297 (2)
2177 5234 2341 5285 Recita
2369 5235 2423 5284 tu
2448 5234 2563 5283 mihi
2596 5232 2687 5281 hoc
2714 5228 3065 5294 iusiurandum.
