3825 5842
977 425 1376 486 ISOCRATIS
1419 424 1706 486 ORATlo
1747 424 1850 485 DE
1895 426 2512 490 PERMUTATIONE.

3224 445 3339 497 225

128 552 316 621 αὐτῆς.
402 548 517 632 (178)
550 547 698 617 Ἀξιῶ
725 549 774 606 δ’
802 549 967 625 ὑμᾶς,
999 546 1066 619 ἢν
1091 547 1194 631 ἄρα
1217 548 1486 633 φαίνωμαι
1506 548 1690 627 λόγους
1790 569 1887 607 108.
1957 559 2087 624 (179)
2110 562 2243 623 Rogo
2260 564 2425 611 autem
2444 572 2533 611 vos
2547 596 2564 623 ‚
2585 559 2627 611 si
2648 558 2883 622 ejusmodi
2901 561 3159 613 orationem
3192 566 3345 627 prole-

127 637 333 706 διεξιὼν
356 634 492 696 πολὺ
518 638 622 695 τῶν
652 632 953 713 εἰθισμένων
975 632 1219 716 λέγεσθαι
1241 637 1367 718 παρ’
1393 640 1516 715 ὑμῖν
1548 636 1694 709 ἐξηλ-

1783 672 1885 709 ram
1901 694 1916 719 ,
1941 671 2051 722 qum
2074 658 2281 708 multum
2311 658 2373 707 ab
2396 657 2454 707 iis
2484 658 2720 722 discrepet
2744 671 2853 722 quae
2873 658 2999 720 apud
3020 673 3107 710 vos
3139 660 3346 725 plerum·

123 723 451 803 )-αΥμένως,
487 722 563 802 μὴ
610 721 995 805 δυσχεραίνω,
1025 723 1142 782 ἀλλ’
1177 724 1314 804 ἔχειν
1357 722 1690 804 «effluam,
1781 767 1876 819 que
1894 753 2131 815 dicantur,
2156 756 2287 805 utne
2308 754 2605 815 irascamini,
2624 754 2713 805 sed·
2731 754 2923 805 veniam
2941 756 3063 805 mihi
3090 756 3348 819 tribuatis,

127 811 542 891 ἐνθυμουμένους
563 810 643 869 ὅτι
659 810 776 878 τοὺς
800 810 923 891 περὶ
943 812 1272 891 πραγμάτων
1305 813 1558 891 ἀνομοίων
1588 822 1696 879 τοῖς

65 922 94 959 11
125 902 312 968 ἄλλοις
355 897 764 980 ἀγωνιζομένους
793 898 1076 978 ἀναγκαῖόν
1105 904 1215 959 ἐστι
1245 901 1334 960 καὶ
1376 910 1482 969 τοῖς
1523 900 1697 978 λόγοις

125 989 382 1055 τοιούτοις
401 992 631 1069 χρῆσθαι
647 986 768 1068 περὶ
787 989 974 1047 αὐτῶν.
1057 986 1465 1066 Ὑπομείναντες
1491 981 1577 1049 οὖν
1606 989 1694 1048 τὸν

127 1079 326 1159 τρόπον
351 1080 457 1135 τῶν
504 1076 798 1155 λεγομένων
827 1076 918 1135 καὶ
965 1074 1061 1149 τὴν
1102 1078 1428 1159 παρρησίαν,
1478 1077 1570 1138 καὶ
1607 1077 1696 1137 τὸν

129 1164 325 1249 χρόνον
350 1163 599 1232 ἐάσαντες
625 1164 894 1224 ἀναλῶσαί
921 1188 988 1244 με
1014 1164 1103 1224 τὸν
1123 1164 1393 1244 δεδομένον
1413 1175 1528 1234 ταῖς
1562 1168 1694 1224 ἀπο·

131 1253 371 1333 λογίαις,
395 1250 536 1322 ὅπως
555 1251 622 1312 ἂν
653 1256 796 1331 ὑμῶν
825 1251 1032 1335 ἑκάστῳ
1061 1255 1188 1334 δοκῇ
1219 1252 1416 1315 δίκαιον
1445 1244 1578 1313 εἶναι
1605 1252 1697 1313 καὶ

55 1370 102 1407 ,ο
131 1342 380 1420 νόμιμον,
400 1340 534 1401 οὕτω
552 1339 732 1423 φέρετε
758 1340 854 1413 τὴν
883 1343 1075 1424 ψῆφον.

221 1451 324 1491 180.
367 1428 636 1507 Βούλομαι
677 1426 730 1487 δὲ
769 1428 890 1511 περὶ
941 1433 1037 1501 τῆς
1087 1432 1192 1489 τῶν
1248 1429 1416 1508 λόγων
1460 1429 1700 1498 παιδείας

135 1520 323 1601 ὥσπερ
354 1521 402 1578 οἱ
440 1520 862 1599 γενεαλογοῦντες
886 1521 1093 1598 πρῶτον
1139 1519 1353 1578 διελθεῖν
1393 1518 1522 1601 πρὸς
1549 1523 1700 1597 ὑμᾶς.

136 1608 517 1687 *Ομολογεῖται
541 1605 636 1684 μὲν
661 1604 763 1687 γὰρ
795 1604 889 1677 τὴν
921 1604 1074 1687 φύσιν
1108 1610 1261 1686 ἡμῶν
1289 1607 1349 1667 ἔκ
1383 1631 1441 1666 τε
1479 1614 1572 1667 τοῦ
1597 1606 1702 1667 σώ-

137 1721 308 1775 ματος
346 1696 648 1775 συγκεῖσθαι
691 1695 782 1755 καὶ
819 1699 912 1767 τῆς
959 1696 1157 1777 ψυχῆς,
1191 1696 1365 1755 αὑτοῖν
1401 1695 1454 1755 δὲ
1499 1696 1700 1758 τούτοιν

58 1804 108 1843 15
136 1784 308 1852 οὐδεὶς
334 1782 474 1843 ἔστιν
501 1782 640 1851 ὅστις
671 1784 766 1843 οὗκ
793 1781 854 1843 ἂν
891 1782 1102 1867 φήσειεν
1128 1784 1578 1865 ἡγεμονικωτέραν
1606 1810 1701 1845 πε·

137 1874 360 1957 φυκέναι
393 1872 490 1943 τὴν
526 1870 700 1954 ψυχὴν
735 1872 828 1931 καὶ
868 1870 1081 1940 πλέονος
1115 1871 1280 1942 ἀξίαν·
1319 1878 1412 1946 τῆς
1462 1872 1557 1953 μὲν
1601 1874 1703 1954 γὰρ

137 1965 294 2044 ἔργον
323 1952 456 2022 εἶναι
481 1961 860 2041 βουλεύσασθαι
887 1960 980 2021 καὶ
1001 1961 1123 2041 περὶ
1155 1965 1258 2020 τῶν
1288 1962 1430 2021 ἰδίων
1465 1962 1555 2022 καὶ
1583 1963 1703 2044 περὶ

135 2056 245 2111 τῶν
275 2052 480 2123 κοινῶν,
507 2053 598 2109 τοῦ
627 2046 683 2107 δὲ
712 2048 952 2129 σώματος
982 2052 1310 2130 ὑπηρετῆσαι
1337 2051 1443 2119 τοῖς
1470 2051 1570 2110 ὑπὸ
1609 2056 1704 2124 τῆς

138 2142 318 2221 ψυχῆς
359 2140 682 2217 γνωσθεῖσιν.
765 2139 883 2215 (181)
931 2136 1090 2199 Οὕτω
1135 2137 1190 2197 δὲ
1235 2137 1432 2198 τούτων
1478 2137 1703 2219 ἐχόντων

61 2246 112 2284 20
141 2225 365 2308 ὁρῶντές
385 2249 516 2293 τινες
541 2230 644 2285 τῶν
667 2223 801 2285 πολὺ
824 2224 926 2307 πρὸ
956 2228 1106 2303 ἡμῶν
1135 2224 1421 2306 γεγονότων
1451 2226 1572 2309 περὶ
1610 2226 1704 2306 μὲν

143 2321 249 2376 τῶν
301 2316 474 2375 ἄλλων
523 2312 718 2381 πολλὰς
755 2313 943 2393 τέχνας
989 2313 1386 2389 συνεστηκυίας,
1413 2314 1534 2396 περὶ
1560 2314 1616 2375 δὲ
1647 2315 1708 2375 τὸ

144 2408 306 2482 σῶμα
331 2403 424 2463 καὶ
443 2401 538 2476 τὴν
559 2401 732 2485 ψυχὴν
760 2402 903 2462 οὐδὲν
923 2408 1150 2463 τοιοῦτον
1173 2402 1598 2485 συντεταγμένον,
1621 2408 1706 2467 εὖ·

146 2494 320 2575 ρόντες
348 2489 520 2559 διττὰς
547 2491 846 2570 ἐπιμελείας
875 2492 1151 2552 κατέλιπον
1181 2494 1326 2571 ἡμῖν,
1355 2494 1476 2575 περὶ
1507 2492 1604 2574 μὲν
1639 2493 1706 2554 τὰ

145 2580 376 2659 σώματα
413 2578 510 2652 τὴν
537 2578 953 2661 παιδοτριὸικήν,
1001 2572 1065 2653 ἧς
1109 2584 1144 2651 ἡ
1189 2581 1520 2659 γυμναστικὴ
1556 2583 1709 2667 μέρος

71 2692 122 2732 a
150 2669 290 2741 ἐστί,
318 2667 438 2750 περὶ
467 2667 522 2727 δὲ
552 2666 646 2736 τὰς
670 2667 842 2750 ψυχὰς
867 2667 962 2740 τὴν
1002 2668 1322 2751 φιλοσοφίαν,
1357 2670 1478 2752 περὶ
1513 2664 1574 2744 ἧς
1606 2672 1710 2751 ἐγὼ

149 2758 330 2835 μέλλω
357 2760 615 2817 ποιεῖσθαι
655 2754 771 2825 τοὺς
812 2754 1025 2835 λόγους,
1064 2759 1178 2837 (tea)
1211 2759 1576 2841 ἀντιστρόφους
1618 2761 1709 2821 καὶ

149 2845 377 2925 σύζυγας
415 2844 506 2903 καὶ
546 2842 722 2925 σφίσιν
767 2845 949 2912 αὐταῖς
987 2844 1404 2925 ὁμολογουμένας
1422 2892 1438 2924 ,
1471 2848 1535 2905 δι’
1561 2839 1635 2906 ὧν
1663 2852 1710 2907 οἱ

149 2936 502 3013 upote-:aime
527 2934 698 2991 αὖτῶν
721 2930 815 3000 τάς
840 2956 899 2992 τε
920 2932 1093 3015 ψυχὰς
1119 2934 1506 3016 φρονιμωτέρας
1528 2936 1618 2995 καὶ
1644 2934 1712 2995 τὰ

151 3020 376 3100 σώματα
404 3017 778 3101 χρησιμώτερα
802 3021 1304 3103 παρασκευάζουσιν,
1334 3024 1393 3083 οὔ
1427 3022 1563 3082 πολὺ
1593 3026 1707 3084 δια-

77 3135 132 3174 ςιο
153 3108 478 3187 στησάμενοι
513 3106 609 3176 τὰς
641 3108 878 3177 παιδείας
930 3112 1021 3169 ἀπ’
1050 3110 1314 3189 ἀλλήλων,
1355 3111 1492 3170 ἀλλὰ
1537 3136 1712 3194 παρα-

147 3196 400 3269 πλησίαις
437 3196 699 3279 χρώμενοι
746 3196 838 3256 καὶ
889 3198 1005 3265 ταῖς
1054 3198 1411 3267 διδασκαλίαις
1460 3200 1550 3259 καὶ
1599 3207 1712 3270 ταῖς

149 3286 460 3365 γυμνασίαις
482 3284 572 3345 καὶ
589 3289 702 3353 ταῖς
724 3284 907 3353 ἄλλαις
933 3285 1268 3364 ἐπιμελείαις.
1314 3288 1430 3365 (183)
1463 3287 1712 3350 Ἐπειδὰν

149 3375 250 3455 γὰρ
283 3374 490 3434 λάὸωσι
518 3374 782 3454 μαθητάς,
810 3378 856 3435 οἳ
885 3374 979 3453 μὲν
1007 3375 1338 3457 παιδοτρίὸαι
1364 3374 1432 3435 τὰ
1459 3377 1712 3457 σχήματα

149 3462 218 3522 τὰ
245 3462 378 3544 πρὸς
403 3462 498 3535 τὴν
541 3462 767 3540 ἀγωνίαν
796 3462 1058 3542 εὑρημένα
1095 3464 1212 3531 τοὺς
1248 3466 1530 3545 φοιτῶντας
1566 3466 1714 3525 διδά-

78 3580 126 3618 35
153 3574 382 3625 σκουσιν,
419 3554 468 3610 οἱ
513 3548 568 3610 δὲ
610 3550 730 3632 περὶ
766 3550 863 3624 τὴν
904 3552 1208 3633 φιλοσοφίαν
1245 3553 1388 3621 ὄντες
1429 3553 1522 3621 τὰς
1577 3556 1714 3623 ἰδέας

153 3639 400 3712 ἁπάσας,
428 3628 509 3706 αἷς
535 3642 564 3697 ὁ
585 3637 734 3716 λόγος
759 3640 1005 3719 τυγχάνει
1034 3639 1332 3721 χρώμενος,
1369 3640 1712 3723 διεξέρχονται

152 3738 258 3797 τοῖς
283 3730 558 3806 μαθηταῖς.
618 3728 731 3806 (181)
762 3726 1076 3809 Ἔμπείρους
1099 3726 1155 3786 δὲ
1181 3727 1376 3788 τούτων
1401 3730 1714 3801 ποιήσαντες

151 3818 240 3877 καὶ
266 3813 704 3898 διακριόὠσαντες
734 3819 789 3876 ἐν
813 3816 1010 3884 τούτοις
1051 3816 1210 3876 πάλιν
1248 3817 1593 3896 γυμνάζουσιν
1623 3822 1715 3879 αὐ-

150 3906 298 3979 τούς,
320 3905 413 3964 καὶ
433 3913 608 3965 πονεῖν
627 3904 871 3980 ἐθίζουσι,
893 3903 985 3964 καὶ
1009 3904 1256 3988 συνείρειν
1279 3908 1396 3966 καθ’
1421 3906 1474 3966 ἓν
1494 3906 1713 3969 ἕκαστον

76 4017 128 4056 to
151 3986 222 4055 ὧν
250 3993 446 4073 ἔμαθον
475 3992 868 4073 ἀναγκάζουσιν,
895 3990 982 4053 ἵνα
1026 4000 1192 4054 ταῦτα
1244 3994 1573 4078 βεὸαιότερον
1611 4021 1708 4056 κα·

150 4083 396 4164 τάσχωσι
412 4082 504 4142 καὶ
521 4086 624 4141 τῶν
639 4086 834 4164 καιρῶν
850 4080 1107 4164 ἐγγυτέρω
1125 4086 1238 4152 ταῖς
1258 4083 1424 4153 δόξαις
1441 4084 1711 4165 γένωνται.

151 4176 248 4253 Τῷ
305 4170 403 4249 μὲν
451 4171 554 4254 γὰρ
596 4170 784 4231 εἰδέναι
833 4170 1133 4253 περιλαὸεῗν
1187 4171 1371 4241 αὐτοὺς
1408 4175 1508 4254 οὐχ
1556 4165 1712 4235 οἶόντ’

152 4260 295 4319 ἐστίν
315 4280 330 4295 ·
358 4258 447 4318 ἐπὶ
474 4257 577 4341 γὰρ
605 4257 850 4319 ἁπάντων
888 4262 992 4318 τῶν
1026 4260 1351 4342 πραγμάτων
1384 4260 1714 4343 διαφεύγουσι

151 4347 248 4416 τὰς
293 4347 618 4425 ἐπιστήμας,
665 4350 714 4407 οἱ
753 4346 810 4406 δὲ
855 4347 1087 4425 μάλιστα
1115 4348 1456 4430 προσέχοντες
1481 4350 1569 4409 τὸν
1596 4357 1714 4411 νοῖὶν

78 4452 126 4490 15
153 4436 242 4495 καὶ
280 4436 557 4513 δυνάμενοι
587 4436 798 4515 θεωρεῖν
839 4434 902 4494 τὸ
941 4435 1227 4514 συμὸαἶνον
1255 4441 1323 4503 ὡς
1351 4436 1438 4496 ἐπὶ
1473 4436 1532 4496 τὸ
1579 4440 1712 4499 πολὺ

155 4521 460 4591 πλειστάκις
493 4525 660 4583 αὐτῶν
697 4521 1027 4603 τυγχάνουσι.
1125 4524 1244 4605 (185)
1287 4529 1486 4585 Τοῦτον
1529 4524 1584 4584 δὲ
1626 4527 1714 4587 τὸν

152 4610 344 4692 τρόπον
395 4610 760 4689 ἐπιμελόμενοι
791 4611 882 4670 καὶ
923 4610 1252 4680 παιδεύοντες
1293 4612 1448 4695 μέχρι
1487 4612 1582 4692 μὲν
1620 4621 1714 4676 τοῦ

150 4699 393 4781 γενέσθαι
444 4698 676 4778 βελτίους
723 4697 908 4767 αὐτοὺς
957 4702 1128 4761 αὐτῶν
1175 4699 1293 4769 τοὺς
1340 4701 1577 4779 μαθητὰς
1625 4703 1714 4763 καὶ

153 4789 292 4869 ἔχειν
319 4786 550 4865 ἄμεινον,
574 4784 692 4853 τοὺς
722 4785 816 4863 μὲν
843 4787 937 4857 τὰς
955 4788 1206 4864 διανοίας,
1235 4788 1355 4856 τοὺς
1385 4788 1441 4849 δὲ
1484 4788 1577 4858 τὰς
1609 4796 1712 4852 τῶν

79 4902 130 4940 so
151 4876 417 4956 σωμάτων
433 4874 578 4949 ἕξεις,
599 4874 881 4958 ἀμφότεροι
901 4876 1146 4938 δύνανται
1164 4880 1498 4960 προαγαγεῖν·
1515 4878 1714 4953 ἐκείνην

155 4966 209 5026 δὲ
251 4964 352 5039 τὴν
400 4968 699 5043 ἐπιστήμην
734 4964 990 5047 οὐδέτεροι
1027 4966 1370 5048 τυγχάνουσιν
1395 4968 1622 5048 ἔχοντες,
1648 4970 1713 5028 δι’

153 5048 216 5128 ἧς
237 5054 302 5114 ἂν
329 5056 380 5114 οἱ
409 5052 504 5133 μὲν
527 5052 753 5125 ἀθλητὰς
773 5052 858 5122 οὓς
883 5057 1195 5135 βουληθεῖεν,
1215 5059 1262 5115 οἳ
1284 5055 1340 5115 δὲ
1363 5056 1584 5138 ῥήτορας
1601 5060 1716 5117 ἱκα-

157 5142 270 5213 νοὺς
299 5143 594 5217 ποιήσαιεν,
624 5142 758 5203 ἀλλὰ
785 5142 935 5227 μέρος
960 5144 1054 5225 μὲν
1087 5145 1148 5205 ἄν
1172 5170 1224 5205 τι
1253 5145 1633 5225 συμὸάλοιντο,
1661 5146 1715 5207 τὸ

381 5336 656 5381 :menaru-
1301 5344 1410 5405 «1,,
1441 5362 1464 5375 ·-
1483 5330 1518 5407 3?
1553 5303 1579 5312 ‘-

1787 856 2062 916 reputantes
2084 866 2167 903 eos
2191 853 2273 917 qui
2302 852 2363 903 de
2384 852 2529 903 rebus
2548 852 2757 902 multum
2782 866 2811 902 11
2836 854 3007 905 ceteris
3030 852 3352 917 discrepanti-

1786 950 1875 1000 bus
1901 949 2176 1015 disputant,
2212 950 2359 1000 etiam
2391 949 2553 1001 verbis
2586 950 2801 1013 ejusdem
2831 950 3017 1013 generis
3050 950 3120 1000 uti
3153 962 3354 1003 necesse

1783 1058 1903 1097 esse.
1966 1046 2061 1097 Ubi
2090 1046 2235 1109 igitur
2261 1060 2411 1109 genus
2432 1046 2621 1097 dicendi
2638 1048 2689 1097 et
2719 1045 2990 1097 libertatem
3013 1046 3244 1110 loquendi
3268 1050 3352 1098 tu·

1785 1142 1939 1194 ieritis
1952 1180 1968 1206 ,
1996 1156 2171 1206 meque
2188 1148 2373 1194 tantum
2396 1143 2627 1207 temporis
2643 1147 2876 1208 quantum
2894 1143 3253 1195 defensionibus
3272 1144 3350 1195 tri·

1785 1241 1965 1303 buitur,
1980 1240 2211 1292 disserere
2232 1240 2454 1302 siveritis,
2472 1245 2733 1305 utcumque
2750 1241 2925 1304 cuique
2938 1241 3123 1304 justum
3141 1245 3349 1294 rectum·

1787 1353 1884 1404 que
1907 1339 2168 1399 videbitur,
2196 1338 2269 1389 sic
2288 1338 2411 1389 ferte
2436 1338 2739 1391 sententiam.

1853 1442 1958 1487 180.
1993 1436 2117 1487 Volo
2138 1439 2299 1486 autem
2320 1435 2382 1487 de
2416 1436 2717 1487 institutione
2741 1436 2948 1486 oratoria
2981 1435 3112 1500 apud
3139 1449 3223 1487 vos
3256 1450 3353 1487 11011

1788 1546 1923 1596 Ι1111111·
1940 1559 2083 1610 quam
2101 1546 2183 1611 qui
2201 1546 2497 1611 genealogias
2514 1547 2729 1599 scribant
2741 1546 2989 1598 disserere.
3054 1550 3113 1598 111
3131 1548 3354 1599 confesso

1789 1656 1864 1705 est
1879 1654 2008 1704 enim
2026 1659 2245 1706 naturam
2264 1660 2475 1706 nostram
2496 1668 2555 1705 ex
2574 1668 2772 1719 corpore
2788 1656 2840 1705 et
2859 1654 3019 1704 animo
3039 1654 3355 1719 compositam

1789 1774 1894 1811 esse
1906 1798 1922 1823 ,
1944 1775 2146 1826 quorum
2168 1775 2311 1813 nemo
2323 1767 2399 1813 est
2415 1764 2534 1828 quin
2554 1762 2767 1813 animum
2785 1763 3091 1828 principalem
3106 1762 3357 1839 plurisque

1791 1868 2059 1921 faciendum
2093 1869 2371 1935 profiteatur
2398 1884 2413 1920 t
2445 1869 2593 1933 hujus
2613 1869 2742 1923 enim
2762 1882 2869 1921 esse
2903 1868 3173 1920 consultare
3211 1870 3262 1919 et
3294 1865 3357 1919 de

1791 1979 1934 2030 rebus
1952 1979 2150 2043 privatis
2171 1985 2221 2031 et
2256 1980 2317 2032 de
2347 1980 2577 2044 publicis;
2601 1980 2816 2045 corporis
2840 1984 2999 2030 autem
3022 1978 3223 2043 exsequi
3246 1990 3357 2042 quae

1791 2089 1854 2140 ab
1875 2090 2036 2139 animo
2062 2088 2252 2141 decreta
2272 2090 2385 2140 siut.
2448 2091 2579 2155 (181)
2608 2090 2795 2150 Quibus
2830 2090 2897 2139 ita
2920 2089 3207 2153 comparatis
3242 2102 3359 2138 non·
3441 2126 3450 2135 .

1793 2198 1910 2249 nulii
1936 2212 2102 2249 eorum
2141 2200 2225 2263 qui
2245 2199 2385 2262 longe
2411 2206 2521 2249 ante
2570 2202 2783 2250 nostram
2806 2198 3089 2249 memoriam
3128 2198 3361 2259 suerunt,

1793 2320 1946 2371 quum
1970 2306 2174 2357 aliarum
2206 2306 2401 2371 quidem
2430 2318 2590 2359 rerum
2622 2305 2799 2356 multas
2829 2309 2957 2355 artes
2978 2306 3198 2355 inventas
3219 2303 3361 2355 vidire

1795 2421 1929 2480 sent,
1953 2416 2015 2467 ad
2040 2417 2187 2467 animi
2216 2420 2265 2466 01
2286 2416 2501 2480 corporis
2522 2415 2708 2467 cultum
2725 2419 2885 2466 autem
2904 2414 3022 2465 nihil
3037 2414 3273 2477 eiusmodi
3289 2427 3361 2465 re·

1795 2524 2013 2587 perium,
2050 2522 2173 2573 duas
2208 2521 2485 2585 disciplinas
2508 2522 2569 2572 ab
2599 2520 2720 2585 ipsis
2752 2520 2973 2571 inventas
2995 2519 3136 2569 nobis
3160 2518 3359 2582 relique·

1797 2635 1940 2694 runt,
1984 2630 2167 2693 corpori
2203 2628 2588 2693 paedotribicam,
2624 2629 2763 2691 cujus
2794 2628 3088 2691 gymnastica
3126 2641 3236 2691 pars
3257 2632 3361 2691 est,

1799 2745 1961 2794 animo
1987 2747 2148 2793 autem
2170 2740 2539 2806 philosophiam,
2558 2740 2619 2791 de
2632 2752 2727 2803 qua
2737 2739 2836 2802 jam
2850 2738 3065 2789 dicturus
3084 2734 3364 2804 811111,(182)

1797 2854 2071 2918 disciplinas
2098 2852 2303 2903 invicem
2340 2850 2430 2900 sibi
2468 2849 2813 2913 respondentes
2834 2852 2886 2899 et
2906 2862 3147 2899 connexas
3178 2850 3228 2898 et
3251 2860 3357 2897 con-

1799 2962 2083 3025 sentientes,
2129 2959 2305 3025 quibus
2342 2958 2554 3022 magistri
2593 2958 2775 3007 animas
2810 2956 3139 3020 prudentiores
3173 2959 3221 3007 et
3262 2968 3345 3005 cor

1798 3088 1914 3139 pora
1934 3073 2122 3123 utiliora
2147 3070 2371 3133 reddunt,
2391 3070 2509 3121 dum
2528 3069 2801 3133 disciplinas
2822 3082 2919 3119 11011
2941 3068 3149 3119 multum
3166 3066 3359 3129 quidem

1800 3188 1922 3238 inter
1939 3200 2019 3237 eas
2044 3186 2335 3248 dissociant,
2354 3184 2437 3235 sed
2463 3183 2699 3233 similibus
2721 3181 2973 3247 praeceptis
2991 3182 3040 3232 et
3057 3180 3291 3231 exercitiis
3312 3182 3365 3232 et

1800 3296 1973 3347 ceteris
1994 3295 2371 3347 institutionibus
2390 3296 2601 3345 utantur.
2688 3294 2821 3357 (183)
2842 3296 3101 3357 Postquam
3129 3294 3256 3345 enim
3293 3292 3365 3343 di-

1798 3405 2005 3470 scipulos
2027 3407 2341 3470 acceperunt,
2362 3404 2638 3468 paedotribae
2672 3402 2908 3466 posituras
2934 3401 3187 3453 exercendi
3219 3400 3365 3451 causa

1799 3514 2089 3577 excogitatas
2104 3514 2393 3566 discentibus
2410 3515 2621 3579 tradunt3
2634 3515 2950 3579 philosophiae
2964 3520 3128 3565 autem
3142 3513 3365 3564 doctores

1800 3638 1967 3676 omnes
2002 3626 2203 3688 figuras,
2246 3625 2423 3689 quibus
2462 3625 2614 3676 oratio
2655 3625 2826 3688 utitur,
2866 3624 3129 3687 discipulos
3167 3622 3360 3674 docent.

1803 3736 1933 3799 (184)
1955 3740 2170 3795 Quarum
2192 3736 2276 3785 ubi
2292 3738 2539 3800 compotes
2554 3734 2754 3785 fecerint
2769 3739 2819 3785 et
2835 3734 3084 3796 diligenter
3101 3732 3151 3783 in
3174 3733 3249 3783 bis
3274 3733 3366 3783 sor·

1802 3848 1996 3909 mai-int,
2012 3848 2184 3898 iterum
2204 3860 2287 3897 eos
2302 3850 2525 3897 exercent
2543 3852 2593 3896 et
2605 3846 2667 3895 ad
2684 3845 2995 3896 laborandum
3015 3844 3364 3905 assuefaciunt,

1801 3968 2010 4019 quaeque
2029 3954 2305 4015 didicerint,
2322 3955 2600 4004 connectere
2617 3953 2802 4017 singula
2821 3955 3024 4015 cogunt,
3046 3965 3143 4015 quo
3164 3952 3269 4001 haec
3287 3950 3365 3999 fir·

1801 4065 1930 4115 mins
1955 4067 2147 4114 teneant
2170 4065 2219 4114 et
2240 4063 2486 4113 sententiis
2514 4062 2577 4112 ad
2598 4062 2997 4131 opportunitates·
3010 4059 3207 4123 propius
3228 4072 3364 4110 acce·

1801 4171 1934 4223 dant.
1960 4177 2091 4232 Quas
2114 4174 2168 4224 ut
2182 4173 2380 4223 scientia
2396 4173 2791 4237 complectantur,
2810 4170 2970 4221 doceri
2992 4184 3087 4221 non
3105 4170 3295 4234 potest3
3314 4170 3365 4221 in

1801 4284 2026 4335 omnibus
2060 4284 2187 4334 enim
2224 4286 2369 4335 rebus
2403 4284 2666 4336 doctrinam
2704 4283 2904 4346 fallunt5
2938 4282 3022 4346 qui
3054 4295 3168 4333 vero
3204 4280 3364 4331 auimo

1802 4393 2154 4458 quammaxime
2192 4392 2242 4442 in
2276 4405 2359 4442 eas
2395 4390 2707 4452 incumbunt,
2752 4392 2803 4440 et
2839 4388 2953 4453 quid
2988 4389 3142 4440 soleat
3173 4389 3365 4442 evenire

1801 4504 2032 4567 dispicere
2063 4506 2292 4567 possunt,
2314 4515 2457 4566 quam
2480 4502 2745 4568 saepissime
2767 4512 2848 4553 eas
2865 4506 3047 4553 tenent.
3114 4500 3242 4566 (185)
3260 4504 3367 4553 Hoc

1803 4618 1945 4681 igitur
1972 4616 2115 4666 modo
2145 4620 2195 4667 et
2216 4615 2519 4666 instituentes
2538 4618 2591 4666 01
2617 4615 2881 4666 educantes
2908 4628 2967 4666 eo
2992 4628 3148 4679 usque
3168 4615 3365 4679 utrique

1801 4724 2063 4789 discipulos
2077 4759 2093 4786 ‚
2111 4729 2168 4775 ut
2202 4725 2427 4777 meliores
2463 4724 2727 4777 reddantur
2761 4730 2812 4777 et
2844 4726 2895 4775 bi
2928 4724 3199 4787 1110111111118,
3226 4724 3362 4775 alteri

1802 4832 2082 4895 corporibus
2099 4833 2510 4896 proestantioribus
2529 4834 2668 4897 fiant,
2704 4835 2915 4886 doctrina
2938 4846 3219 4899 promovere
3252 4846 3361 4897 pos·

1804 4943 1916 4992 suut
1928 4957 1944 5005 ;
1966 4940 2096 4991 illum
2118 4944 2280 4993 autem
2302 4943 2548 4995 scientiam
2573 4944 2729 4994 neutri
2745 4945 2935 5005 tenent,
2960 4957 3057 5006 qua
3078 4942 3149 4992 illi
3166 4941 3362 5005 quidem

1802 5052 2006 5103 athletas
2034 5066 2155 5117 quos
2182 5055 2379 5118 volunt,
2416 5054 2468 5104 hi
2505 5060 2713 5105 oratores
2742 5053 2977 5117 perfectos
3008 5051 3211 5113 faciant,
3250 5050 3359 5115 qui·

1805 5162 1894 5214 bus
1930 5178 2044 5215 sane
2086 5170 2269 5231 partem
2308 5166 2518 5229 aliquam
2563 5162 2856 5225 attribuant,
2908 5164 3121 5214 ceterum
3170 5161 3247 5211 lioe
3288 5159 3359 5209 sa·

3102 5338 3148 5380 111
