<?xml version="1.0" encoding="UTF-8"?>
<!DOCTYPE html PUBLIC "-//W3C//DTD XHTML 1.0 Transitional//EN"
    "http://www.w3.org/TR/xhtml1/DTD/xhtml1-transitional.dtd">
<html xmlns="http://www.w3.org/1999/xhtml" xml:lang="en" lang="en">
 <head>
  <title>
</title>
<meta http-equiv="Content-Type" content="text/html;charset=utf-8" />
  <meta name='ocr-system' content='tesseract 3.04.00' />
  <meta name='ocr-capabilities' content='ocr_page ocr_carea ocr_par ocr_line ocrx_word'/>
</head>
<body>
  <div class='ocr_page' id='page_1' title='image "./oratoresatticia03unkngoog/oratoresatticia03unkngoog_0423.png"; bbox 0 0 3825 5842; ppageno 0'>
   <div class='ocr_carea' id='block_1_1' title="bbox 1178 456 3284 528">
    <p class='ocr_par' dir='ltr' id='par_1_1' title="bbox 1178 456 3284 528">
     <span class='ocr_line' id='line_1_1' title="bbox 1178 456 3284 528; baseline 0.001 -12"><span class='ocrx_word' id='word_1_1' title='bbox 1178 457 1569 519; x_wconf 78' lang='lat' dir='ltr'><strong>lSOCRATlS</strong></span> <span class='ocrx_word' id='word_1_2' title='bbox 1610 456 2138 528; x_wconf 74' lang='lat' dir='ltr'>ARCHIDAMUS.</span> <span class='ocrx_word' id='word_1_3' title='bbox 3219 469 3284 520; x_wconf 78' lang='lat' dir='ltr'>st</span> 
     </span>
    </p>
   </div>
   <div class='ocr_carea' id='block_1_2' title="bbox 74 586 1636 1202">
    <p class='ocr_par' dir='ltr' id='par_1_2' title="bbox 113 586 1635 917">
     <span class='ocr_line' id='line_1_2' title="bbox 118 586 1632 674; baseline -0.002 -22"><span class='ocrx_word' id='word_1_4' title='bbox 118 611 279 652; x_wconf 78' lang='grc' dir='ltr'>νωνται</span> <span class='ocrx_word' id='word_1_5' title='bbox 292 595 394 652; x_wconf 85' lang='grc' dir='ltr'>τῶν</span> <span class='ocrx_word' id='word_1_6' title='bbox 410 593 615 674; x_wconf 77' lang='grc' dir='ltr'>ἐχθρῶν</span> <span class='ocrx_word' id='word_1_7' title='bbox 635 588 671 662; x_wconf 74' lang='grc' dir='ltr'>ἢ</span> <span class='ocrx_word' id='word_1_8' title='bbox 693 589 788 662; x_wconf 73' lang='grc' dir='ltr'>τὴν</span> <span class='ocrx_word' id='word_1_9' title='bbox 818 586 1036 667; x_wconf 76' lang='grc' dir='ltr'>δύναμιν</span> <span class='ocrx_word' id='word_1_10' title='bbox 1060 587 1153 662; x_wconf 76' lang='grc' dir='ltr'>τὴν</span> <span class='ocrx_word' id='word_1_11' title='bbox 1179 593 1349 650; x_wconf 74' lang='grc' dir='ltr'>αὑτῶν</span> <span class='ocrx_word' id='word_1_12' title='bbox 1373 589 1632 658; x_wconf 82' lang='grc' dir='ltr'>ἐξισώσω-</span> 
     </span>
     <span class='ocr_line' id='line_1_3' title="bbox 114 674 1633 759; baseline -0.004 -17"><span class='ocrx_word' id='word_1_13' title='bbox 114 706 179 746; x_wconf 87' lang='grc' dir='ltr'>σιν</span> <span class='ocrx_word' id='word_1_14' title='bbox 200 687 261 756; x_wconf 83' lang='grc' dir='ltr'>τῆ</span> <span class='ocrx_word' id='word_1_15' title='bbox 292 685 394 743; x_wconf 86' lang='grc' dir='ltr'>τῶν</span> <span class='ocrx_word' id='word_1_16' title='bbox 437 677 721 757; x_wconf 82' lang='grc' dir='ltr'>πολεμίων·</span> <span class='ocrx_word' id='word_1_17' title='bbox 743 681 813 744; x_wconf 80' lang='grc' dir='ltr'>ὥς</span> <span class='ocrx_word' id='word_1_18' title='bbox 840 677 1085 749; x_wconf 82' lang='grc' dir='ltr'>τοιαύτην</span> <span class='ocrx_word' id='word_1_19' title='bbox 1114 674 1324 738; x_wconf 80' lang='grc' dir='ltr'>ἕκαστοι</span> <span class='ocrx_word' id='word_1_20' title='bbox 1351 677 1451 750; x_wconf 82' lang='grc' dir='ltr'>τὴν</span> <span class='ocrx_word' id='word_1_21' title='bbox 1491 679 1633 759; x_wconf 67' lang='lat' dir='ltr'><strong>etp-f,-</strong></span> 
     </span>
     <span class='ocr_line' id='line_1_4' title="bbox 113 764 1635 850; baseline -0.003 -22"><span class='ocrx_word' id='word_1_22' title='bbox 113 796 191 850; x_wconf 76' lang='grc' dir='ltr'>νην</span> <span class='ocrx_word' id='word_1_23' title='bbox 210 769 411 842; x_wconf 65' lang='grc' dir='ltr'>ἕξουσιν,</span> <span class='ocrx_word' id='word_1_24' title='bbox 435 765 547 827; x_wconf 78' lang='grc' dir='ltr'>οἵαν</span> <span class='ocrx_word' id='word_1_25' title='bbox 571 789 673 848; x_wconf 91' lang='grc' dir='ltr'>περ</span> <span class='ocrx_word' id='word_1_26' title='bbox 697 765 760 826; x_wconf 73' lang='grc' dir='ltr'>ἂν</span> <span class='ocrx_word' id='word_1_27' title='bbox 782 772 873 827; x_wconf 80' lang='grc' dir='ltr'>τοῦ</span> <span class='ocrx_word' id='word_1_28' title='bbox 914 764 1149 845; x_wconf 79' lang='grc' dir='ltr'>πολέμου</span> <span class='ocrx_word' id='word_1_29' title='bbox 1188 766 1513 838; x_wconf 76' lang='grc' dir='ltr'><strong>ποιήσωνται</strong></span> <span class='ocrx_word' id='word_1_30' title='bbox 1540 764 1635 838; x_wconf 83' lang='grc' dir='ltr'>τὴν</span> 
     </span>
     <span class='ocr_line' id='line_1_5' title="bbox 114 858 383 917; baseline -0.004 0"><span class='ocrx_word' id='word_1_31' title='bbox 114 858 383 917; x_wconf 81' lang='grc' dir='ltr'>κατάλυσιν.</span> 
     </span>
    </p>

    <p class='ocr_par' dir='ltr' id='par_1_3' title="bbox 74 935 1636 1202">
     <span class='ocr_line' id='line_1_6' title="bbox 74 935 1636 1026; baseline -0.003 -20"><span class='ocrx_word' id='word_1_32' title='bbox 74 973 95 1010; x_wconf 77' lang='lat' dir='ltr'>s</span> <span class='ocrx_word' id='word_1_33' title='bbox 180 967 243 1006; x_wconf 69' lang='lat'>52.</span> <span class='ocrx_word' id='word_1_34' title='bbox 281 935 382 1004; x_wconf 61' lang='grc' dir='ltr'>’Ὧν</span> <span class='ocrx_word' id='word_1_35' title='bbox 404 944 811 1022; x_wconf 76' lang='grc' dir='ltr'><strong>ἐνθυμουμένους</strong></span> <span class='ocrx_word' id='word_1_36' title='bbox 835 940 940 1024; x_wconf 80' lang='grc' dir='ltr'>χρὴ</span> <span class='ocrx_word' id='word_1_37' title='bbox 973 941 1049 1021; x_wconf 79' lang='grc' dir='ltr'>μὴ</span> <span class='ocrx_word' id='word_1_38' title='bbox 1075 946 1349 1026; x_wconf 76' lang='grc' dir='ltr'>προπετῶς</span> <span class='ocrx_word' id='word_1_39' title='bbox 1374 947 1511 1020; x_wconf 60' lang='lat' dir='ltr'><strong>opu&lt;</strong></span> <span class='ocrx_word' id='word_1_40' title='bbox 1534 945 1636 1002; x_wconf 80' lang='grc' dir='ltr'>αὖ·</span> 
     </span>
     <span class='ocr_line' id='line_1_7' title="bbox 116 1030 1636 1114; baseline -0.002 -22"><span class='ocrx_word' id='word_1_41' title='bbox 116 1033 215 1100; x_wconf 79' lang='grc' dir='ltr'>τοὺς</span> <span class='ocrx_word' id='word_1_42' title='bbox 235 1032 471 1110; x_wconf 76' lang='grc' dir='ltr'>ἐμόαλεῖν</span> <span class='ocrx_word' id='word_1_43' title='bbox 500 1035 572 1100; x_wconf 80' lang='grc' dir='ltr'>εἰς</span> <span class='ocrx_word' id='word_1_44' title='bbox 600 1032 823 1112; x_wconf 76' lang='grc' dir='ltr'>αἰσχρὰς</span> <span class='ocrx_word' id='word_1_45' title='bbox 849 1030 1153 1111; x_wconf 74' lang='grc' dir='ltr'>ὁμολογίας,</span> <span class='ocrx_word' id='word_1_46' title='bbox 1185 1031 1319 1111; x_wconf 80' lang='grc' dir='ltr'>μηδὲ</span> <span class='ocrx_word' id='word_1_47' title='bbox 1346 1030 1636 1114; x_wconf 73' lang='grc' dir='ltr'>ῥαθυμότε-</span> 
     </span>
     <span class='ocr_line' id='line_1_8' title="bbox 118 1118 1632 1202; baseline 0.001 -24"><span class='ocrx_word' id='word_1_48' title='bbox 118 1145 187 1201; x_wconf 87' lang='grc' dir='ltr'>ρον</span> <span class='ocrx_word' id='word_1_49' title='bbox 215 1120 332 1200; x_wconf 81' lang='grc' dir='ltr'>ὑπὲρ</span> <span class='ocrx_word' id='word_1_50' title='bbox 351 1125 441 1191; x_wconf 71' lang='grc' dir='ltr'>τῆς</span> <span class='ocrx_word' id='word_1_51' title='bbox 468 1119 714 1200; x_wconf 81' lang='grc' dir='ltr'>πατρίδος</span> <span class='ocrx_word' id='word_1_52' title='bbox 730 1118 767 1191; x_wconf 80' lang='grc' dir='ltr'>ἢ</span> <span class='ocrx_word' id='word_1_53' title='bbox 799 1123 903 1178; x_wconf 82' lang='grc' dir='ltr'>τῶν</span> <span class='ocrx_word' id='word_1_54' title='bbox 926 1119 1103 1178; x_wconf 76' lang='grc' dir='ltr'>ἄλλων</span> <span class='ocrx_word' id='word_1_55' title='bbox 1130 1126 1357 1200; x_wconf 70' lang='grc' dir='ltr'>φανῆναι</span> <span class='ocrx_word' id='word_1_56' title='bbox 1384 1122 1632 1202; x_wconf 88' lang='grc' dir='ltr'>βουλευο-</span> 
     </span>
    </p>
   </div>
   <div class='ocr_carea' id='block_1_3' title="bbox 119 1205 1703 1287">
    <p class='ocr_par' dir='ltr' id='par_1_4' title="bbox 119 1205 1703 1287">
     <span class='ocr_line' id='line_1_9' title="bbox 119 1205 1703 1287; baseline 0 -22"><span class='ocrx_word' id='word_1_57' title='bbox 119 1208 288 1284; x_wconf 83' lang='grc' dir='ltr'>μένους.</span> <span class='ocrx_word' id='word_1_58' title='bbox 366 1207 751 1286; x_wconf 77' lang='grc' dir='ltr'>Ἀναμνήσθητε</span> <span class='ocrx_word' id='word_1_59' title='bbox 788 1205 844 1266; x_wconf 77' lang='grc' dir='ltr'>δὲ</span> <span class='ocrx_word' id='word_1_60' title='bbox 888 1207 1017 1287; x_wconf 81' lang='grc' dir='ltr'>πρὸς</span> <span class='ocrx_word' id='word_1_61' title='bbox 1051 1210 1190 1285; x_wconf 72' lang='grc' dir='ltr'>ὑμᾶς</span> <span class='ocrx_word' id='word_1_62' title='bbox 1221 1207 1405 1275; x_wconf 77' lang='grc' dir='ltr'>αὐτοὺς</span> <span class='ocrx_word' id='word_1_63' title='bbox 1434 1205 1515 1266; x_wconf 76' lang='grc' dir='ltr'>ὅτι</span> <span class='ocrx_word' id='word_1_64' title='bbox 1548 1207 1636 1267; x_wconf 80' lang='grc' dir='ltr'>τὸν</span> <span class='ocrx_word' id='word_1_65' title='bbox 1667 1222 1703 1265; x_wconf 90' lang='lat' dir='ltr'>e</span> 
     </span>
    </p>
   </div>
   <div class='ocr_carea' id='block_1_4' title="bbox 64 1293 1642 1554">
    <p class='ocr_par' dir='ltr' id='par_1_5' title="bbox 64 1293 1642 1554">
     <span class='ocr_line' id='line_1_10' title="bbox 114 1293 1641 1376; baseline 0.001 -24"><span class='ocrx_word' id='word_1_66' title='bbox 114 1294 401 1376; x_wconf 76' lang='grc' dir='ltr'>παρελθόντα</span> <span class='ocrx_word' id='word_1_67' title='bbox 432 1293 639 1376; x_wconf 79' lang='grc' dir='ltr'>χρόνον,</span> <span class='ocrx_word' id='word_1_68' title='bbox 663 1297 709 1354; x_wconf 81' lang='grc' dir='ltr'>εἰ</span> <span class='ocrx_word' id='word_1_69' title='bbox 737 1294 1153 1376; x_wconf 75' lang='grc' dir='ltr'>πολιορκουμένῃ</span> <span class='ocrx_word' id='word_1_70' title='bbox 1178 1295 1279 1354; x_wconf 79' lang='grc' dir='ltr'>τινὶ</span> <span class='ocrx_word' id='word_1_71' title='bbox 1305 1301 1411 1355; x_wconf 84' lang='grc' dir='ltr'>τῶν</span> <span class='ocrx_word' id='word_1_72' title='bbox 1436 1296 1641 1356; x_wconf 73' lang='grc' dir='ltr'>πόλεων</span> 
     </span>
     <span class='ocr_line' id='line_1_11' title="bbox 64 1375 1642 1465; baseline 0 -23"><span class='ocrx_word' id='word_1_73' title='bbox 64 1399 98 1436; x_wconf 80' lang='lat'>¹0</span> <span class='ocrx_word' id='word_1_74' title='bbox 116 1389 201 1443; x_wconf 81' lang='grc' dir='ltr'>τῶν</span> <span class='ocrx_word' id='word_1_75' title='bbox 222 1385 557 1464; x_wconf 77' lang='grc' dir='ltr'><strong>συμμαχίδων</strong></span> <span class='ocrx_word' id='word_1_76' title='bbox 576 1375 649 1452; x_wconf 79' lang='grc' dir='ltr'>εἷς</span> <span class='ocrx_word' id='word_1_77' title='bbox 677 1383 831 1462; x_wconf 84' lang='grc' dir='ltr'>μόνος</span> <span class='ocrx_word' id='word_1_78' title='bbox 857 1384 1287 1462; x_wconf 84' lang='grc' dir='ltr'>Λακεδαιμονίων</span> <span class='ocrx_word' id='word_1_79' title='bbox 1315 1384 1642 1465; x_wconf 80' lang='grc' dir='ltr'><strong>βοηθήσειεν,</strong></span> 
     </span>
     <span class='ocr_line' id='line_1_12' title="bbox 116 1470 1642 1554; baseline -0.001 -23"><span class='ocrx_word' id='word_1_80' title='bbox 116 1473 199 1532; x_wconf 76' lang='grc' dir='ltr'>ὑπὸ</span> <span class='ocrx_word' id='word_1_81' title='bbox 219 1473 415 1532; x_wconf 87' lang='grc' dir='ltr'>πάντων</span> <span class='ocrx_word' id='word_1_82' title='bbox 440 1471 503 1531; x_wconf 77' lang='grc' dir='ltr'>ἂν</span> <span class='ocrx_word' id='word_1_83' title='bbox 541 1475 863 1550; x_wconf 81' lang='grc' dir='ltr'>ὡμολογεῖτο</span> <span class='ocrx_word' id='word_1_84' title='bbox 889 1495 965 1530; x_wconf 91' lang='grc' dir='ltr'>πα</span> <span class='ocrx_word' id='word_1_85' title='bbox 973 1470 1037 1554; x_wconf 74' lang='grc' dir='ltr'>ρὰ</span> <span class='ocrx_word' id='word_1_86' title='bbox 1064 1477 1243 1532; x_wconf 76' lang='grc' dir='ltr'>τοῦτον</span> <span class='ocrx_word' id='word_1_87' title='bbox 1274 1471 1514 1550; x_wconf 76' lang='grc' dir='ltr'>γενέσθαι</span> <span class='ocrx_word' id='word_1_88' title='bbox 1544 1472 1642 1544; x_wconf 82' lang='grc' dir='ltr'>τὴν</span> 
     </span>
    </p>
   </div>
   <div class='ocr_carea' id='block_1_5' title="bbox 116 1559 1646 1640">
    <p class='ocr_par' dir='ltr' id='par_1_6' title="bbox 116 1559 1646 1640">
     <span class='ocr_line' id='line_1_13' title="bbox 116 1559 1646 1640; baseline 0.001 -22"><span class='ocrx_word' id='word_1_89' title='bbox 116 1561 342 1640; x_wconf 78' lang='grc' dir='ltr'>σωτηρίαν</span> <span class='ocrx_word' id='word_1_90' title='bbox 373 1563 567 1630; x_wconf 54' lang='lat' dir='ltr'><strong>estote:</strong></span> <span class='ocrx_word' id='word_1_91' title='bbox 658 1559 769 1622; x_wconf 81' lang='grc' dir='ltr'>Καὶ</span> <span class='ocrx_word' id='word_1_92' title='bbox 790 1559 909 1627; x_wconf 70' lang='grc' dir='ltr'>τοὺς</span> <span class='ocrx_word' id='word_1_93' title='bbox 932 1559 1027 1637; x_wconf 79' lang='grc' dir='ltr'>μὲν</span> <span class='ocrx_word' id='word_1_94' title='bbox 1056 1559 1329 1628; x_wconf 79' lang='grc' dir='ltr'>πλείστους</span> <span class='ocrx_word' id='word_1_95' title='bbox 1350 1565 1455 1620; x_wconf 80' lang='grc' dir='ltr'>τῶν</span> <span class='ocrx_word' id='word_1_96' title='bbox 1482 1561 1646 1622; x_wconf 80' lang='grc' dir='ltr'>τοιού-</span> 
     </span>
    </p>
   </div>
   <div class='ocr_carea' id='block_1_6' title="bbox 65 1646 1709 1730">
    <p class='ocr_par' dir='ltr' id='par_1_7' title="bbox 65 1646 1709 1730">
     <span class='ocr_line' id='line_1_14' title="bbox 65 1646 1709 1730; baseline -0.001 -22"><span class='ocrx_word' id='word_1_97' title='bbox 65 1655 196 1708; x_wconf 80' lang='grc' dir='ltr'>27των</span> <span class='ocrx_word' id='word_1_98' title='bbox 226 1652 409 1729; x_wconf 79' lang='grc' dir='ltr'>ἀνδρῶν</span> <span class='ocrx_word' id='word_1_99' title='bbox 436 1648 585 1730; x_wconf 76' lang='grc' dir='ltr'>παρὰ</span> <span class='ocrx_word' id='word_1_100' title='bbox 608 1653 709 1708; x_wconf 74' lang='grc' dir='ltr'>τῶν</span> <span class='ocrx_word' id='word_1_101' title='bbox 740 1646 1111 1730; x_wconf 74' lang='grc' dir='ltr'>πρεσὸυτέρων</span> <span class='ocrx_word' id='word_1_102' title='bbox 1141 1647 1204 1706; x_wconf 74' lang='grc' dir='ltr'>ἄν</span> <span class='ocrx_word' id='word_1_103' title='bbox 1238 1673 1315 1716; x_wconf 87' lang='grc' dir='ltr'>τις</span> <span class='ocrx_word' id='word_1_104' title='bbox 1344 1647 1637 1728; x_wconf 73' lang='grc' dir='ltr'>ἀκούσειεν,</span> <span class='ocrx_word' id='word_1_105' title='bbox 1673 1665 1709 1706; x_wconf 79' lang='lat' dir='ltr'><strong>a</strong></span> 
     </span>
    </p>
   </div>
   <div class='ocr_carea' id='block_1_7' title="bbox 64 1736 1647 2346">
    <p class='ocr_par' dir='ltr' id='par_1_8' title="bbox 64 1736 1647 2346">
     <span class='ocr_line' id='line_1_15' title="bbox 116 1736 1642 1817; baseline 0.001 -23"><span class='ocrx_word' id='word_1_106' title='bbox 116 1737 209 1805; x_wconf 74' lang='grc' dir='ltr'>τοὺς</span> <span class='ocrx_word' id='word_1_107' title='bbox 232 1738 273 1796; x_wconf 91' lang='grc' dir='ltr'>δ’</span> <span class='ocrx_word' id='word_1_108' title='bbox 302 1737 749 1816; x_wconf 72' lang='grc' dir='ltr'>ὀνομαστοτάτους</span> <span class='ocrx_word' id='word_1_109' title='bbox 780 1737 889 1817; x_wconf 82' lang='grc' dir='ltr'>ἔχω</span> <span class='ocrx_word' id='word_1_110' title='bbox 916 1736 1065 1816; x_wconf 78' lang='grc' dir='ltr'>κάγὼ</span> <span class='ocrx_word' id='word_1_111' title='bbox 1092 1738 1328 1797; x_wconf 76' lang='grc' dir='ltr'>διελθεῖν.</span> <span class='ocrx_word' id='word_1_112' title='bbox 1414 1739 1502 1815; x_wconf 69' lang='grc'>(53)</span> <span class='ocrx_word' id='word_1_113' title='bbox 1535 1740 1642 1798; x_wconf 82' lang='grc' dir='ltr'>Πε·</span> 
     </span>
     <span class='ocr_line' id='line_1_16' title="bbox 64 1823 1639 1907; baseline 0.001 -24"><span class='ocrx_word' id='word_1_114' title='bbox 64 1845 95 1884; x_wconf 72' lang='lat'>15</span> <span class='ocrx_word' id='word_1_115' title='bbox 117 1825 288 1906; x_wconf 80' lang='grc' dir='ltr'>δάριτος</span> <span class='ocrx_word' id='word_1_116' title='bbox 312 1825 402 1905; x_wconf 82' lang='grc' dir='ltr'>μὲν</span> <span class='ocrx_word' id='word_1_117' title='bbox 429 1825 533 1907; x_wconf 73' lang='grc' dir='ltr'>γὰρ</span> <span class='ocrx_word' id='word_1_118' title='bbox 570 1829 643 1893; x_wconf 80' lang='grc' dir='ltr'>εἷς</span> <span class='ocrx_word' id='word_1_119' title='bbox 662 1824 797 1886; x_wconf 86' lang='grc' dir='ltr'>Χίον</span> <span class='ocrx_word' id='word_1_120' title='bbox 820 1823 1133 1892; x_wconf 72' lang='grc' dir='ltr'>εἰσπλεύσας</span> <span class='ocrx_word' id='word_1_121' title='bbox 1158 1823 1255 1896; x_wconf 74' lang='grc' dir='ltr'>τὴν</span> <span class='ocrx_word' id='word_1_122' title='bbox 1284 1825 1438 1885; x_wconf 86' lang='grc' dir='ltr'>πόλιν</span> <span class='ocrx_word' id='word_1_123' title='bbox 1467 1828 1639 1885; x_wconf 77' lang='grc' dir='ltr'>αὐτῶν</span> 
     </span>
     <span class='ocr_line' id='line_1_17' title="bbox 120 1911 1646 1995; baseline 0 -23"><span class='ocrx_word' id='word_1_124' title='bbox 120 1915 321 1973; x_wconf 77' lang='grc' dir='ltr'>διέσωσε·</span> <span class='ocrx_word' id='word_1_125' title='bbox 355 1913 617 1995; x_wconf 83' lang='grc' dir='ltr'>Βρασίδας</span> <span class='ocrx_word' id='word_1_126' title='bbox 643 1915 689 1972; x_wconf 93' lang='grc' dir='ltr'>δ’</span> <span class='ocrx_word' id='word_1_127' title='bbox 712 1917 786 1982; x_wconf 77' lang='grc' dir='ltr'>εἷς</span> <span class='ocrx_word' id='word_1_128' title='bbox 812 1913 1124 1994; x_wconf 72' lang='grc' dir='ltr'>Ἀμφίπολιν</span> <span class='ocrx_word' id='word_1_129' title='bbox 1152 1911 1417 1987; x_wconf 81' lang='grc' dir='ltr'>εἰσελθών,</span> <span class='ocrx_word' id='word_1_130' title='bbox 1443 1913 1646 1991; x_wconf 76' lang='grc' dir='ltr'>ὀλίγους</span> 
     </span>
     <span class='ocr_line' id='line_1_18' title="bbox 120 1999 1646 2082; baseline 0.001 -24"><span class='ocrx_word' id='word_1_131' title='bbox 120 2000 217 2081; x_wconf 84' lang='grc' dir='ltr'>περὶ</span> <span class='ocrx_word' id='word_1_132' title='bbox 238 2004 379 2062; x_wconf 81' lang='grc' dir='ltr'>αὑτὸν</span> <span class='ocrx_word' id='word_1_133' title='bbox 396 2005 499 2062; x_wconf 82' lang='grc' dir='ltr'>τῶν</span> <span class='ocrx_word' id='word_1_134' title='bbox 517 1999 973 2082; x_wconf 75' lang='grc' dir='ltr'>πολιορκουμένων</span> <span class='ocrx_word' id='word_1_135' title='bbox 995 1999 1371 2078; x_wconf 78' lang='grc' dir='ltr'>συνταξάμενος</span> <span class='ocrx_word' id='word_1_136' title='bbox 1384 2045 1401 2074; x_wconf 95' lang='grc'>,</span> <span class='ocrx_word' id='word_1_137' title='bbox 1424 2000 1646 2069; x_wconf 78' lang='grc' dir='ltr'>πολλοὺς</span> 
     </span>
     <span class='ocr_line' id='line_1_19' title="bbox 118 2087 1646 2168; baseline 0.002 -24"><span class='ocrx_word' id='word_1_138' title='bbox 118 2088 240 2156; x_wconf 74' lang='grc' dir='ltr'>’ὄντας</span> <span class='ocrx_word' id='word_1_139' title='bbox 263 2089 372 2156; x_wconf 81' lang='grc' dir='ltr'>τοὺς</span> <span class='ocrx_word' id='word_1_140' title='bbox 398 2091 805 2168; x_wconf 76' lang='grc' dir='ltr'>πολιορκοῦντας</span> <span class='ocrx_word' id='word_1_141' title='bbox 833 2087 1038 2160; x_wconf 78' lang='grc' dir='ltr'>ἐνίκησε</span> <span class='ocrx_word' id='word_1_142' title='bbox 1069 2087 1395 2168; x_wconf 79' lang='grc' dir='ltr'>μαχόμενος·</span> <span class='ocrx_word' id='word_1_143' title='bbox 1446 2088 1646 2150; x_wconf 82' lang='grc' dir='ltr'>Γύλιπ-</span> 
     </span>
     <span class='ocr_line' id='line_1_20' title="bbox 117 2175 1646 2259; baseline 0.003 -27"><span class='ocrx_word' id='word_1_144' title='bbox 117 2199 191 2242; x_wconf 79' lang='grc' dir='ltr'>πος</span> <span class='ocrx_word' id='word_1_145' title='bbox 210 2175 257 2234; x_wconf 83' lang='grc' dir='ltr'>δὲ</span> <span class='ocrx_word' id='word_1_146' title='bbox 286 2176 625 2259; x_wconf 81' lang='grc' dir='ltr'>Συρακοσίοις</span> <span class='ocrx_word' id='word_1_147' title='bbox 654 2175 918 2257; x_wconf 77' lang='grc' dir='ltr'>βοηθήσας</span> <span class='ocrx_word' id='word_1_148' title='bbox 940 2177 999 2236; x_wconf 78' lang='grc' dir='ltr'>οὗ</span> <span class='ocrx_word' id='word_1_149' title='bbox 1024 2176 1179 2254; x_wconf 88' lang='grc' dir='ltr'>μόνον</span> <span class='ocrx_word' id='word_1_150' title='bbox 1209 2177 1431 2256; x_wconf 77' lang='grc' dir='ltr'>ἐκείνους</span> <span class='ocrx_word' id='word_1_151' title='bbox 1464 2176 1646 2237; x_wconf 81' lang='grc' dir='ltr'>διέσω·</span> 
     </span>
     <span class='ocr_line' id='line_1_21' title="bbox 64 2264 1647 2346; baseline 0.003 -26"><span class='ocrx_word' id='word_1_152' title='bbox 64 2282 99 2320; x_wconf 74' lang='grc' dir='ltr'>ιο</span> <span class='ocrx_word' id='word_1_153' title='bbox 121 2288 207 2340; x_wconf 81' lang='grc' dir='ltr'>σεν,</span> <span class='ocrx_word' id='word_1_154' title='bbox 234 2265 359 2323; x_wconf 79' lang='grc' dir='ltr'>ἀλλὰ</span> <span class='ocrx_word' id='word_1_155' title='bbox 388 2265 479 2325; x_wconf 79' lang='grc' dir='ltr'>καὶ</span> <span class='ocrx_word' id='word_1_156' title='bbox 514 2264 613 2336; x_wconf 73' lang='grc' dir='ltr'>τὴν</span> <span class='ocrx_word' id='word_1_157' title='bbox 648 2265 867 2341; x_wconf 81' lang='grc' dir='ltr'>δύναμιν</span> <span class='ocrx_word' id='word_1_158' title='bbox 900 2264 995 2336; x_wconf 82' lang='grc' dir='ltr'>τὴν</span> <span class='ocrx_word' id='word_1_159' title='bbox 1029 2271 1327 2346; x_wconf 77' lang='grc' dir='ltr'>κρατοῦσαν</span> <span class='ocrx_word' id='word_1_160' title='bbox 1355 2269 1526 2327; x_wconf 75' lang='grc' dir='ltr'>αὐτῶν</span> <span class='ocrx_word' id='word_1_161' title='bbox 1555 2266 1647 2325; x_wconf 83' lang='grc' dir='ltr'>καὶ</span> 
     </span>
    </p>
   </div>
   <div class='ocr_carea' id='block_1_8' title="bbox 120 2351 1712 2435">
    <p class='ocr_par' dir='ltr' id='par_1_9' title="bbox 120 2351 1712 2435">
     <span class='ocr_line' id='line_1_22' title="bbox 120 2351 1712 2435; baseline 0.004 -27"><span class='ocrx_word' id='word_1_162' title='bbox 120 2353 231 2409; x_wconf 72' lang='grc' dir='ltr'>κατὰ</span> <span class='ocrx_word' id='word_1_163' title='bbox 266 2359 359 2432; x_wconf 77' lang='grc' dir='ltr'>γῆν</span> <span class='ocrx_word' id='word_1_164' title='bbox 399 2353 490 2414; x_wconf 79' lang='grc' dir='ltr'>καὶ</span> <span class='ocrx_word' id='word_1_165' title='bbox 532 2351 673 2413; x_wconf 71' lang='grc' dir='ltr'>κατὰ</span> <span class='ocrx_word' id='word_1_166' title='bbox 720 2353 981 2414; x_wconf 89' lang='grc' dir='ltr'>θάλατταν</span> <span class='ocrx_word' id='word_1_167' title='bbox 1032 2353 1249 2413; x_wconf 79' lang='grc' dir='ltr'>ἅπασαν</span> <span class='ocrx_word' id='word_1_168' title='bbox 1304 2355 1643 2435; x_wconf 77' lang='grc' dir='ltr'>αἰχμάλωτον</span> <span class='ocrx_word' id='word_1_169' title='bbox 1667 2351 1712 2414; x_wconf 90' lang='lat' dir='ltr'><strong>b</strong></span> 
     </span>
    </p>
   </div>
   <div class='ocr_carea' id='block_1_9' title="bbox 64 2438 1649 3057">
    <p class='ocr_par' dir='ltr' id='par_1_10' title="bbox 64 2438 1649 3057">
     <span class='ocr_line' id='line_1_23' title="bbox 120 2438 1645 2523; baseline 0.004 -27"><span class='ocrx_word' id='word_1_170' title='bbox 120 2438 291 2500; x_wconf 66' lang='grc' dir='ltr'>ἔλαθεν.</span> <span class='ocrx_word' id='word_1_171' title='bbox 368 2444 455 2520; x_wconf 68' lang='grc' dir='ltr'>(Μ)</span> <span class='ocrx_word' id='word_1_172' title='bbox 488 2441 686 2503; x_wconf 87' lang='grc' dir='ltr'>Καίτοι</span> <span class='ocrx_word' id='word_1_173' title='bbox 712 2445 823 2510; x_wconf 77' lang='grc' dir='ltr'>πῶς</span> <span class='ocrx_word' id='word_1_174' title='bbox 848 2444 943 2500; x_wconf 81' lang='grc' dir='ltr'>οὔκ</span> <span class='ocrx_word' id='word_1_175' title='bbox 969 2442 1188 2523; x_wconf 79' lang='grc' dir='ltr'>αἰσχρὸν</span> <span class='ocrx_word' id='word_1_176' title='bbox 1231 2443 1349 2502; x_wconf 79' lang='grc' dir='ltr'>τότε</span> <span class='ocrx_word' id='word_1_177' title='bbox 1393 2441 1487 2520; x_wconf 77' lang='grc' dir='ltr'>μὲν</span> <span class='ocrx_word' id='word_1_178' title='bbox 1522 2441 1645 2502; x_wconf 75' lang='grc' dir='ltr'>ἕκα-</span> 
     </span>
     <span class='ocr_line' id='line_1_24' title="bbox 121 2521 1647 2614; baseline 0.003 -28"><span class='ocrx_word' id='word_1_179' title='bbox 121 2550 216 2586; x_wconf 83' lang='grc' dir='ltr'>στον</span> <span class='ocrx_word' id='word_1_180' title='bbox 234 2533 373 2606; x_wconf 78' lang='grc' dir='ltr'>ἡμῶν</span> <span class='ocrx_word' id='word_1_181' title='bbox 393 2529 575 2589; x_wconf 80' lang='grc' dir='ltr'>ἱκανὸν</span> <span class='ocrx_word' id='word_1_182' title='bbox 596 2521 727 2588; x_wconf 71' lang='grc' dir='ltr'>εἶναι</span> <span class='ocrx_word' id='word_1_183' title='bbox 748 2529 841 2596; x_wconf 75' lang='grc' dir='ltr'>τὰς</span> <span class='ocrx_word' id='word_1_184' title='bbox 871 2531 1145 2612; x_wconf 81' lang='grc' dir='ltr'>ἀλλοτρίας</span> <span class='ocrx_word' id='word_1_185' title='bbox 1164 2532 1339 2600; x_wconf 86' lang='grc' dir='ltr'>πόλεις</span> <span class='ocrx_word' id='word_1_186' title='bbox 1358 2532 1647 2614; x_wconf 72' lang='grc' dir='ltr'>διαφυλάτ-</span> 
     </span>
     <span class='ocr_line' id='line_1_25' title="bbox 117 2617 1647 2700; baseline 0.003 -26"><span class='ocrx_word' id='word_1_187' title='bbox 117 2641 223 2694; x_wconf 77' lang='grc' dir='ltr'>τειν,</span> <span class='ocrx_word' id='word_1_188' title='bbox 257 2619 359 2677; x_wconf 79' lang='grc' dir='ltr'>νυνὶ</span> <span class='ocrx_word' id='word_1_189' title='bbox 402 2619 458 2678; x_wconf 83' lang='grc' dir='ltr'>δὲ</span> <span class='ocrx_word' id='word_1_190' title='bbox 500 2618 711 2686; x_wconf 90' lang='grc' dir='ltr'>πάντας</span> <span class='ocrx_word' id='word_1_191' title='bbox 754 2617 888 2696; x_wconf 81' lang='grc' dir='ltr'>μηδὲ</span> <span class='ocrx_word' id='word_1_192' title='bbox 930 2625 1214 2700; x_wconf 79' lang='grc' dir='ltr'>πειρᾶσθαι</span> <span class='ocrx_word' id='word_1_193' title='bbox 1246 2619 1341 2691; x_wconf 82' lang='grc' dir='ltr'>τὴν</span> <span class='ocrx_word' id='word_1_194' title='bbox 1382 2618 1647 2700; x_wconf 80' lang='grc' dir='ltr'>ἡμετέραν</span> 
     </span>
     <span class='ocr_line' id='line_1_26' title="bbox 64 2707 1648 2790; baseline 0.003 -26"><span class='ocrx_word' id='word_1_195' title='bbox 64 2733 99 2772; x_wconf 70' lang='lat'>25</span> <span class='ocrx_word' id='word_1_196' title='bbox 120 2709 259 2766; x_wconf 69' lang='grc' dir='ltr'>αὐτῶν</span> <span class='ocrx_word' id='word_1_197' title='bbox 281 2709 575 2784; x_wconf 83' lang='grc' dir='ltr'>διασώζειν;</span> <span class='ocrx_word' id='word_1_198' title='bbox 600 2707 691 2768; x_wconf 79' lang='grc' dir='ltr'>καὶ</span> <span class='ocrx_word' id='word_1_199' title='bbox 718 2708 811 2780; x_wconf 80' lang='grc' dir='ltr'>τὴν</span> <span class='ocrx_word' id='word_1_200' title='bbox 841 2707 937 2787; x_wconf 85' lang='grc' dir='ltr'>μὲν</span> <span class='ocrx_word' id='word_1_201' title='bbox 961 2710 1223 2790; x_wconf 75' lang='grc' dir='ltr'>Εὐρώπην</span> <span class='ocrx_word' id='word_1_202' title='bbox 1246 2711 1337 2770; x_wconf 77' lang='grc' dir='ltr'>καὶ</span> <span class='ocrx_word' id='word_1_203' title='bbox 1354 2707 1447 2783; x_wconf 82' lang='grc' dir='ltr'>τὴν</span> <span class='ocrx_word' id='word_1_204' title='bbox 1472 2710 1648 2771; x_wconf 85' lang='grc' dir='ltr'>Ἀσίαν</span> 
     </span>
     <span class='ocr_line' id='line_1_27' title="bbox 120 2795 1648 2879; baseline 0.003 -25"><span class='ocrx_word' id='word_1_205' title='bbox 120 2795 285 2870; x_wconf 85' lang='grc' dir='ltr'>μεστὴν</span> <span class='ocrx_word' id='word_1_206' title='bbox 313 2796 659 2871; x_wconf 80' lang='grc' dir='ltr'>πεποιηκέναι</span> <span class='ocrx_word' id='word_1_207' title='bbox 692 2796 955 2878; x_wconf 86' lang='grc' dir='ltr'>τροπαίων</span> <span class='ocrx_word' id='word_1_208' title='bbox 982 2797 1113 2879; x_wconf 77' lang='grc' dir='ltr'>ὑπὲρ</span> <span class='ocrx_word' id='word_1_209' title='bbox 1145 2801 1249 2857; x_wconf 83' lang='grc' dir='ltr'>τῶν</span> <span class='ocrx_word' id='word_1_210' title='bbox 1287 2797 1461 2858; x_wconf 79' lang='grc' dir='ltr'>ἄλλων</span> <span class='ocrx_word' id='word_1_211' title='bbox 1490 2801 1648 2860; x_wconf 85' lang='grc' dir='ltr'>πολε-</span> 
     </span>
     <span class='ocr_line' id='line_1_28' title="bbox 121 2884 1648 2970; baseline 0.002 -27"><span class='ocrx_word' id='word_1_212' title='bbox 121 2891 310 2960; x_wconf 77' lang='grc' dir='ltr'>μοῦντας</span> <span class='ocrx_word' id='word_1_213' title='bbox 328 2931 345 2959; x_wconf 89' lang='grc'>,</span> <span class='ocrx_word' id='word_1_214' title='bbox 366 2887 501 2968; x_wconf 78' lang='grc' dir='ltr'>ὑπὲρ</span> <span class='ocrx_word' id='word_1_215' title='bbox 530 2886 591 2946; x_wconf 70' lang='grc' dir='ltr'>δὲ</span> <span class='ocrx_word' id='word_1_216' title='bbox 615 2889 711 2958; x_wconf 77' lang='grc' dir='ltr'>τῆς</span> <span class='ocrx_word' id='word_1_217' title='bbox 734 2885 985 2966; x_wconf 85' lang='grc' dir='ltr'>πατρίδος</span> <span class='ocrx_word' id='word_1_218' title='bbox 1012 2884 1149 2946; x_wconf 81' lang='grc' dir='ltr'>οὕτω</span> <span class='ocrx_word' id='word_1_219' title='bbox 1176 2892 1410 2969; x_wconf 79' lang='grc' dir='ltr'>φανερῶς</span> <span class='ocrx_word' id='word_1_220' title='bbox 1436 2887 1648 2970; x_wconf 51' lang='lat' dir='ltr'><strong>&amp;Spita-⁴</strong></span> 
     </span>
     <span class='ocr_line' id='line_1_29' title="bbox 119 2971 1649 3057; baseline 0.001 -23"><span class='ocrx_word' id='word_1_221' title='bbox 119 2971 249 3048; x_wconf 81' lang='grc' dir='ltr'>με’νης</span> <span class='ocrx_word' id='word_1_222' title='bbox 272 2975 399 3052; x_wconf 76' lang='grc' dir='ltr'>μηδὲ</span> <span class='ocrx_word' id='word_1_223' title='bbox 434 2975 565 3053; x_wconf 87' lang='grc' dir='ltr'>μίαν</span> <span class='ocrx_word' id='word_1_224' title='bbox 598 2974 778 3054; x_wconf 84' lang='grc' dir='ltr'>μάχην</span> <span class='ocrx_word' id='word_1_225' title='bbox 802 2972 951 3043; x_wconf 78' lang='grc' dir='ltr'>ἀξίαν</span> <span class='ocrx_word' id='word_1_226' title='bbox 981 2973 1139 3054; x_wconf 88' lang='grc' dir='ltr'>λόγου</span> <span class='ocrx_word' id='word_1_227' title='bbox 1167 2976 1440 3057; x_wconf 79' lang='grc' dir='ltr'>φαίνεσθαι</span> <span class='ocrx_word' id='word_1_228' title='bbox 1470 3000 1649 3054; x_wconf 87' lang='grc' dir='ltr'>μεμα-</span> 
     </span>
    </p>
   </div>
   <div class='ocr_carea' id='block_1_10' title="bbox 64 3060 1707 3232">
    <p class='ocr_par' dir='ltr' id='par_1_11' title="bbox 64 3060 1707 3232">
     <span class='ocr_line' id='line_1_30' title="bbox 120 3060 1707 3143; baseline 0 -23"><span class='ocrx_word' id='word_1_229' title='bbox 120 3063 365 3139; x_wconf 57' lang='grc' dir='ltr'>χημένους</span> <span class='ocrx_word' id='word_1_230' title='bbox 417 3063 515 3142; x_wconf 66' lang='grc' dir='ltr'>(σε)</span> <span class='ocrx_word' id='word_1_231' title='bbox 579 3064 701 3121; x_wconf 78' lang='grc' dir='ltr'>ἀλλ’</span> <span class='ocrx_word' id='word_1_232' title='bbox 758 3061 938 3143; x_wconf 78' lang='grc' dir='ltr'>ἐτέρας</span> <span class='ocrx_word' id='word_1_233' title='bbox 983 3060 1079 3139; x_wconf 81' lang='grc' dir='ltr'>μὲν</span> <span class='ocrx_word' id='word_1_234' title='bbox 1134 3062 1311 3130; x_wconf 85' lang='grc' dir='ltr'>πόλεις</span> <span class='ocrx_word' id='word_1_235' title='bbox 1368 3061 1501 3143; x_wconf 76' lang='grc' dir='ltr'>ὑπὲρ</span> <span class='ocrx_word' id='word_1_236' title='bbox 1553 3069 1648 3136; x_wconf 76' lang='grc' dir='ltr'>τῆς</span> <span class='ocrx_word' id='word_1_237' title='bbox 1672 3088 1707 3129; x_wconf 86' lang='lat' dir='ltr'><strong>c</strong></span> 
     </span>
     <span class='ocr_line' id='line_1_31' title="bbox 64 3147 1665 3232; baseline 0.001 -24"><span class='ocrx_word' id='word_1_238' title='bbox 64 3169 99 3208; x_wconf 76' lang='lat' dir='ltr'><strong>to</strong></span> <span class='ocrx_word' id='word_1_239' title='bbox 118 3151 338 3230; x_wconf 77' lang='grc' dir='ltr'>ἡμετέρας</span> <span class='ocrx_word' id='word_1_240' title='bbox 374 3154 547 3232; x_wconf 72' lang='grc' dir='ltr'>ἀρχῆς</span> <span class='ocrx_word' id='word_1_241' title='bbox 584 3147 680 3217; x_wconf 68' lang='grc' dir='ltr'>τὰς</span> <span class='ocrx_word' id='word_1_242' title='bbox 717 3149 947 3230; x_wconf 76' lang='grc' dir='ltr'>ἐσχάτας</span> <span class='ocrx_word' id='word_1_243' title='bbox 984 3153 1262 3230; x_wconf 78' lang='grc' dir='ltr'>ὑπομεῖναι</span> <span class='ocrx_word' id='word_1_244' title='bbox 1313 3151 1665 3228; x_wconf 87' lang='grc' dir='ltr'>πολιορκίας,·</span> 
     </span>
    </p>
   </div>
   <div class='ocr_carea' id='block_1_11' title="bbox 65 3236 1649 3758">
    <p class='ocr_par' dir='ltr' id='par_1_12' title="bbox 118 3236 1649 3584">
     <span class='ocr_line' id='line_1_32' title="bbox 121 3236 1647 3320; baseline 0.004 -28"><span class='ocrx_word' id='word_1_245' title='bbox 121 3237 271 3305; x_wconf 76' lang='grc' dir='ltr'>αὐτοὺς</span> <span class='ocrx_word' id='word_1_246' title='bbox 303 3241 345 3297; x_wconf 85' lang='grc' dir='ltr'>δ’</span> <span class='ocrx_word' id='word_1_247' title='bbox 373 3245 543 3316; x_wconf 74' lang='grc' dir='ltr'>ἡμᾶς,</span> <span class='ocrx_word' id='word_1_248' title='bbox 577 3237 709 3320; x_wconf 75' lang='grc' dir='ltr'>ὑπὲρ</span> <span class='ocrx_word' id='word_1_249' title='bbox 745 3243 837 3296; x_wconf 78' lang='grc' dir='ltr'>τοῦ</span> <span class='ocrx_word' id='word_1_250' title='bbox 875 3236 1041 3315; x_wconf 80' lang='grc' dir='ltr'>μηδὲν</span> <span class='ocrx_word' id='word_1_251' title='bbox 1078 3241 1471 3317; x_wconf 71' lang='grc' dir='ltr'>ἀναγκασθῆναι</span> <span class='ocrx_word' id='word_1_252' title='bbox 1498 3239 1647 3319; x_wconf 65' lang='grc' dir='ltr'>παρὰ</span> 
     </span>
     <span class='ocr_line' id='line_1_33' title="bbox 120 3323 1648 3409; baseline 0.003 -27"><span class='ocrx_word' id='word_1_253' title='bbox 120 3323 163 3382; x_wconf 75' lang='grc' dir='ltr'>τὸ</span> <span class='ocrx_word' id='word_1_254' title='bbox 186 3326 361 3387; x_wconf 85' lang='grc' dir='ltr'>δίκαιον</span> <span class='ocrx_word' id='word_1_255' title='bbox 384 3336 575 3404; x_wconf 82' lang='grc' dir='ltr'>ποιεῖν,</span> <span class='ocrx_word' id='word_1_256' title='bbox 609 3327 743 3404; x_wconf 73' lang='grc' dir='ltr'>μηδὲ</span> <span class='ocrx_word' id='word_1_257' title='bbox 774 3324 965 3409; x_wconf 77' lang='grc' dir='ltr'>μικρὰν</span> <span class='ocrx_word' id='word_1_258' title='bbox 993 3324 1190 3387; x_wconf 80' lang='grc' dir='ltr'>οἴεσθαι</span> <span class='ocrx_word' id='word_1_259' title='bbox 1212 3328 1317 3385; x_wconf 87' lang='grc' dir='ltr'>δεῖν</span> <span class='ocrx_word' id='word_1_260' title='bbox 1348 3331 1648 3406; x_wconf 72' lang='grc' dir='ltr'>ὑπενεγκεῖν</span> 
     </span>
     <span class='ocr_line' id='line_1_34' title="bbox 118 3412 1649 3495; baseline 0.003 -25"><span class='ocrx_word' id='word_1_261' title='bbox 118 3415 451 3493; x_wconf 81' lang='grc' dir='ltr'>κακοπάθειαν,</span> <span class='ocrx_word' id='word_1_262' title='bbox 500 3415 643 3474; x_wconf 73' lang='grc' dir='ltr'>ἀλλὰ</span> <span class='ocrx_word' id='word_1_263' title='bbox 684 3414 841 3493; x_wconf 77' lang='grc' dir='ltr'>ζεύγη</span> <span class='ocrx_word' id='word_1_264' title='bbox 885 3412 981 3493; x_wconf 81' lang='grc' dir='ltr'>μὲν</span> <span class='ocrx_word' id='word_1_265' title='bbox 1023 3413 1200 3474; x_wconf 74' lang='grc' dir='ltr'>ἵππων</span> <span class='ocrx_word' id='word_1_266' title='bbox 1247 3415 1649 3495; x_wconf 75' lang='grc' dir='ltr'>ἀδηφαγούντων</span> 
     </span>
     <span class='ocr_line' id='line_1_35' title="bbox 120 3497 1649 3584; baseline 0.006 -30"><span class='ocrx_word' id='word_1_267' title='bbox 120 3497 181 3556; x_wconf 84' lang='grc' dir='ltr'>ἔτι</span> <span class='ocrx_word' id='word_1_268' title='bbox 202 3503 281 3559; x_wconf 75' lang='grc' dir='ltr'>καὶ</span> <span class='ocrx_word' id='word_1_269' title='bbox 310 3509 397 3561; x_wconf 73' lang='grc' dir='ltr'>νῦν</span> <span class='ocrx_word' id='word_1_270' title='bbox 426 3509 656 3584; x_wconf 75' lang='grc' dir='ltr'>ὁρᾶσθαι</span> <span class='ocrx_word' id='word_1_271' title='bbox 685 3501 965 3583; x_wconf 70' lang='grc' dir='ltr'>τρέφοντας</span> <span class='ocrx_word' id='word_1_272' title='bbox 981 3548 997 3575; x_wconf 92' lang='grc'>,</span> <span class='ocrx_word' id='word_1_273' title='bbox 1030 3501 1212 3582; x_wconf 77' lang='grc' dir='ltr'>ὥσπερ</span> <span class='ocrx_word' id='word_1_274' title='bbox 1237 3501 1292 3562; x_wconf 75' lang='grc' dir='ltr'>δὲ</span> <span class='ocrx_word' id='word_1_275' title='bbox 1314 3501 1433 3570; x_wconf 81' lang='grc' dir='ltr'>τοὺς</span> <span class='ocrx_word' id='word_1_276' title='bbox 1458 3506 1531 3570; x_wconf 83' lang='grc' dir='ltr'>εἰς</span> <span class='ocrx_word' id='word_1_277' title='bbox 1555 3503 1649 3572; x_wconf 71' lang='grc' dir='ltr'>τὰς</span> 
     </span>
    </p>

    <p class='ocr_par' dir='ltr' id='par_1_13' title="bbox 65 3588 1649 3758">
     <span class='ocr_line' id='line_1_36' title="bbox 65 3588 1649 3674; baseline 0.003 -30"><span class='ocrx_word' id='word_1_278' title='bbox 65 3589 101 3627; x_wconf 73' lang='lat'>³⁶³</span> <span class='ocrx_word' id='word_1_279' title='bbox 122 3589 373 3659; x_wconf 72' lang='grc' dir='ltr'>δεινοτάτας</span> <span class='ocrx_word' id='word_1_280' title='bbox 402 3591 643 3669; x_wconf 81' lang='grc' dir='ltr'>ἀνάγκας</span> <span class='ocrx_word' id='word_1_281' title='bbox 684 3588 998 3672; x_wconf 75' lang='grc' dir='ltr'>ἀφιγμένους</span> <span class='ocrx_word' id='word_1_282' title='bbox 1033 3589 1125 3648; x_wconf 76' lang='grc' dir='ltr'>καὶ</span> <span class='ocrx_word' id='word_1_283' title='bbox 1158 3595 1262 3650; x_wconf 82' lang='grc' dir='ltr'>τῶν</span> <span class='ocrx_word' id='word_1_284' title='bbox 1291 3591 1407 3650; x_wconf 88' lang='grc' dir='ltr'>καθ’</span> <span class='ocrx_word' id='word_1_285' title='bbox 1444 3591 1649 3674; x_wconf 78' lang='grc' dir='ltr'>ἡμέραν</span> 
     </span>
     <span class='ocr_line' id='line_1_37' title="bbox 122 3677 1319 3758; baseline 0.003 -27"><span class='ocrx_word' id='word_1_286' title='bbox 122 3678 267 3746; x_wconf 77' lang='grc' dir='ltr'>ἐνδεεῖς</span> <span class='ocrx_word' id='word_1_287' title='bbox 291 3679 465 3752; x_wconf 84' lang='grc' dir='ltr'>ὄντας,</span> <span class='ocrx_word' id='word_1_288' title='bbox 495 3679 636 3740; x_wconf 77' lang='grc' dir='ltr'>οὕτω</span> <span class='ocrx_word' id='word_1_289' title='bbox 662 3683 925 3738; x_wconf 85' lang='grc' dir='ltr'>ποιεῖσθαι</span> <span class='ocrx_word' id='word_1_290' title='bbox 957 3677 1051 3750; x_wconf 81' lang='grc' dir='ltr'>τὴν</span> <span class='ocrx_word' id='word_1_291' title='bbox 1076 3679 1319 3758; x_wconf 82' lang='grc' dir='ltr'>εἶρήνην;</span> 
     </span>
    </p>
   </div>
   <div class='ocr_carea' id='block_1_12' title="bbox 1722 596 3295 661">
    <p class='ocr_par' dir='ltr' id='par_1_14' title="bbox 1722 596 3295 661">
     <span class='ocr_line' id='line_1_38' title="bbox 1722 596 3295 661; baseline 0.002 -14"><span class='ocrx_word' id='word_1_292' title='bbox 1722 611 1873 661; x_wconf 89' lang='lat' dir='ltr'><strong>quum</strong></span> <span class='ocrx_word' id='word_1_293' title='bbox 1894 599 1984 648; x_wconf 85' lang='lat' dir='ltr'>aut</span> <span class='ocrx_word' id='word_1_294' title='bbox 2016 596 2411 660; x_wconf 78' lang='lat' dir='ltr'><strong>hostiumcopias</strong></span> <span class='ocrx_word' id='word_1_295' title='bbox 2430 596 2647 656; x_wconf 79' lang='lat' dir='ltr'><strong>vicerint,</strong></span> <span class='ocrx_word' id='word_1_296' title='bbox 2669 600 2753 647; x_wconf 87' lang='lat' dir='ltr'>aut</span> <span class='ocrx_word' id='word_1_297' title='bbox 2775 611 2918 648; x_wconf 88' lang='lat' dir='ltr'><strong>suum</strong></span> <span class='ocrx_word' id='word_1_298' title='bbox 2945 597 3091 648; x_wconf 88' lang='lat' dir='ltr'><strong>robur</strong></span> <span class='ocrx_word' id='word_1_299' title='bbox 3107 599 3295 650; x_wconf 88' lang='lat' dir='ltr'><strong>illorum</strong></span> 
     </span>
    </p>
   </div>
   <div class='ocr_carea' id='block_1_13' title="bbox 1722 717 3298 784">
    <p class='ocr_par' dir='ltr' id='par_1_15' title="bbox 1722 717 3298 784">
     <span class='ocr_line' id='line_1_39' title="bbox 1722 717 3298 784; baseline 0.001 -16"><span class='ocrx_word' id='word_1_300' title='bbox 1722 717 1907 768; x_wconf 82' lang='lat' dir='ltr'><strong>viribus</strong></span> <span class='ocrx_word' id='word_1_301' title='bbox 1929 718 2180 782; x_wconf 71' lang='lat' dir='ltr'><strong>aequarint.</strong></span> <span class='ocrx_word' id='word_1_302' title='bbox 2224 721 2344 769; x_wconf 82' lang='lat' dir='ltr'>Nam</span> <span class='ocrx_word' id='word_1_303' title='bbox 2371 717 2512 769; x_wconf 83' lang='lat' dir='ltr'><strong>talem</strong></span> <span class='ocrx_word' id='word_1_304' title='bbox 2539 718 2734 782; x_wconf 86' lang='lat' dir='ltr'><strong>quidem</strong></span> <span class='ocrx_word' id='word_1_305' title='bbox 2765 733 2935 772; x_wconf 82' lang='lat' dir='ltr'><strong>omnes</strong></span> <span class='ocrx_word' id='word_1_306' title='bbox 2964 733 3130 784; x_wconf 86' lang='lat' dir='ltr'><strong>pacem</strong></span> <span class='ocrx_word' id='word_1_307' title='bbox 3167 720 3298 772; x_wconf 83' lang='lat' dir='ltr'><strong>habi-</strong></span> 
     </span>
    </p>
   </div>
   <div class='ocr_carea' id='block_1_14' title="bbox 1732 839 2746 904">
    <p class='ocr_par' dir='ltr' id='par_1_16' title="bbox 1732 839 2746 904">
     <span class='ocr_line' id='line_1_40' title="bbox 1732 839 2746 904; baseline 0 -14"><span class='ocrx_word' id='word_1_308' title='bbox 1732 839 1831 890; x_wconf 87' lang='lat' dir='ltr'><strong>turi</strong></span> <span class='ocrx_word' id='word_1_309' title='bbox 1850 843 1996 902; x_wconf 85' lang='lat' dir='ltr'><strong>sunt,</strong></span> <span class='ocrx_word' id='word_1_310' title='bbox 2020 841 2212 904; x_wconf 82' lang='lat' dir='ltr'><strong>qualem</strong></span> <span class='ocrx_word' id='word_1_311' title='bbox 2230 841 2344 892; x_wconf 89' lang='lat' dir='ltr'><strong>belli</strong></span> <span class='ocrx_word' id='word_1_312' title='bbox 2368 839 2512 892; x_wconf 87' lang='lat' dir='ltr'><strong>linem</strong></span> <span class='ocrx_word' id='word_1_313' title='bbox 2537 840 2746 892; x_wconf 77' lang='lat' dir='ltr'><strong>fecerint.</strong></span> 
     </span>
    </p>
   </div>
   <div class='ocr_carea' id='block_1_15' title="bbox 1787 950 3300 1016">
    <p class='ocr_par' dir='ltr' id='par_1_17' title="bbox 1787 950 3300 1016">
     <span class='ocr_line' id='line_1_41' title="bbox 1787 950 3300 1016; baseline 0.001 -16"><span class='ocrx_word' id='word_1_314' title='bbox 1787 955 1863 1000; x_wconf 80' lang='lat'>⁵2.</span> <span class='ocrx_word' id='word_1_315' title='bbox 1888 953 2007 1000; x_wconf 78' lang='lat' dir='ltr'>Hoec</span> <span class='ocrx_word' id='word_1_316' title='bbox 2026 950 2275 1014; x_wconf 84' lang='lat' dir='ltr'><strong>cogitanda</strong></span> <span class='ocrx_word' id='word_1_317' title='bbox 2303 953 2442 1004; x_wconf 80' lang='lat' dir='ltr'><strong>vobis</strong></span> <span class='ocrx_word' id='word_1_318' title='bbox 2461 957 2592 1014; x_wconf 86' lang='lat' dir='ltr'><strong>sunt,</strong></span> <span class='ocrx_word' id='word_1_319' title='bbox 2617 965 2774 1016; x_wconf 83' lang='lat' dir='ltr'><strong>neque</strong></span> <span class='ocrx_word' id='word_1_320' title='bbox 2804 952 3204 1004; x_wconf 82' lang='lat' dir='ltr'><strong>committendum</strong></span> <span class='ocrx_word' id='word_1_321' title='bbox 3245 953 3300 1002; x_wconf 86' lang='lat' dir='ltr'>ut</span> 
     </span>
    </p>
   </div>
   <div class='ocr_carea' id='block_1_16' title="bbox 1726 1054 3302 1122">
    <p class='ocr_par' dir='ltr' id='par_1_18' title="bbox 1726 1054 3302 1122">
     <span class='ocr_line' id='line_1_42' title="bbox 1726 1054 3302 1122; baseline 0.003 -18"><span class='ocrx_word' id='word_1_322' title='bbox 1726 1054 1909 1105; x_wconf 85' lang='lat' dir='ltr'><strong>temere</strong></span> <span class='ocrx_word' id='word_1_323' title='bbox 1932 1068 2022 1105; x_wconf 78' lang='lat' dir='ltr'>vos</span> <span class='ocrx_word' id='word_1_324' title='bbox 2050 1056 2102 1106; x_wconf 90' lang='lat' dir='ltr'>in</span> <span class='ocrx_word' id='word_1_325' title='bbox 2137 1059 2303 1120; x_wconf 79' lang='lat' dir='ltr'><strong>turpes</strong></span> <span class='ocrx_word' id='word_1_326' title='bbox 2335 1061 2578 1120; x_wconf 74' lang='lat' dir='ltr'><strong>pactiones</strong></span> <span class='ocrx_word' id='word_1_327' title='bbox 2609 1057 2908 1121; x_wconf 75' lang='lat' dir='ltr'><strong>conjiciatis,</strong></span> <span class='ocrx_word' id='word_1_328' title='bbox 2941 1061 3028 1109; x_wconf 87' lang='lat' dir='ltr'>aut</span> <span class='ocrx_word' id='word_1_329' title='bbox 3065 1059 3202 1122; x_wconf 77' lang='lat' dir='ltr'><strong>pejus</strong></span> <span class='ocrx_word' id='word_1_330' title='bbox 3241 1056 3302 1108; x_wconf 87' lang='lat' dir='ltr'>de</span> 
     </span>
    </p>
   </div>
   <div class='ocr_carea' id='block_1_17' title="bbox 1730 1158 3300 1223">
    <p class='ocr_par' dir='ltr' id='par_1_19' title="bbox 1730 1158 3300 1223">
     <span class='ocr_line' id='line_1_43' title="bbox 1730 1158 3300 1223; baseline 0.003 -16"><span class='ocrx_word' id='word_1_331' title='bbox 1730 1158 1885 1222; x_wconf 87' lang='lat' dir='ltr'><strong>patria</strong></span> <span class='ocrx_word' id='word_1_332' title='bbox 1900 1195 1915 1220; x_wconf 89' lang='lat'><strong>,</strong></span> <span class='ocrx_word' id='word_1_333' title='bbox 1941 1173 2088 1222; x_wconf 88' lang='lat' dir='ltr'><strong>quam</strong></span> <span class='ocrx_word' id='word_1_334' title='bbox 2119 1160 2182 1210; x_wconf 87' lang='lat' dir='ltr'>de</span> <span class='ocrx_word' id='word_1_335' title='bbox 2200 1161 2307 1212; x_wconf 75' lang='lat' dir='ltr'><strong>alins</strong></span> <span class='ocrx_word' id='word_1_336' title='bbox 2329 1162 2494 1212; x_wconf 86' lang='lat' dir='ltr'><strong>soletis</strong></span> <span class='ocrx_word' id='word_1_337' title='bbox 2511 1197 2526 1223; x_wconf 88' lang='lat'><strong>,</strong></span> <span class='ocrx_word' id='word_1_338' title='bbox 2551 1161 2867 1222; x_wconf 85' lang='lat' dir='ltr'><strong>mereamini;</strong></span> <span class='ocrx_word' id='word_1_339' title='bbox 2893 1161 2978 1212; x_wconf 88' lang='lat' dir='ltr'>sed</span> <span class='ocrx_word' id='word_1_340' title='bbox 2999 1162 3118 1212; x_wconf 90' lang='lat' dir='ltr'><strong>illud</strong></span> <span class='ocrx_word' id='word_1_341' title='bbox 3141 1175 3300 1212; x_wconf 87' lang='lat' dir='ltr'><strong>recor·</strong></span> 
     </span>
    </p>
   </div>
   <div class='ocr_carea' id='block_1_18' title="bbox 1728 1263 3299 1330">
    <p class='ocr_par' dir='ltr' id='par_1_20' title="bbox 1728 1263 3299 1330">
     <span class='ocr_line' id='line_1_44' title="bbox 1728 1263 3299 1330; baseline 0.003 -18"><span class='ocrx_word' id='word_1_342' title='bbox 1728 1263 1961 1326; x_wconf 84' lang='lat' dir='ltr'><strong>dandum,</strong></span> <span class='ocrx_word' id='word_1_343' title='bbox 1983 1265 2216 1328; x_wconf 78' lang='lat' dir='ltr'>superiori</span> <span class='ocrx_word' id='word_1_344' title='bbox 2244 1271 2474 1330; x_wconf 74' lang='lat' dir='ltr'><strong>tempore,</strong></span> <span class='ocrx_word' id='word_1_345' title='bbox 2491 1281 2640 1330; x_wconf 85' lang='lat' dir='ltr'><strong>quum</strong></span> <span class='ocrx_word' id='word_1_346' title='bbox 2661 1281 2688 1318; x_wconf 94' lang='lat' dir='ltr'>e</span> <span class='ocrx_word' id='word_1_347' title='bbox 2708 1268 2852 1318; x_wconf 86' lang='lat' dir='ltr'><strong>sociis</strong></span> <span class='ocrx_word' id='word_1_348' title='bbox 2861 1267 3136 1318; x_wconf 82' lang='lat' dir='ltr'><strong>civitatibus</strong></span> <span class='ocrx_word' id='word_1_349' title='bbox 3159 1267 3299 1317; x_wconf 88' lang='lat' dir='ltr'><strong>alicui</strong></span> 
     </span>
    </p>
   </div>
   <div class='ocr_carea' id='block_1_19' title="bbox 1730 1366 3310 3739">
    <p class='ocr_par' dir='ltr' id='par_1_21' title="bbox 1730 1366 3310 3739">
     <span class='ocr_line' id='line_1_45' title="bbox 1732 1366 3299 1435; baseline 0.003 -18"><span class='ocrx_word' id='word_1_350' title='bbox 1732 1366 2067 1418; x_wconf 61' lang='lat' dir='ltr'><strong>circumsessis</strong></span> <span class='ocrx_word' id='word_1_351' title='bbox 2112 1369 2189 1420; x_wconf 78' lang='lat' dir='ltr'>vel</span> <span class='ocrx_word' id='word_1_352' title='bbox 2229 1383 2355 1421; x_wconf 88' lang='lat' dir='ltr'><strong>unus</strong></span> <span class='ocrx_word' id='word_1_353' title='bbox 2397 1371 2868 1422; x_wconf 62' lang='lat' dir='ltr'><strong>Lacedaemoniorum</strong></span> <span class='ocrx_word' id='word_1_354' title='bbox 2901 1385 3043 1435; x_wconf 84' lang='lat' dir='ltr'><strong>opem</strong></span> <span class='ocrx_word' id='word_1_355' title='bbox 3081 1372 3299 1433; x_wconf 85' lang='lat' dir='ltr'><strong>tulisset,</strong></span> 
     </span>
     <span class='ocr_line' id='line_1_46' title="bbox 1730 1470 3302 1539; baseline 0.004 -19"><span class='ocrx_word' id='word_1_356' title='bbox 1730 1470 1881 1522; x_wconf 74' lang='lat' dir='ltr'><strong>ruisse</strong></span> <span class='ocrx_word' id='word_1_357' title='bbox 1900 1472 2140 1523; x_wconf 87' lang='lat' dir='ltr'><strong>neminem</strong></span> <span class='ocrx_word' id='word_1_358' title='bbox 2156 1475 2239 1537; x_wconf 83' lang='lat' dir='ltr'>qni</span> <span class='ocrx_word' id='word_1_359' title='bbox 2253 1474 2495 1527; x_wconf 85' lang='lat' dir='ltr'><strong>dubitaret</strong></span> <span class='ocrx_word' id='word_1_360' title='bbox 2528 1475 2644 1539; x_wconf 86' lang='lat' dir='ltr'><strong>quin</strong></span> <span class='ocrx_word' id='word_1_361' title='bbox 2677 1489 2733 1526; x_wconf 88' lang='lat' dir='ltr'>ea</span> <span class='ocrx_word' id='word_1_362' title='bbox 2757 1476 2996 1539; x_wconf 88' lang='lat' dir='ltr'><strong>perillum</strong></span> <span class='ocrx_word' id='word_1_363' title='bbox 3015 1478 3302 1528; x_wconf 79' lang='lat' dir='ltr'><strong>conservata</strong></span> 
     </span>
     <span class='ocr_line' id='line_1_47' title="bbox 1734 1577 3299 1644; baseline 0.004 -18"><span class='ocrx_word' id='word_1_364' title='bbox 1734 1581 1875 1627; x_wconf 82' lang='lat' dir='ltr'><strong>esset.</strong></span> <span class='ocrx_word' id='word_1_365' title='bbox 1944 1581 2012 1628; x_wconf 80' lang='lat' dir='ltr'>Ac</span> <span class='ocrx_word' id='word_1_366' title='bbox 2049 1578 2215 1628; x_wconf 85' lang='lat' dir='ltr'><strong>talium</strong></span> <span class='ocrx_word' id='word_1_367' title='bbox 2245 1577 2458 1628; x_wconf 85' lang='lat' dir='ltr'><strong>virorum</strong></span> <span class='ocrx_word' id='word_1_368' title='bbox 2494 1579 2768 1643; x_wconf 79' lang='lat' dir='ltr'><strong>permultis</strong></span> <span class='ocrx_word' id='word_1_369' title='bbox 2799 1581 3070 1644; x_wconf 67' lang='lat' dir='ltr'><strong>senioribus</strong></span> <span class='ocrx_word' id='word_1_370' title='bbox 3092 1593 3299 1632; x_wconf 62' lang='lat' dir='ltr'><strong>cemme-</strong></span> 
     </span>
     <span class='ocr_line' id='line_1_48' title="bbox 1734 1681 3298 1750; baseline 0.004 -20"><span class='ocrx_word' id='word_1_371' title='bbox 1734 1685 2010 1742; x_wconf 85' lang='lat' dir='ltr'><strong>morantur;</strong></span> <span class='ocrx_word' id='word_1_372' title='bbox 2029 1681 2367 1734; x_wconf 79' lang='lat' dir='ltr'><strong>celeberrimos</strong></span> <span class='ocrx_word' id='word_1_373' title='bbox 2385 1688 2546 1734; x_wconf 84' lang='lat' dir='ltr'><strong>autem</strong></span> <span class='ocrx_word' id='word_1_374' title='bbox 2565 1698 2654 1747; x_wconf 85' lang='lat' dir='ltr'>ego</span> <span class='ocrx_word' id='word_1_375' title='bbox 2677 1699 2870 1750; x_wconf 87' lang='lat' dir='ltr'><strong>quoque</strong></span> <span class='ocrx_word' id='word_1_376' title='bbox 2889 1685 3064 1736; x_wconf 77' lang='lat' dir='ltr'><strong>referre</strong></span> <span class='ocrx_word' id='word_1_377' title='bbox 3082 1699 3298 1749; x_wconf 86' lang='lat' dir='ltr'><strong>possum.</strong></span> 
     </span>
     <span class='ocr_line' id='line_1_49' title="bbox 1734 1785 3302 1851; baseline 0.001 -15"><span class='ocrx_word' id='word_1_378' title='bbox 1734 1787 1831 1850; x_wconf 82' lang='grc'>(53)</span> <span class='ocrx_word' id='word_1_379' title='bbox 1855 1785 2104 1836; x_wconf 84' lang='lat' dir='ltr'><strong>Pedarilns</strong></span> <span class='ocrx_word' id='word_1_380' title='bbox 2127 1787 2256 1837; x_wconf 90' lang='lat' dir='ltr'><strong>enim</strong></span> <span class='ocrx_word' id='word_1_381' title='bbox 2285 1787 2462 1838; x_wconf 81' lang='lat' dir='ltr'><strong>chium</strong></span> <span class='ocrx_word' id='word_1_382' title='bbox 2501 1788 2741 1851; x_wconf 80' lang='lat' dir='ltr'><strong>profectus</strong></span> <span class='ocrx_word' id='word_1_383' title='bbox 2777 1789 2946 1839; x_wconf 89' lang='lat' dir='ltr'><strong>urbem</strong></span> <span class='ocrx_word' id='word_1_384' title='bbox 2979 1789 3302 1839; x_wconf 78' lang='lat' dir='ltr'><strong>conservavit.</strong></span> 
     </span>
     <span class='ocr_line' id='line_1_50' title="bbox 1734 1890 3304 1956; baseline 0.001 -15"><span class='ocrx_word' id='word_1_385' title='bbox 1734 1890 1954 1941; x_wconf 86' lang='lat' dir='ltr'><strong>Brasidas</strong></span> <span class='ocrx_word' id='word_1_386' title='bbox 1971 1890 2288 1954; x_wconf 75' lang='lat' dir='ltr'><strong>Amphipolim</strong></span> <span class='ocrx_word' id='word_1_387' title='bbox 2305 1892 2548 1954; x_wconf 86' lang='lat' dir='ltr'><strong>ingressus</strong></span> <span class='ocrx_word' id='word_1_388' title='bbox 2562 1895 2612 1942; x_wconf 92' lang='lat' dir='ltr'>et</span> <span class='ocrx_word' id='word_1_389' title='bbox 2629 1895 2862 1942; x_wconf 82' lang='lat' dir='ltr'><strong>instructa</strong></span> <span class='ocrx_word' id='word_1_390' title='bbox 2877 1906 2937 1944; x_wconf 84' lang='lat' dir='ltr'>ex</span> <span class='ocrx_word' id='word_1_391' title='bbox 2959 1893 3122 1956; x_wconf 82' lang='lat' dir='ltr'><strong>paucis</strong></span> <span class='ocrx_word' id='word_1_392' title='bbox 3136 1906 3304 1943; x_wconf 88' lang='lat' dir='ltr'><strong>eorum</strong></span> 
     </span>
     <span class='ocr_line' id='line_1_51' title="bbox 1734 1991 3304 2069; baseline 0.003 -28"><span class='ocrx_word' id='word_1_393' title='bbox 1734 1993 1818 2055; x_wconf 89' lang='lat' dir='ltr'>qui</span> <span class='ocrx_word' id='word_1_394' title='bbox 1847 1991 2194 2043; x_wconf 79' lang='lat' dir='ltr'><strong>obsidebantur</strong></span> <span class='ocrx_word' id='word_1_395' title='bbox 2216 1991 2348 2056; x_wconf 84' lang='lat' dir='ltr'><strong>acie,</strong></span> <span class='ocrx_word' id='word_1_396' title='bbox 2374 1994 2580 2054; x_wconf 82' lang='lat' dir='ltr'><strong>multos,</strong></span> <span class='ocrx_word' id='word_1_397' title='bbox 2598 1994 2684 2057; x_wconf 84' lang='lat' dir='ltr'>qui</span> <span class='ocrx_word' id='word_1_398' title='bbox 2702 1994 3017 2069; x_wconf 76' lang='lat' dir='ltr'><strong>obsidebant,</strong></span> <span class='ocrx_word' id='word_1_399' title='bbox 3043 1996 3208 2059; x_wconf 79' lang='lat' dir='ltr'><strong>pra-lio</strong></span> <span class='ocrx_word' id='word_1_400' title='bbox 3232 1995 3304 2046; x_wconf 86' lang='lat' dir='ltr'>vi·</span> 
     </span>
     <span class='ocr_line' id='line_1_52' title="bbox 1733 2098 3306 2162; baseline 0.004 -15"><span class='ocrx_word' id='word_1_401' title='bbox 1733 2098 1817 2148; x_wconf 87' lang='lat' dir='ltr'><strong>cit.</strong></span> <span class='ocrx_word' id='word_1_402' title='bbox 1881 2099 2118 2162; x_wconf 81' lang='lat' dir='ltr'><strong>Gylippus</strong></span> <span class='ocrx_word' id='word_1_403' title='bbox 2135 2101 2453 2162; x_wconf 79' lang='lat' dir='ltr'><strong>Syracusanis</strong></span> <span class='ocrx_word' id='word_1_404' title='bbox 2483 2101 2744 2152; x_wconf 77' lang='lat' dir='ltr'><strong>auxiliatus</strong></span> <span class='ocrx_word' id='word_1_405' title='bbox 2769 2116 2864 2153; x_wconf 89' lang='lat' dir='ltr'>non</span> <span class='ocrx_word' id='word_1_406' title='bbox 2886 2103 2993 2154; x_wconf 90' lang='lat' dir='ltr'><strong>illos</strong></span> <span class='ocrx_word' id='word_1_407' title='bbox 3016 2104 3173 2154; x_wconf 88' lang='lat' dir='ltr'><strong>solum</strong></span> <span class='ocrx_word' id='word_1_408' title='bbox 3195 2117 3306 2154; x_wconf 90' lang='lat' dir='ltr'><strong>con-</strong></span> 
     </span>
     <span class='ocr_line' id='line_1_53' title="bbox 1734 2203 3306 2273; baseline 0.004 -20"><span class='ocrx_word' id='word_1_409' title='bbox 1734 2203 1965 2262; x_wconf 84' lang='lat' dir='ltr'><strong>servavit,</strong></span> <span class='ocrx_word' id='word_1_410' title='bbox 1989 2204 2073 2254; x_wconf 87' lang='lat' dir='ltr'>sed</span> <span class='ocrx_word' id='word_1_411' title='bbox 2106 2204 2318 2255; x_wconf 79' lang='lat' dir='ltr'><strong>hostium</strong></span> <span class='ocrx_word' id='word_1_412' title='bbox 2338 2206 2482 2256; x_wconf 89' lang='lat' dir='ltr'><strong>etiam</strong></span> <span class='ocrx_word' id='word_1_413' title='bbox 2507 2205 2689 2268; x_wconf 86' lang='lat' dir='ltr'><strong>copias,</strong></span> <span class='ocrx_word' id='word_1_414' title='bbox 2715 2210 2842 2256; x_wconf 86' lang='lat' dir='ltr'><strong>terra</strong></span> <span class='ocrx_word' id='word_1_415' title='bbox 2861 2209 3075 2272; x_wconf 86' lang='lat' dir='ltr'><strong>marique</strong></span> <span class='ocrx_word' id='word_1_416' title='bbox 3093 2211 3306 2273; x_wconf 88' lang='lat' dir='ltr'><strong>superio·</strong></span> 
     </span>
     <span class='ocr_line' id='line_1_54' title="bbox 1733 2309 3305 2376; baseline 0.003 -18"><span class='ocrx_word' id='word_1_417' title='bbox 1733 2321 1828 2370; x_wconf 83' lang='lat' dir='ltr'><strong>res,</strong></span> <span class='ocrx_word' id='word_1_418' title='bbox 1848 2309 1896 2358; x_wconf 91' lang='lat' dir='ltr'>in</span> <span class='ocrx_word' id='word_1_419' title='bbox 1916 2313 2201 2372; x_wconf 81' lang='lat' dir='ltr'><strong>potestatem</strong></span> <span class='ocrx_word' id='word_1_420' title='bbox 2221 2323 2356 2360; x_wconf 86' lang='lat' dir='ltr'><strong>suam</strong></span> <span class='ocrx_word' id='word_1_421' title='bbox 2380 2311 2559 2374; x_wconf 79' lang='lat' dir='ltr'><strong>redegit</strong></span> <span class='ocrx_word' id='word_1_422' title='bbox 2581 2324 2850 2362; x_wconf 65' lang='lat' dir='ltr'><strong>universas.</strong></span> <span class='ocrx_word' id='word_1_423' title='bbox 2919 2315 3017 2376; x_wconf 64' lang='lat'>(04)</span> <span class='ocrx_word' id='word_1_424' title='bbox 3043 2313 3172 2372; x_wconf 85' lang='lat' dir='ltr'><strong>Quid</strong></span> <span class='ocrx_word' id='word_1_425' title='bbox 3193 2327 3305 2363; x_wconf 84' lang='lat' dir='ltr'><strong>vero</strong></span> 
     </span>
     <span class='ocr_line' id='line_1_55' title="bbox 1734 2411 3307 2480; baseline 0.004 -19"><span class='ocrx_word' id='word_1_426' title='bbox 1734 2411 1865 2462; x_wconf 89' lang='lat' dir='ltr'><strong>dictu</strong></span> <span class='ocrx_word' id='word_1_427' title='bbox 1894 2413 2066 2464; x_wconf 82' lang='lat' dir='ltr'><strong>l&#39;oedius</strong></span> <span class='ocrx_word' id='word_1_428' title='bbox 2093 2417 2167 2464; x_wconf 84' lang='lat' dir='ltr'>est</span> <span class='ocrx_word' id='word_1_429' title='bbox 2188 2428 2350 2478; x_wconf 82' lang='lat' dir='ltr'><strong>quam,</strong></span> <span class='ocrx_word' id='word_1_430' title='bbox 2369 2430 2520 2479; x_wconf 82' lang='lat' dir='ltr'><strong>quum</strong></span> <span class='ocrx_word' id='word_1_431' title='bbox 2544 2417 2661 2467; x_wconf 87' lang='lat' dir='ltr'><strong>olim</strong></span> <span class='ocrx_word' id='word_1_432' title='bbox 2689 2417 2860 2480; x_wconf 80' lang='lat' dir='ltr'><strong>singuli</strong></span> <span class='ocrx_word' id='word_1_433' title='bbox 2890 2421 3106 2468; x_wconf 80' lang='lat' dir='ltr'><strong>nostrum</strong></span> <span class='ocrx_word' id='word_1_434' title='bbox 3128 2418 3307 2468; x_wconf 88' lang='lat' dir='ltr'><strong>alienas</strong></span> 
     </span>
     <span class='ocr_line' id='line_1_56' title="bbox 1736 2517 3307 2586; baseline 0.004 -20"><span class='ocrx_word' id='word_1_435' title='bbox 1736 2517 1956 2568; x_wconf 83' lang='lat' dir='ltr'><strong>civitates</strong></span> <span class='ocrx_word' id='word_1_436' title='bbox 1977 2519 2098 2569; x_wconf 89' lang='lat' dir='ltr'><strong>tueri</strong></span> <span class='ocrx_word' id='word_1_437' title='bbox 2127 2520 2396 2584; x_wconf 83' lang='lat' dir='ltr'><strong>potuerint,</strong></span> <span class='ocrx_word' id='word_1_438' title='bbox 2430 2535 2559 2572; x_wconf 89' lang='lat' dir='ltr'><strong>nunc</strong></span> <span class='ocrx_word' id='word_1_439' title='bbox 2590 2523 2841 2573; x_wconf 75' lang='lat' dir='ltr'><strong>universos</strong></span> <span class='ocrx_word' id='word_1_440' title='bbox 2865 2522 2926 2573; x_wconf 90' lang='lat' dir='ltr'>de</span> <span class='ocrx_word' id='word_1_441' title='bbox 2968 2528 3131 2572; x_wconf 88' lang='lat' dir='ltr'><strong>nostra</strong></span> <span class='ocrx_word' id='word_1_442' title='bbox 3158 2522 3307 2586; x_wconf 86' lang='lat' dir='ltr'><strong>patria</strong></span> 
     </span>
     <span class='ocr_line' id='line_1_57' title="bbox 1736 2622 3308 2691; baseline 0.005 -21"><span class='ocrx_word' id='word_1_443' title='bbox 1736 2622 2036 2673; x_wconf 76' lang='lat' dir='ltr'><strong>defendenda</strong></span> <span class='ocrx_word' id='word_1_444' title='bbox 2057 2622 2276 2675; x_wconf 85' lang='lat' dir='ltr'><strong>dubitare</strong></span> <span class='ocrx_word' id='word_1_445' title='bbox 2292 2637 2350 2674; x_wconf 85' lang='lat' dir='ltr'>ac</span> <span class='ocrx_word' id='word_1_446' title='bbox 2375 2639 2436 2677; x_wconf 91' lang='lat' dir='ltr'>ne</span> <span class='ocrx_word' id='word_1_447' title='bbox 2453 2627 2612 2675; x_wconf 88' lang='lat' dir='ltr'><strong>conari</strong></span> <span class='ocrx_word' id='word_1_448' title='bbox 2632 2626 2862 2690; x_wconf 76' lang='lat' dir='ltr'><strong>quidem?</strong></span> <span class='ocrx_word' id='word_1_449' title='bbox 2885 2631 3044 2686; x_wconf 89' lang='lat' dir='ltr'><strong>Quum</strong></span> <span class='ocrx_word' id='word_1_450' title='bbox 3063 2627 3202 2678; x_wconf 83' lang='lat' dir='ltr'><strong>bellis</strong></span> <span class='ocrx_word' id='word_1_451' title='bbox 3221 2641 3308 2691; x_wconf 86' lang='lat' dir='ltr'>pro</span> 
     </span>
     <span class='ocr_line' id='line_1_58' title="bbox 1738 2727 3308 2798; baseline 0.004 -21"><span class='ocrx_word' id='word_1_452' title='bbox 1738 2727 1940 2778; x_wconf 89' lang='lat' dir='ltr'><strong>aliorum</strong></span> <span class='ocrx_word' id='word_1_453' title='bbox 1969 2729 2123 2780; x_wconf 85' lang='lat' dir='ltr'><strong>salute</strong></span> <span class='ocrx_word' id='word_1_454' title='bbox 2153 2731 2298 2792; x_wconf 87' lang='lat' dir='ltr'><strong>gestis</strong></span> <span class='ocrx_word' id='word_1_455' title='bbox 2329 2733 2379 2782; x_wconf 89' lang='lat' dir='ltr'>et</span> <span class='ocrx_word' id='word_1_456' title='bbox 2418 2733 2657 2795; x_wconf 77' lang='lat' dir='ltr'><strong>Europam</strong></span> <span class='ocrx_word' id='word_1_457' title='bbox 2703 2735 2752 2784; x_wconf 90' lang='lat' dir='ltr'>et</span> <span class='ocrx_word' id='word_1_458' title='bbox 2783 2733 2944 2783; x_wconf 80' lang='lat' dir='ltr'><strong>Asiam</strong></span> <span class='ocrx_word' id='word_1_459' title='bbox 2989 2734 3183 2798; x_wconf 80' lang='lat' dir='ltr'><strong>tropaeis</strong></span> <span class='ocrx_word' id='word_1_460' title='bbox 3233 2746 3308 2784; x_wconf 90' lang='lat' dir='ltr'>re-</span> 
     </span>
     <span class='ocr_line' id='line_1_59' title="bbox 1738 2834 3308 2903; baseline 0.005 -21"><span class='ocrx_word' id='word_1_461' title='bbox 1738 2834 2046 2896; x_wconf 73' lang='lat' dir='ltr'><strong>pleverimuS,</strong></span> <span class='ocrx_word' id='word_1_462' title='bbox 2074 2849 2159 2898; x_wconf 88' lang='lat' dir='ltr'>pro</span> <span class='ocrx_word' id='word_1_463' title='bbox 2183 2837 2360 2899; x_wconf 83' lang='lat' dir='ltr'><strong>patria,</strong></span> <span class='ocrx_word' id='word_1_464' title='bbox 2398 2851 2510 2900; x_wconf 80' lang='lat' dir='ltr'><strong>quoe</strong></span> <span class='ocrx_word' id='word_1_465' title='bbox 2543 2840 2644 2886; x_wconf 85' lang='lat' dir='ltr'>tam</span> <span class='ocrx_word' id='word_1_466' title='bbox 2672 2839 2846 2901; x_wconf 79' lang='lat' dir='ltr'><strong>insigni</strong></span> <span class='ocrx_word' id='word_1_467' title='bbox 2871 2853 2962 2888; x_wconf 91' lang='lat' dir='ltr'>non</span> <span class='ocrx_word' id='word_1_468' title='bbox 2993 2839 3194 2903; x_wconf 83' lang='lat' dir='ltr'><strong>injuria,</strong></span> <span class='ocrx_word' id='word_1_469' title='bbox 3223 2839 3308 2890; x_wconf 86' lang='lat' dir='ltr'>sed</span> 
     </span>
     <span class='ocr_line' id='line_1_60' title="bbox 1736 2939 3308 3006; baseline 0.005 -19"><span class='ocrx_word' id='word_1_470' title='bbox 1736 2939 2026 2989; x_wconf 86' lang='lat' dir='ltr'><strong>contumelia</strong></span> <span class='ocrx_word' id='word_1_471' title='bbox 2045 2939 2269 3002; x_wconf 82' lang='lat' dir='ltr'><strong>afficitur,</strong></span> <span class='ocrx_word' id='word_1_472' title='bbox 2304 2955 2366 2991; x_wconf 90' lang='lat' dir='ltr'>ne</span> <span class='ocrx_word' id='word_1_473' title='bbox 2389 2954 2539 2990; x_wconf 88' lang='lat' dir='ltr'><strong>unum</strong></span> <span class='ocrx_word' id='word_1_474' title='bbox 2566 2941 2762 3005; x_wconf 86' lang='lat' dir='ltr'><strong>quidem</strong></span> <span class='ocrx_word' id='word_1_475' title='bbox 2794 2944 3013 3005; x_wconf 80' lang='lat' dir='ltr'><strong>praelium</strong></span> <span class='ocrx_word' id='word_1_476' title='bbox 3035 2945 3196 3006; x_wconf 85' lang='lat' dir='ltr'><strong>aliquo</strong></span> <span class='ocrx_word' id='word_1_477' title='bbox 3219 2959 3308 2996; x_wconf 88' lang='lat' dir='ltr'>no·</span> 
     </span>
     <span class='ocr_line' id='line_1_61' title="bbox 1738 3043 3308 3109; baseline 0.004 -17"><span class='ocrx_word' id='word_1_478' title='bbox 1738 3043 1867 3092; x_wconf 88' lang='lat' dir='ltr'><strong>mine</strong></span> <span class='ocrx_word' id='word_1_479' title='bbox 1893 3043 2089 3106; x_wconf 90' lang='lat' dir='ltr'><strong>dignum</strong></span> <span class='ocrx_word' id='word_1_480' title='bbox 2113 3045 2440 3096; x_wconf 77' lang='lat' dir='ltr'><strong>commisisse?</strong></span> <span class='ocrx_word' id='word_1_481' title='bbox 2475 3045 2575 3109; x_wconf 75' lang='lat'>(55)</span> <span class='ocrx_word' id='word_1_482' title='bbox 2595 3049 2756 3104; x_wconf 89' lang='lat' dir='ltr'><strong>Quum</strong></span> <span class='ocrx_word' id='word_1_483' title='bbox 2781 3049 2888 3098; x_wconf 68' lang='lat' dir='ltr'><strong>alite</strong></span> <span class='ocrx_word' id='word_1_484' title='bbox 2913 3050 3132 3099; x_wconf 71' lang='lat' dir='ltr'><strong>civitates</strong></span> <span class='ocrx_word' id='word_1_485' title='bbox 3157 3049 3308 3099; x_wconf 85' lang='lat' dir='ltr'><strong>nostri</strong></span> 
     </span>
     <span class='ocr_line' id='line_1_62' title="bbox 1739 3147 3310 3214; baseline 0.004 -17"><span class='ocrx_word' id='word_1_486' title='bbox 1739 3147 1900 3198; x_wconf 89' lang='lat' dir='ltr'><strong>tuendi</strong></span> <span class='ocrx_word' id='word_1_487' title='bbox 1934 3148 2118 3212; x_wconf 88' lang='lat' dir='ltr'><strong>imperii</strong></span> <span class='ocrx_word' id='word_1_488' title='bbox 2158 3163 2304 3200; x_wconf 85' lang='lat' dir='ltr'><strong>causa</strong></span> <span class='ocrx_word' id='word_1_489' title='bbox 2338 3155 2576 3201; x_wconf 76' lang='lat' dir='ltr'><strong>extremas</strong></span> <span class='ocrx_word' id='word_1_490' title='bbox 2610 3151 2888 3203; x_wconf 73' lang='lat' dir='ltr'><strong>obsidiones</strong></span> <span class='ocrx_word' id='word_1_491' title='bbox 2915 3153 3185 3214; x_wconf 77' lang='lat' dir='ltr'><strong>tolerarint,</strong></span> <span class='ocrx_word' id='word_1_492' title='bbox 3219 3167 3310 3204; x_wconf 85' lang='lat' dir='ltr'>nos</span> 
     </span>
     <span class='ocr_line' id='line_1_63' title="bbox 1736 3251 3310 3320; baseline 0.005 -19"><span class='ocrx_word' id='word_1_493' title='bbox 1736 3251 1897 3316; x_wconf 84' lang='lat' dir='ltr'><strong>ipsos,</strong></span> <span class='ocrx_word' id='word_1_494' title='bbox 1934 3267 1994 3302; x_wconf 87' lang='lat' dir='ltr'>ne</span> <span class='ocrx_word' id='word_1_495' title='bbox 2026 3252 2143 3317; x_wconf 89' lang='lat' dir='ltr'><strong>quid</strong></span> <span class='ocrx_word' id='word_1_496' title='bbox 2185 3257 2360 3316; x_wconf 61' lang='lat' dir='ltr'><strong>praeter</strong></span> <span class='ocrx_word' id='word_1_497' title='bbox 2389 3254 2468 3316; x_wconf 83' lang='lat' dir='ltr'>ius</span> <span class='ocrx_word' id='word_1_498' title='bbox 2499 3258 2548 3304; x_wconf 88' lang='lat' dir='ltr'>et</span> <span class='ocrx_word' id='word_1_499' title='bbox 2570 3267 2766 3319; x_wconf 79' lang='lat' dir='ltr'><strong>oequum</strong></span> <span class='ocrx_word' id='word_1_500' title='bbox 2797 3255 2952 3308; x_wconf 77' lang='lat' dir='ltr'><strong>facere</strong></span> <span class='ocrx_word' id='word_1_501' title='bbox 2973 3269 3217 3320; x_wconf 70' lang='lat' dir='ltr'><strong>cogamur,</strong></span> <span class='ocrx_word' id='word_1_502' title='bbox 3249 3271 3310 3309; x_wconf 89' lang='lat' dir='ltr'>eo</span> 
     </span>
     <span class='ocr_line' id='line_1_64' title="bbox 1736 3359 3308 3424; baseline 0.003 -15"><span class='ocrx_word' id='word_1_503' title='bbox 1736 3371 1841 3409; x_wconf 85' lang='lat' dir='ltr'><strong>esse</strong></span> <span class='ocrx_word' id='word_1_504' title='bbox 1857 3359 2046 3420; x_wconf 84' lang='lat' dir='ltr'><strong>animo,</strong></span> <span class='ocrx_word' id='word_1_505' title='bbox 2073 3363 2210 3410; x_wconf 91' lang='lat' dir='ltr'><strong>utne</strong></span> <span class='ocrx_word' id='word_1_506' title='bbox 2227 3373 2428 3424; x_wconf 77' lang='lat' dir='ltr'><strong>parvum</strong></span> <span class='ocrx_word' id='word_1_507' title='bbox 2450 3361 2644 3424; x_wconf 89' lang='lat' dir='ltr'><strong>quidem</strong></span> <span class='ocrx_word' id='word_1_508' title='bbox 2669 3361 3029 3412; x_wconf 89' lang='lat' dir='ltr'><strong>incommodum</strong></span> <span class='ocrx_word' id='word_1_509' title='bbox 3058 3363 3308 3413; x_wconf 75' lang='lat' dir='ltr'><strong>ferendum</strong></span> 
     </span>
     <span class='ocr_line' id='line_1_65' title="bbox 1739 3463 3308 3530; baseline 0.004 -18"><span class='ocrx_word' id='word_1_510' title='bbox 1739 3463 1876 3512; x_wconf 89' lang='lat' dir='ltr'><strong>nobis</strong></span> <span class='ocrx_word' id='word_1_511' title='bbox 1890 3463 2196 3522; x_wconf 78' lang='lat' dir='ltr'><strong>arbitremur,</strong></span> <span class='ocrx_word' id='word_1_512' title='bbox 2225 3463 2310 3515; x_wconf 86' lang='lat' dir='ltr'>sed</span> <span class='ocrx_word' id='word_1_513' title='bbox 2327 3479 2478 3528; x_wconf 87' lang='lat' dir='ltr'><strong>quum</strong></span> <span class='ocrx_word' id='word_1_514' title='bbox 2502 3465 2710 3528; x_wconf 81' lang='lat' dir='ltr'><strong>insignes</strong></span> <span class='ocrx_word' id='word_1_515' title='bbox 2731 3479 2882 3530; x_wconf 90' lang='lat' dir='ltr'><strong>equos</strong></span> <span class='ocrx_word' id='word_1_516' title='bbox 2902 3467 3047 3516; x_wconf 88' lang='lat' dir='ltr'><strong>etiam</strong></span> <span class='ocrx_word' id='word_1_517' title='bbox 3071 3481 3200 3517; x_wconf 90' lang='lat' dir='ltr'><strong>nunc</strong></span> <span class='ocrx_word' id='word_1_518' title='bbox 3221 3469 3308 3518; x_wconf 84' lang='lat' dir='ltr'><strong>ala·</strong></span> 
     </span>
     <span class='ocr_line' id='line_1_66' title="bbox 1740 3570 3309 3635; baseline 0.004 -17"><span class='ocrx_word' id='word_1_519' title='bbox 1740 3583 1849 3619; x_wconf 89' lang='lat' dir='ltr'>mus</span> <span class='ocrx_word' id='word_1_520' title='bbox 1866 3605 1881 3630; x_wconf 86' lang='lat'>‚</span> <span class='ocrx_word' id='word_1_521' title='bbox 1903 3582 2069 3632; x_wconf 81' lang='lat' dir='ltr'><strong>pacem</strong></span> <span class='ocrx_word' id='word_1_522' title='bbox 2097 3571 2163 3620; x_wconf 84' lang='lat' dir='ltr'>ita</span> <span class='ocrx_word' id='word_1_523' title='bbox 2183 3570 2439 3632; x_wconf 77' lang='lat' dir='ltr'><strong>faciamus,</strong></span> <span class='ocrx_word' id='word_1_524' title='bbox 2475 3573 2528 3620; x_wconf 92' lang='lat' dir='ltr'>ut</span> <span class='ocrx_word' id='word_1_525' title='bbox 2559 3571 2641 3635; x_wconf 90' lang='lat' dir='ltr'>qui</span> <span class='ocrx_word' id='word_1_526' title='bbox 2664 3578 2876 3622; x_wconf 84' lang='lat' dir='ltr'><strong>extrema</strong></span> <span class='ocrx_word' id='word_1_527' title='bbox 2901 3574 3182 3624; x_wconf 81' lang='lat' dir='ltr'><strong>necessitate</strong></span> <span class='ocrx_word' id='word_1_528' title='bbox 3199 3588 3309 3624; x_wconf 86' lang='lat' dir='ltr'><strong>con·</strong></span> 
     </span>
     <span class='ocr_line' id='line_1_67' title="bbox 1741 3673 2950 3739; baseline 0.005 -17"><span class='ocrx_word' id='word_1_529' title='bbox 1741 3673 1982 3725; x_wconf 83' lang='lat' dir='ltr'><strong>nictantur</strong></span> <span class='ocrx_word' id='word_1_530' title='bbox 2005 3676 2318 3739; x_wconf 83' lang='lat' dir='ltr'><strong>omniumque</strong></span> <span class='ocrx_word' id='word_1_531' title='bbox 2342 3689 2500 3726; x_wconf 85' lang='lat' dir='ltr'><strong>rerum</strong></span> <span class='ocrx_word' id='word_1_532' title='bbox 2521 3675 2679 3739; x_wconf 81' lang='lat' dir='ltr'><strong>iuopia</strong></span> <span class='ocrx_word' id='word_1_533' title='bbox 2703 3677 2950 3728; x_wconf 78' lang='lat' dir='ltr'><strong>laborant?</strong></span> 
     </span>
    </p>
   </div>
   <div class='ocr_carea' id='block_1_20' title="bbox 178 3765 3309 3849">
    <p class='ocr_par' dir='ltr' id='par_1_22' title="bbox 178 3765 3309 3849">
     <span class='ocr_line' id='line_1_68' title="bbox 178 3765 3309 3849; baseline 0.002 -23"><span class='ocrx_word' id='word_1_534' title='bbox 178 3788 237 3827; x_wconf 75' lang='lat' dir='ltr'>ss.</span> <span class='ocrx_word' id='word_1_535' title='bbox 274 3767 344 3830; x_wconf 78' lang='lat'>⁶0</span> <span class='ocrx_word' id='word_1_536' title='bbox 386 3769 439 3828; x_wconf 79' lang='grc' dir='ltr'>δὲ</span> <span class='ocrx_word' id='word_1_537' title='bbox 468 3770 684 3828; x_wconf 85' lang='grc' dir='ltr'>πάντων</span> <span class='ocrx_word' id='word_1_538' title='bbox 722 3765 1126 3848; x_wconf 80' lang='grc' dir='ltr'>σχετλιώτατον,</span> <span class='ocrx_word' id='word_1_539' title='bbox 1162 3770 1207 3825; x_wconf 79' lang='grc' dir='ltr'>εἰ</span> <span class='ocrx_word' id='word_1_540' title='bbox 1244 3767 1655 3849; x_wconf 78' lang='grc' dir='ltr'>φιλοπονώτατοι</span> <span class='ocrx_word' id='word_1_541' title='bbox 1679 3767 1722 3832; x_wconf 83' lang='lat' dir='ltr'><strong>d</strong></span> <span class='ocrx_word' id='word_1_542' title='bbox 1807 3771 1885 3814; x_wconf 80' lang='lat'>56.</span> <span class='ocrx_word' id='word_1_543' title='bbox 1927 3765 2052 3814; x_wconf 67' lang='lat' dir='ltr'>lund</span> <span class='ocrx_word' id='word_1_544' title='bbox 2089 3771 2250 3816; x_wconf 61' lang='lat' dir='ltr'><strong>aulem</strong></span> <span class='ocrx_word' id='word_1_545' title='bbox 2279 3766 2496 3824; x_wconf 67' lang='lat' dir='ltr'><strong>Omnium</strong></span> <span class='ocrx_word' id='word_1_546' title='bbox 2529 3765 2913 3828; x_wconf 63' lang='lat' dir='ltr'><strong>indignissssffmum</strong></span> <span class='ocrx_word' id='word_1_547' title='bbox 2937 3769 3040 3830; x_wconf 68' lang='lat'>0⁸²2</span> <span class='ocrx_word' id='word_1_548' title='bbox 3072 3769 3200 3831; x_wconf 68' lang='lat'>‘3⁰⁰0</span> <span class='ocrx_word' id='word_1_549' title='bbox 3226 3769 3309 3832; x_wconf 65' lang='lat'><strong>&lt;1¹¹5</strong></span> 
     </span>
    </p>
   </div>
   <div class='ocr_carea' id='block_1_21' title="bbox 68 3849 1652 4290">
    <p class='ocr_par' dir='ltr' id='par_1_23' title="bbox 68 3849 1652 4290">
     <span class='ocr_line' id='line_1_69' title="bbox 122 3849 1651 3938; baseline 0.003 -27"><span class='ocrx_word' id='word_1_550' title='bbox 122 3853 341 3924; x_wconf 68' lang='grc' dir='ltr'>δοκοῦντες</span> <span class='ocrx_word' id='word_1_551' title='bbox 368 3849 502 3916; x_wconf 74' lang='grc' dir='ltr'>εἶναι</span> <span class='ocrx_word' id='word_1_552' title='bbox 530 3862 637 3916; x_wconf 79' lang='grc' dir='ltr'>τῶν</span> <span class='ocrx_word' id='word_1_553' title='bbox 660 3856 934 3930; x_wconf 82' lang='grc' dir='ltr'>Ἑλλήνων</span> <span class='ocrx_word' id='word_1_554' title='bbox 966 3856 1321 3938; x_wconf 73' lang='grc' dir='ltr'>ῥαθυμότερον</span> <span class='ocrx_word' id='word_1_555' title='bbox 1350 3862 1451 3916; x_wconf 81' lang='grc' dir='ltr'>τῶν</span> <span class='ocrx_word' id='word_1_556' title='bbox 1478 3859 1651 3916; x_wconf 82' lang='grc' dir='ltr'>ἄλλων</span> 
     </span>
     <span class='ocr_line' id='line_1_70' title="bbox 124 3936 1652 4026; baseline 0.002 -25"><span class='ocrx_word' id='word_1_557' title='bbox 124 3943 465 4022; x_wconf 79' lang='grc' dir='ltr'>βουλευσόμεθα</span> <span class='ocrx_word' id='word_1_558' title='bbox 493 3945 621 4026; x_wconf 78' lang='grc' dir='ltr'>περὶ</span> <span class='ocrx_word' id='word_1_559' title='bbox 647 3944 867 4006; x_wconf 76' lang='grc' dir='ltr'>τούτοιν.</span> <span class='ocrx_word' id='word_1_560' title='bbox 944 3943 1115 4010; x_wconf 63' lang='grc' dir='ltr'>’Τίνας</span> <span class='ocrx_word' id='word_1_561' title='bbox 1134 3941 1237 4024; x_wconf 79' lang='grc' dir='ltr'>γὰρ</span> <span class='ocrx_word' id='word_1_562' title='bbox 1256 3943 1433 4022; x_wconf 74' lang='grc' dir='ltr'>ἴσμεν,</span> <span class='ocrx_word' id='word_1_563' title='bbox 1463 3936 1535 4004; x_wconf 62' lang='grc' dir='ltr'>ὧν</span> <span class='ocrx_word' id='word_1_564' title='bbox 1560 3946 1652 4004; x_wconf 79' lang='grc' dir='ltr'>καὶ</span> 
     </span>
     <span class='ocr_line' id='line_1_71' title="bbox 68 4029 1651 4112; baseline 0.005 -28"><span class='ocrx_word' id='word_1_565' title='bbox 68 4031 397 4100; x_wconf 66' lang='grc' dir='ltr'>ίῠποιήσασθαι</span> <span class='ocrx_word' id='word_1_566' title='bbox 436 4034 621 4112; x_wconf 89' lang='grc' dir='ltr'>μνείαν</span> <span class='ocrx_word' id='word_1_567' title='bbox 648 4032 789 4102; x_wconf 79' lang='grc' dir='ltr'>ἄξιόν</span> <span class='ocrx_word' id='word_1_568' title='bbox 814 4037 975 4104; x_wconf 78' lang='grc' dir='ltr'>ἔστιν,</span> <span class='ocrx_word' id='word_1_569' title='bbox 1008 4029 1192 4099; x_wconf 74' lang='grc' dir='ltr'>οἵτινες</span> <span class='ocrx_word' id='word_1_570' title='bbox 1220 4032 1364 4102; x_wconf 82' lang='grc' dir='ltr'>ἅπαξ</span> <span class='ocrx_word' id='word_1_571' title='bbox 1400 4034 1651 4106; x_wconf 81' lang='grc' dir='ltr'>ἡττηθέν-</span> 
     </span>
     <span class='ocr_line' id='line_1_72' title="bbox 122 4118 1652 4200; baseline 0.005 -28"><span class='ocrx_word' id='word_1_572' title='bbox 122 4137 183 4182; x_wconf 83' lang='grc' dir='ltr'>τες</span> <span class='ocrx_word' id='word_1_573' title='bbox 200 4119 277 4178; x_wconf 86' lang='grc' dir='ltr'>καὶ</span> <span class='ocrx_word' id='word_1_574' title='bbox 304 4131 423 4198; x_wconf 81' lang='grc' dir='ltr'>μιᾶς</span> <span class='ocrx_word' id='word_1_575' title='bbox 448 4120 691 4194; x_wconf 75' lang='grc' dir='ltr'>εἰσὸολῆς</span> <span class='ocrx_word' id='word_1_576' title='bbox 715 4119 998 4199; x_wconf 76' lang='grc' dir='ltr'>γενομένης</span> <span class='ocrx_word' id='word_1_577' title='bbox 1015 4118 1175 4184; x_wconf 79' lang='grc' dir='ltr'>οὕτως</span> <span class='ocrx_word' id='word_1_578' title='bbox 1196 4118 1473 4200; x_wconf 68' lang='grc' dir='ltr'>ἀνάνδρως</span> <span class='ocrx_word' id='word_1_579' title='bbox 1508 4125 1652 4198; x_wconf 79' lang='grc' dir='ltr'>ὡμο-</span> 
     </span>
     <span class='ocr_line' id='line_1_73' title="bbox 122 4203 1651 4290; baseline 0.003 -27"><span class='ocrx_word' id='word_1_580' title='bbox 122 4203 313 4280; x_wconf 70' lang='grc' dir='ltr'>λόγησαν</span> <span class='ocrx_word' id='word_1_581' title='bbox 338 4209 511 4268; x_wconf 87' lang='grc' dir='ltr'>πάντα</span> <span class='ocrx_word' id='word_1_582' title='bbox 529 4209 599 4269; x_wconf 78' lang='grc' dir='ltr'>τὰ</span> <span class='ocrx_word' id='word_1_583' title='bbox 624 4208 1055 4290; x_wconf 85' lang='grc' dir='ltr'>προσταττόμενα</span> <span class='ocrx_word' id='word_1_584' title='bbox 1082 4206 1351 4281; x_wconf 81' lang='grc' dir='ltr'>ποιήσειν;</span> <span class='ocrx_word' id='word_1_585' title='bbox 1378 4211 1490 4276; x_wconf 81' lang='grc' dir='ltr'>πῶς</span> <span class='ocrx_word' id='word_1_586' title='bbox 1516 4211 1561 4268; x_wconf 82' lang='grc' dir='ltr'>δ’</span> <span class='ocrx_word' id='word_1_587' title='bbox 1589 4207 1651 4268; x_wconf 78' lang='grc' dir='ltr'>διν</span> 
     </span>
    </p>
   </div>
   <div class='ocr_carea' id='block_1_22' title="bbox 125 4291 1649 4378">
    <p class='ocr_par' dir='ltr' id='par_1_24' title="bbox 125 4291 1649 4378">
     <span class='ocr_line' id='line_1_74' title="bbox 125 4291 1649 4378; baseline 0.005 -31"><span class='ocrx_word' id='word_1_588' title='bbox 125 4291 157 4347; x_wconf 77' lang='grc' dir='ltr'>οἱ</span> <span class='ocrx_word' id='word_1_589' title='bbox 185 4299 381 4355; x_wconf 77' lang='grc' dir='ltr'>τοιοῦτοι</span> <span class='ocrx_word' id='word_1_590' title='bbox 407 4297 574 4356; x_wconf 71' lang='grc' dir='ltr'>πολὺν</span> <span class='ocrx_word' id='word_1_591' title='bbox 611 4296 796 4377; x_wconf 77' lang='grc' dir='ltr'>χρόνον</span> <span class='ocrx_word' id='word_1_592' title='bbox 831 4298 1207 4376; x_wconf 77' lang='grc' dir='ltr'>δυστυχοῦντες</span> <span class='ocrx_word' id='word_1_593' title='bbox 1250 4296 1649 4378; x_wconf 80' lang='grc' dir='ltr'>ἀνταρκέσειαν;</span> 
     </span>
    </p>
   </div>
   <div class='ocr_carea' id='block_1_23' title="bbox 1740 3865 3390 4238">
    <p class='ocr_par' dir='ltr' id='par_1_25' title="bbox 1740 3865 3390 4238">
     <span class='ocr_line' id='line_1_75' title="bbox 1742 3865 3311 3932; baseline 0.004 -18"><span class='ocrx_word' id='word_1_594' title='bbox 1742 3865 2101 3915; x_wconf 86' lang='lat' dir='ltr'><strong>tolerantissimi</strong></span> <span class='ocrx_word' id='word_1_595' title='bbox 2125 3865 2343 3914; x_wconf 86' lang='lat' dir='ltr'><strong>laborum</strong></span> <span class='ocrx_word' id='word_1_596' title='bbox 2367 3865 2492 3915; x_wconf 87' lang='lat' dir='ltr'><strong>inter</strong></span> <span class='ocrx_word' id='word_1_597' title='bbox 2513 3879 2682 3916; x_wconf 89' lang='lat' dir='ltr'><strong>omues</strong></span> <span class='ocrx_word' id='word_1_598' title='bbox 2716 3870 2912 3917; x_wconf 79' lang='lat' dir='ltr'><strong>Graecos</strong></span> <span class='ocrx_word' id='word_1_599' title='bbox 2934 3868 3086 3918; x_wconf 83' lang='lat' dir='ltr'><strong>habiti</strong></span> <span class='ocrx_word' id='word_1_600' title='bbox 3114 3883 3311 3932; x_wconf 83' lang='lat' dir='ltr'><strong>sumus,</strong></span> 
     </span>
     <span class='ocr_line' id='line_1_76' title="bbox 1740 3964 3390 4042; baseline 0.005 -29"><span class='ocrx_word' id='word_1_601' title='bbox 1740 3964 1817 4015; x_wconf 87' lang='lat' dir='ltr'>his</span> <span class='ocrx_word' id='word_1_602' title='bbox 1834 3965 1896 4016; x_wconf 84' lang='lat' dir='ltr'>de</span> <span class='ocrx_word' id='word_1_603' title='bbox 1919 3964 2062 4016; x_wconf 86' lang='lat' dir='ltr'><strong>rebus</strong></span> <span class='ocrx_word' id='word_1_604' title='bbox 2083 3967 2274 4028; x_wconf 85' lang='lat' dir='ltr'><strong>segnius</strong></span> <span class='ocrx_word' id='word_1_605' title='bbox 2293 3980 2438 4030; x_wconf 86' lang='lat' dir='ltr'><strong>quam</strong></span> <span class='ocrx_word' id='word_1_606' title='bbox 2455 3969 2600 4018; x_wconf 85' lang='lat' dir='ltr'><strong>ceteri</strong></span> <span class='ocrx_word' id='word_1_607' title='bbox 2621 3968 2962 4020; x_wconf 86' lang='lat' dir='ltr'><strong>deliberamus.</strong></span> <span class='ocrx_word' id='word_1_608' title='bbox 3028 3973 3165 4028; x_wconf 83' lang='lat' dir='ltr'><strong>Quos</strong></span> <span class='ocrx_word' id='word_1_609' title='bbox 3180 3971 3312 4022; x_wconf 85' lang='lat' dir='ltr'><strong>enim</strong></span> <span class='ocrx_word' id='word_1_610' title='bbox 3375 4027 3390 4042; x_wconf 29' lang='grc' dir='ltr'>γ</span> 
     </span>
     <span class='ocr_line' id='line_1_77' title="bbox 1741 4067 3314 4138; baseline 0.004 -20"><span class='ocrx_word' id='word_1_611' title='bbox 1741 4067 1948 4130; x_wconf 88' lang='lat' dir='ltr'><strong>scimus,</strong></span> <span class='ocrx_word' id='word_1_612' title='bbox 1982 4069 2066 4131; x_wconf 88' lang='lat' dir='ltr'>qui</span> <span class='ocrx_word' id='word_1_613' title='bbox 2099 4069 2294 4132; x_wconf 88' lang='lat' dir='ltr'><strong>quidem</strong></span> <span class='ocrx_word' id='word_1_614' title='bbox 2317 4071 2480 4134; x_wconf 88' lang='lat' dir='ltr'><strong>aliquo</strong></span> <span class='ocrx_word' id='word_1_615' title='bbox 2514 4070 2564 4120; x_wconf 91' lang='lat' dir='ltr'>in</span> <span class='ocrx_word' id='word_1_616' title='bbox 2589 4085 2791 4122; x_wconf 88' lang='lat' dir='ltr'><strong>numero</strong></span> <span class='ocrx_word' id='word_1_617' title='bbox 2824 4071 3030 4122; x_wconf 78' lang='lat' dir='ltr'><strong>habendi</strong></span> <span class='ocrx_word' id='word_1_618' title='bbox 3053 4077 3191 4135; x_wconf 89' lang='lat' dir='ltr'><strong>sunt,</strong></span> <span class='ocrx_word' id='word_1_619' title='bbox 3229 4085 3314 4138; x_wconf 71' lang='lat' dir='ltr'>qui</span> 
     </span>
     <span class='ocr_line' id='line_1_78' title="bbox 1741 4169 3314 4238; baseline 0.005 -20"><span class='ocrx_word' id='word_1_620' title='bbox 1741 4169 1889 4218; x_wconf 86' lang='lat' dir='ltr'><strong>semei</strong></span> <span class='ocrx_word' id='word_1_621' title='bbox 1903 4169 2014 4219; x_wconf 87' lang='lat' dir='ltr'><strong>victi</strong></span> <span class='ocrx_word' id='word_1_622' title='bbox 2040 4181 2228 4232; x_wconf 84' lang='lat' dir='ltr'><strong>unaque</strong></span> <span class='ocrx_word' id='word_1_623' title='bbox 2245 4171 2506 4233; x_wconf 85' lang='lat' dir='ltr'><strong>irruptione</strong></span> <span class='ocrx_word' id='word_1_624' title='bbox 2523 4171 2645 4222; x_wconf 73' lang='lat' dir='ltr'><strong>tacta</strong></span> <span class='ocrx_word' id='word_1_625' title='bbox 2659 4171 2778 4224; x_wconf 88' lang='lat' dir='ltr'><strong>adeo</strong></span> <span class='ocrx_word' id='word_1_626' title='bbox 2789 4172 3062 4224; x_wconf 79' lang='lat' dir='ltr'><strong>effeminate</strong></span> <span class='ocrx_word' id='word_1_627' title='bbox 3075 4173 3314 4238; x_wconf 77' lang='lat' dir='ltr'><strong>imperata</strong></span> 
     </span>
    </p>
   </div>
   <div class='ocr_carea' id='block_1_24' title="bbox 1744 4275 3314 4340">
    <p class='ocr_par' dir='ltr' id='par_1_26' title="bbox 1744 4275 3314 4340">
     <span class='ocr_line' id='line_1_79' title="bbox 1744 4275 3314 4340; baseline 0.004 -16"><span class='ocrx_word' id='word_1_628' title='bbox 1744 4287 1797 4324; x_wconf 83' lang='lat' dir='ltr'>se</span> <span class='ocrx_word' id='word_1_629' title='bbox 1822 4275 2034 4325; x_wconf 78' lang='lat' dir='ltr'><strong>facturos</strong></span> <span class='ocrx_word' id='word_1_630' title='bbox 2050 4288 2158 4326; x_wconf 87' lang='lat' dir='ltr'><strong>esse</strong></span> <span class='ocrx_word' id='word_1_631' title='bbox 2177 4275 2372 4337; x_wconf 86' lang='lat' dir='ltr'><strong>polliciti</strong></span> <span class='ocrx_word' id='word_1_632' title='bbox 2396 4276 2528 4327; x_wconf 82' lang='lat' dir='ltr'><strong>sint?</strong></span> <span class='ocrx_word' id='word_1_633' title='bbox 2605 4281 2712 4336; x_wconf 89' lang='lat' dir='ltr'><strong>Quo</strong></span> <span class='ocrx_word' id='word_1_634' title='bbox 2734 4281 2873 4340; x_wconf 85' lang='lat' dir='ltr'><strong>pacto</strong></span> <span class='ocrx_word' id='word_1_635' title='bbox 2899 4280 3018 4330; x_wconf 79' lang='lat' dir='ltr'><strong>tales</strong></span> <span class='ocrx_word' id='word_1_636' title='bbox 3037 4278 3314 4331; x_wconf 81' lang='lat' dir='ltr'><strong>diuturnam</strong></span> 
     </span>
    </p>
   </div>
   <div class='ocr_carea' id='block_1_25' title="bbox 76 4377 3314 4654">
    <p class='ocr_par' dir='ltr' id='par_1_27' title="bbox 76 4377 3314 4654">
     <span class='ocr_line' id='line_1_80' title="bbox 129 4377 3314 4463; baseline -0 -25"><span class='ocrx_word' id='word_1_637' title='bbox 129 4383 197 4455; x_wconf 62' lang='lat' dir='ltr'>im)</span> <span class='ocrx_word' id='word_1_638' title='bbox 229 4381 298 4450; x_wconf 82' lang='grc' dir='ltr'>τίς</span> <span class='ocrx_word' id='word_1_639' title='bbox 336 4387 379 4442; x_wconf 86' lang='grc' dir='ltr'>δ’</span> <span class='ocrx_word' id='word_1_640' title='bbox 410 4387 505 4444; x_wconf 78' lang='grc' dir='ltr'>οὔκ</span> <span class='ocrx_word' id='word_1_641' title='bbox 550 4383 616 4444; x_wconf 74' lang='grc' dir='ltr'>ἂν</span> <span class='ocrx_word' id='word_1_642' title='bbox 655 4383 1008 4463; x_wconf 71' lang='grc' dir='ltr'>ἐπιτιμήσειεν</span> <span class='ocrx_word' id='word_1_643' title='bbox 1054 4386 1202 4462; x_wconf 80' lang='grc' dir='ltr'>ἡμῖν,</span> <span class='ocrx_word' id='word_1_644' title='bbox 1250 4387 1297 4442; x_wconf 77' lang='grc' dir='ltr'>εἰ</span> <span class='ocrx_word' id='word_1_645' title='bbox 1338 4386 1654 4458; x_wconf 72' lang='grc' dir='ltr'>Μεσσηνίων</span> <span class='ocrx_word' id='word_1_646' title='bbox 1679 4404 1715 4446; x_wconf 71' lang='lat' dir='ltr'><strong>e</strong></span> <span class='ocrx_word' id='word_1_647' title='bbox 1740 4377 2059 4429; x_wconf 71' lang='lat' dir='ltr'><strong>calamitatem</strong></span> <span class='ocrx_word' id='word_1_648' title='bbox 2089 4379 2380 4429; x_wconf 79' lang='lat' dir='ltr'><strong>tolerarent?</strong></span> <span class='ocrx_word' id='word_1_649' title='bbox 2403 4381 2506 4444; x_wconf 86' lang='lat'>(57)</span> <span class='ocrx_word' id='word_1_650' title='bbox 2532 4395 2686 4445; x_wconf 89' lang='lat' dir='ltr'><strong>quum</strong></span> <span class='ocrx_word' id='word_1_651' title='bbox 2712 4382 2936 4432; x_wconf 83' lang='lat' dir='ltr'><strong>Messenii</strong></span> <span class='ocrx_word' id='word_1_652' title='bbox 2967 4383 3314 4452; x_wconf 6' lang='lat' dir='ltr'><strong>vigintihannos</strong></span> 
     </span>
     <span class='ocr_line' id='line_1_81' title="bbox 76 4465 3314 4555; baseline 0.005 -33"><span class='ocrx_word' id='word_1_653' title='bbox 76 4471 109 4508; x_wconf 59' lang='grc' dir='ltr'>ὓ</span> <span class='ocrx_word' id='word_1_654' title='bbox 126 4465 225 4547; x_wconf 77' lang='grc' dir='ltr'>ὓπὲρ</span> <span class='ocrx_word' id='word_1_655' title='bbox 257 4470 441 4542; x_wconf 77' lang='grc' dir='ltr'>ταύτης</span> <span class='ocrx_word' id='word_1_656' title='bbox 481 4478 579 4544; x_wconf 73' lang='grc' dir='ltr'>τῆς</span> <span class='ocrx_word' id='word_1_657' title='bbox 608 4471 787 4552; x_wconf 78' lang='grc' dir='ltr'>χώρας</span> <span class='ocrx_word' id='word_1_658' title='bbox 827 4471 1031 4539; x_wconf 78' lang='grc' dir='ltr'>εἴκοσιν,</span> <span class='ocrx_word' id='word_1_659' title='bbox 1066 4471 1159 4544; x_wconf 80' lang='grc' dir='ltr'>ἔτη</span> <span class='ocrx_word' id='word_1_660' title='bbox 1196 4472 1645 4555; x_wconf 71' lang='grc' dir='ltr'>πολιορκηθέντων</span> <span class='ocrx_word' id='word_1_661' title='bbox 1736 4492 1823 4543; x_wconf 76' lang='lat' dir='ltr'>pro</span> <span class='ocrx_word' id='word_1_662' title='bbox 1844 4479 1932 4529; x_wconf 77' lang='lat' dir='ltr'>hac</span> <span class='ocrx_word' id='word_1_663' title='bbox 1954 4481 2144 4543; x_wconf 79' lang='lat' dir='ltr'><strong>regione</strong></span> <span class='ocrx_word' id='word_1_664' title='bbox 2157 4479 2344 4532; x_wconf 74' lang='lat' dir='ltr'><strong>obsessi</strong></span> <span class='ocrx_word' id='word_1_665' title='bbox 2357 4481 2653 4546; x_wconf 71' lang='lat' dir='ltr'><strong>fuerint,qui</strong></span> <span class='ocrx_word' id='word_1_666' title='bbox 2668 4497 2758 4534; x_wconf 82' lang='lat' dir='ltr'>nos</span> <span class='ocrx_word' id='word_1_667' title='bbox 2770 4497 2866 4535; x_wconf 78' lang='lat' dir='ltr'><strong>nou</strong></span> <span class='ocrx_word' id='word_1_668' title='bbox 2882 4487 3314 4549; x_wconf 77' lang='lat' dir='ltr'><strong>reprehenderent,</strong></span> 
     </span>
     <span class='ocr_line' id='line_1_82' title="bbox 130 4557 3308 4654; baseline 0.004 -27"><span class='ocrx_word' id='word_1_669' title='bbox 130 4557 248 4627; x_wconf 63' lang='grc' dir='ltr'>ἦμῑῖς</span> <span class='ocrx_word' id='word_1_670' title='bbox 266 4557 393 4618; x_wconf 67' lang='grc' dir='ltr'>Οὕτω</span> <span class='ocrx_word' id='word_1_671' title='bbox 414 4561 623 4641; x_wconf 74' lang='grc' dir='ltr'>ταχέως</span> <span class='ocrx_word' id='word_1_672' title='bbox 644 4559 783 4620; x_wconf 64' lang='grc' dir='ltr'>κατὰ</span> <span class='ocrx_word' id='word_1_673' title='bbox 806 4560 1062 4630; x_wconf 70' lang='grc' dir='ltr'>συνθήκας</span> <span class='ocrx_word' id='word_1_674' title='bbox 1081 4563 1243 4631; x_wconf 70' lang='grc' dir='ltr'>αὐτῆς</span> <span class='ocrx_word' id='word_1_675' title='bbox 1261 4563 1645 4640; x_wconf 60' lang='grc' dir='ltr'>ἀποσταίημεν,</span> <span class='ocrx_word' id='word_1_676' title='bbox 1736 4587 1895 4637; x_wconf 88' lang='lat' dir='ltr'><strong>sitam</strong></span> <span class='ocrx_word' id='word_1_677' title='bbox 1913 4587 2132 4639; x_wconf 87' lang='lat' dir='ltr'><strong>celeriter</strong></span> <span class='ocrx_word' id='word_1_678' title='bbox 2151 4600 2233 4652; x_wconf 87' lang='lat' dir='ltr'>per</span> <span class='ocrx_word' id='word_1_679' title='bbox 2265 4588 2516 4652; x_wconf 81' lang='lat' dir='ltr'><strong>pactiones</strong></span> <span class='ocrx_word' id='word_1_680' title='bbox 2533 4601 2588 4640; x_wconf 84' lang='lat' dir='ltr'>ea</span> <span class='ocrx_word' id='word_1_681' title='bbox 2618 4589 2738 4640; x_wconf 88' lang='lat' dir='ltr'><strong>urbe</strong></span> <span class='ocrx_word' id='word_1_682' title='bbox 2760 4588 3058 4652; x_wconf 85' lang='lat' dir='ltr'><strong>cederemus,</strong></span> <span class='ocrx_word' id='word_1_683' title='bbox 3083 4605 3144 4642; x_wconf 90' lang='lat' dir='ltr'>ne</span> <span class='ocrx_word' id='word_1_684' title='bbox 3166 4592 3308 4654; x_wconf 87' lang='lat' dir='ltr'><strong>majo·</strong></span> 
     </span>
    </p>
   </div>
   <div class='ocr_carea' id='block_1_26' title="bbox 66 4642 1648 4994">
    <p class='ocr_par' dir='ltr' id='par_1_28' title="bbox 66 4642 1648 4994">
     <span class='ocr_line' id='line_1_83' title="bbox 129 4642 1647 4728; baseline 0.009 -33"><span class='ocrx_word' id='word_1_685' title='bbox 129 4642 195 4698; x_wconf 71' lang='grc' dir='ltr'>καὶ</span> <span class='ocrx_word' id='word_1_686' title='bbox 218 4646 337 4718; x_wconf 85' lang='grc' dir='ltr'>μηδὲ</span> <span class='ocrx_word' id='word_1_687' title='bbox 363 4651 463 4705; x_wconf 81' lang='grc' dir='ltr'>τῶν</span> <span class='ocrx_word' id='word_1_688' title='bbox 490 4647 760 4728; x_wconf 88' lang='grc' dir='ltr'>προγόνων</span> <span class='ocrx_word' id='word_1_689' title='bbox 786 4647 1165 4724; x_wconf 83' lang='grc' dir='ltr'>μνησθείημεν,</span> <span class='ocrx_word' id='word_1_690' title='bbox 1198 4647 1317 4706; x_wconf 82' lang='grc' dir='ltr'>ἀλλ’</span> <span class='ocrx_word' id='word_1_691' title='bbox 1351 4649 1416 4720; x_wconf 85' lang='grc' dir='ltr'>ἢν</span> <span class='ocrx_word' id='word_1_692' title='bbox 1462 4651 1647 4710; x_wconf 83' lang='grc' dir='ltr'>ἐκεῖνοι</span> 
     </span>
     <span class='ocr_line' id='line_1_84' title="bbox 132 4729 1648 4811; baseline 0.009 -27"><span class='ocrx_word' id='word_1_693' title='bbox 132 4729 232 4799; x_wconf 72' lang='grc' dir='ltr'>μετὰ</span> <span class='ocrx_word' id='word_1_694' title='bbox 250 4737 444 4792; x_wconf 81' lang='grc' dir='ltr'>πολλῶν</span> <span class='ocrx_word' id='word_1_695' title='bbox 472 4733 647 4792; x_wconf 89' lang='grc' dir='ltr'>πόνων</span> <span class='ocrx_word' id='word_1_696' title='bbox 674 4735 768 4792; x_wconf 81' lang='grc' dir='ltr'>καὶ</span> <span class='ocrx_word' id='word_1_697' title='bbox 794 4735 1043 4794; x_wconf 78' lang='grc' dir='ltr'>κινδύνων</span> <span class='ocrx_word' id='word_1_698' title='bbox 1086 4735 1377 4808; x_wconf 74' lang='grc' dir='ltr'>ἐκτήσαντο</span> <span class='ocrx_word' id='word_1_699' title='bbox 1397 4783 1413 4810; x_wconf 93' lang='grc'>,</span> <span class='ocrx_word' id='word_1_700' title='bbox 1450 4737 1648 4811; x_wconf 84' lang='grc' dir='ltr'>ταύτην</span> 
     </span>
     <span class='ocr_line' id='line_1_85' title="bbox 66 4815 1293 4902; baseline 0.002 -20"><span class='ocrx_word' id='word_1_701' title='bbox 66 4815 246 4892; x_wconf 48' lang='lat' dir='ltr'>misy-83&lt;</span> <span class='ocrx_word' id='word_1_702' title='bbox 266 4821 359 4881; x_wconf 75' lang='grc' dir='ltr'>ὑπὸ</span> <span class='ocrx_word' id='word_1_703' title='bbox 384 4822 554 4902; x_wconf 80' lang='grc' dir='ltr'>λόγοιν</span> <span class='ocrx_word' id='word_1_704' title='bbox 585 4823 877 4890; x_wconf 78' lang='grc' dir='ltr'>πεισθέντες</span> <span class='ocrx_word' id='word_1_705' title='bbox 908 4822 1293 4902; x_wconf 74' lang='grc' dir='ltr'>ἀποὸάλοιμεν;</span> 
     </span>
     <span class='ocr_line' id='line_1_86' title="bbox 80 4897 1647 4994; baseline 0.004 -29"><span class='ocrx_word' id='word_1_706' title='bbox 80 4921 117 4958; x_wconf 66' lang='lat'>‘0⁴³</span> <span class='ocrx_word' id='word_1_707' title='bbox 190 4927 247 4965; x_wconf 71' lang='lat' dir='ltr'>ts.</span> <span class='ocrx_word' id='word_1_708' title='bbox 280 4897 375 4970; x_wconf 71' lang='grc' dir='ltr'>Ὧν</span> <span class='ocrx_word' id='word_1_709' title='bbox 407 4911 553 4970; x_wconf 76' lang='grc' dir='ltr'>οὐδὲν</span> <span class='ocrx_word' id='word_1_710' title='bbox 590 4910 717 4971; x_wconf 82' lang='grc' dir='ltr'>ἔνιοι</span> <span class='ocrx_word' id='word_1_711' title='bbox 745 4911 1137 4994; x_wconf 78' lang='grc' dir='ltr'>φροντίσαντες,</span> <span class='ocrx_word' id='word_1_712' title='bbox 1174 4911 1311 4970; x_wconf 78' lang='grc' dir='ltr'>ἀλλὰ</span> <span class='ocrx_word' id='word_1_713' title='bbox 1340 4911 1517 4981; x_wconf 89' lang='grc' dir='ltr'>πάσας</span> <span class='ocrx_word' id='word_1_714' title='bbox 1552 4912 1647 4982; x_wconf 73' lang='grc' dir='ltr'>τὰς</span> 
     </span>
    </p>
   </div>
   <div class='ocr_carea' id='block_1_27' title="bbox 1736 4691 3313 4756">
    <p class='ocr_par' dir='ltr' id='par_1_29' title="bbox 1736 4691 3313 4756">
     <span class='ocr_line' id='line_1_87' title="bbox 1736 4691 3313 4756; baseline 0.004 -17"><span class='ocrx_word' id='word_1_715' title='bbox 1736 4703 1844 4739; x_wconf 88' lang='lat' dir='ltr'>rum</span> <span class='ocrx_word' id='word_1_716' title='bbox 1880 4691 2076 4754; x_wconf 86' lang='lat' dir='ltr'><strong>quidem</strong></span> <span class='ocrx_word' id='word_1_717' title='bbox 2108 4705 2345 4742; x_wconf 84' lang='lat' dir='ltr'><strong>memores</strong></span> <span class='ocrx_word' id='word_1_718' title='bbox 2389 4691 2474 4742; x_wconf 88' lang='lat' dir='ltr'>sed</span> <span class='ocrx_word' id='word_1_719' title='bbox 2513 4706 2659 4756; x_wconf 89' lang='lat' dir='ltr'><strong>quam</strong></span> <span class='ocrx_word' id='word_1_720' title='bbox 2689 4693 2758 4743; x_wconf 88' lang='lat' dir='ltr'><strong>illi</strong></span> <span class='ocrx_word' id='word_1_721' title='bbox 2791 4693 2958 4743; x_wconf 87' lang='lat' dir='ltr'><strong>multis</strong></span> <span class='ocrx_word' id='word_1_722' title='bbox 2995 4693 3241 4744; x_wconf 82' lang='lat' dir='ltr'><strong>laboribus</strong></span> <span class='ocrx_word' id='word_1_723' title='bbox 3264 4699 3313 4746; x_wconf 91' lang='lat' dir='ltr'>et</span> 
     </span>
    </p>
   </div>
   <div class='ocr_carea' id='block_1_28' title="bbox 1741 4797 3312 4860">
    <p class='ocr_par' dir='ltr' id='par_1_30' title="bbox 1741 4797 3312 4860">
     <span class='ocr_line' id='line_1_88' title="bbox 1741 4797 3312 4860; baseline 0.004 -15"><span class='ocrx_word' id='word_1_724' title='bbox 1741 4797 1966 4859; x_wconf 88' lang='lat' dir='ltr'><strong>periculis</strong></span> <span class='ocrx_word' id='word_1_725' title='bbox 1991 4801 2296 4860; x_wconf 85' lang='lat' dir='ltr'><strong>paraverunt,</strong></span> <span class='ocrx_word' id='word_1_726' title='bbox 2315 4811 2422 4849; x_wconf 85' lang='lat' dir='ltr'>eam</span> <span class='ocrx_word' id='word_1_727' title='bbox 2439 4811 2528 4848; x_wconf 86' lang='lat' dir='ltr'>nos</span> <span class='ocrx_word' id='word_1_728' title='bbox 2543 4799 2738 4849; x_wconf 87' lang='lat' dir='ltr'><strong>adducti</strong></span> <span class='ocrx_word' id='word_1_729' title='bbox 2753 4800 2914 4850; x_wconf 86' lang='lat' dir='ltr'><strong>verbis</strong></span> <span class='ocrx_word' id='word_1_730' title='bbox 2927 4801 3312 4853; x_wconf 86' lang='lat' dir='ltr'><strong>dimitteremus?</strong></span> 
     </span>
    </p>
   </div>
   <div class='ocr_carea' id='block_1_29' title="bbox 1804 4903 3312 4971">
    <p class='ocr_par' dir='ltr' id='par_1_31' title="bbox 1804 4903 3312 4971">
     <span class='ocr_line' id='line_1_89' title="bbox 1804 4903 3312 4971; baseline 0.001 -16"><span class='ocrx_word' id='word_1_731' title='bbox 1804 4911 1881 4955; x_wconf 83' lang='lat'>58.</span> <span class='ocrx_word' id='word_1_732' title='bbox 1905 4903 2093 4962; x_wconf 90' lang='lat' dir='ltr'><strong>Quibus</strong></span> <span class='ocrx_word' id='word_1_733' title='bbox 2117 4904 2343 4954; x_wconf 83' lang='lat' dir='ltr'><strong>omuibus</strong></span> <span class='ocrx_word' id='word_1_734' title='bbox 2365 4904 2582 4956; x_wconf 89' lang='lat' dir='ltr'><strong>nonnulli</strong></span> <span class='ocrx_word' id='word_1_735' title='bbox 2606 4907 2830 4968; x_wconf 81' lang='lat' dir='ltr'><strong>neglectis</strong></span> <span class='ocrx_word' id='word_1_736' title='bbox 2850 4907 3072 4971; x_wconf 86' lang='lat' dir='ltr'><strong>nullaque</strong></span> <span class='ocrx_word' id='word_1_737' title='bbox 3087 4907 3312 4970; x_wconf 87' lang='lat' dir='ltr'><strong>multipli-</strong></span> 
     </span>
    </p>
   </div>
   <div class='ocr_carea' id='block_1_30' title="bbox 134 4990 3408 5096">
    <p class='ocr_par' dir='ltr' id='par_1_32' title="bbox 134 4990 3408 5096">
     <span class='ocr_line' id='line_1_90' title="bbox 134 4990 3408 5096; baseline 0.004 -27"><span class='ocrx_word' id='word_1_738' title='bbox 134 4990 337 5070; x_wconf 56' lang='lat' dir='ltr'><strong>cuiqam&lt;</strong></span> <span class='ocrx_word' id='word_1_739' title='bbox 374 4998 727 5080; x_wconf 65' lang='grc' dir='ltr'>ὖπερῑδόντῑς,</span> <span class='ocrx_word' id='word_1_740' title='bbox 764 5005 982 5060; x_wconf 64' lang='grc' dir='ltr'>τθῑαῧτα</span> <span class='ocrx_word' id='word_1_741' title='bbox 1026 4999 1471 5078; x_wconf 60' lang='grc' dir='ltr'>συμὸουλεύουσῑ*</span> <span class='ocrx_word' id='word_1_742' title='bbox 1496 5006 1643 5080; x_wconf 61' lang='grc' dir='ltr'>ὑμῖν,</span> <span class='ocrx_word' id='word_1_743' title='bbox 1736 5029 1806 5078; x_wconf 86' lang='lat' dir='ltr'>cis</span> <span class='ocrx_word' id='word_1_744' title='bbox 1828 5028 2082 5080; x_wconf 89' lang='lat' dir='ltr'><strong>dedecoris</strong></span> <span class='ocrx_word' id='word_1_745' title='bbox 2105 5029 2268 5081; x_wconf 84' lang='lat' dir='ltr'><strong>habita</strong></span> <span class='ocrx_word' id='word_1_746' title='bbox 2287 5031 2470 5082; x_wconf 83' lang='lat' dir='ltr'><strong>ratione</strong></span> <span class='ocrx_word' id='word_1_747' title='bbox 2488 5031 2628 5082; x_wconf 78' lang='lat' dir='ltr'><strong>vobis</strong></span> <span class='ocrx_word' id='word_1_748' title='bbox 2658 5032 2916 5082; x_wconf 88' lang='lat' dir='ltr'><strong>consulunt</strong></span> <span class='ocrx_word' id='word_1_749' title='bbox 2937 5045 2994 5082; x_wconf 85' lang='lat' dir='ltr'>ea</span> <span class='ocrx_word' id='word_1_750' title='bbox 3017 5046 3128 5096; x_wconf 81' lang='lat' dir='ltr'><strong>quae</strong></span> <span class='ocrx_word' id='word_1_751' title='bbox 3153 5031 3306 5096; x_wconf 86' lang='lat' dir='ltr'><strong>reipu·</strong></span> <span class='ocrx_word' id='word_1_752' title='bbox 3401 5035 3408 5046; x_wconf 81' lang='lat'><strong>‘</strong></span> 
     </span>
    </p>
   </div>
   <div class='ocr_carea' id='block_1_31' title="bbox 134 5069 1648 5162">
    <p class='ocr_par' dir='ltr' id='par_1_33' title="bbox 134 5069 1648 5162">
     <span class='ocr_line' id='line_1_91' title="bbox 134 5069 1648 5162; baseline 0.005 -18"><span class='ocrx_word' id='word_1_753' title='bbox 134 5073 172 5144; x_wconf 73' lang='grc' dir='ltr'>ἒξ</span> <span class='ocrx_word' id='word_1_754' title='bbox 188 5069 248 5138; x_wconf 62' lang='grc' dir='ltr'>ὧν</span> <span class='ocrx_word' id='word_1_755' title='bbox 270 5086 333 5152; x_wconf 83' lang='grc' dir='ltr'>εἷς</span> <span class='ocrx_word' id='word_1_756' title='bbox 353 5087 519 5159; x_wconf 81' lang='grc' dir='ltr'>ὀνείδη</span> <span class='ocrx_word' id='word_1_757' title='bbox 560 5086 654 5161; x_wconf 80' lang='grc' dir='ltr'>τὴν</span> <span class='ocrx_word' id='word_1_758' title='bbox 682 5088 833 5148; x_wconf 84' lang='grc' dir='ltr'>πόλιν</span> <span class='ocrx_word' id='word_1_759' title='bbox 875 5089 1315 5162; x_wconf 80' lang='grc' dir='ltr'>καταστήσουσιν.</span> <span class='ocrx_word' id='word_1_760' title='bbox 1396 5089 1555 5151; x_wconf 76' lang='grc' dir='ltr'>Οὕτω</span> <span class='ocrx_word' id='word_1_761' title='bbox 1590 5090 1648 5152; x_wconf 82' lang='grc' dir='ltr'>δὲ</span> 
     </span>
    </p>
   </div>
   <div class='ocr_carea' id='block_1_32' title="bbox 134 5168 1697 5260">
    <p class='ocr_par' dir='ltr' id='par_1_34' title="bbox 134 5168 1697 5260">
     <span class='ocr_line' id='line_1_92' title="bbox 134 5168 1697 5260; baseline 0.007 -26"><span class='ocrx_word' id='word_1_762' title='bbox 134 5168 359 5249; x_wconf 49' lang='lat' dir='ltr'><strong>”fimas</strong></span> <span class='ocrx_word' id='word_1_763' title='bbox 397 5175 678 5255; x_wconf 79' lang='grc' dir='ltr'>ἐπάγουσιν</span> <span class='ocrx_word' id='word_1_764' title='bbox 706 5181 842 5254; x_wconf 77' lang='grc' dir='ltr'>ὑμᾶς</span> <span class='ocrx_word' id='word_1_765' title='bbox 880 5177 1008 5258; x_wconf 81' lang='grc' dir='ltr'>πρὸς</span> <span class='ocrx_word' id='word_1_766' title='bbox 1033 5177 1095 5237; x_wconf 80' lang='grc' dir='ltr'>τὸ</span> <span class='ocrx_word' id='word_1_767' title='bbox 1121 5180 1453 5260; x_wconf 77' lang='grc' dir='ltr'>παραδοῦναι</span> <span class='ocrx_word' id='word_1_768' title='bbox 1492 5183 1643 5242; x_wconf 86' lang='grc' dir='ltr'>Μεσ-</span> <span class='ocrx_word' id='word_1_769' title='bbox 1690 5237 1697 5245; x_wconf 95' lang='grc'><em>.</em></span> 
     </span>
    </p>
   </div>
   <div class='ocr_carea' id='block_1_33' title="bbox 136 5251 1637 5416">
    <p class='ocr_par' dir='ltr' id='par_1_35' title="bbox 136 5251 1637 5416">
     <span class='ocr_line' id='line_1_93' title="bbox 136 5251 1637 5345; baseline 0.005 -24"><span class='ocrx_word' id='word_1_770' title='bbox 136 5251 280 5334; x_wconf 52' lang='grc' dir='ltr'>ἤην,</span> <span class='ocrx_word' id='word_1_771' title='bbox 308 5260 436 5323; x_wconf 76' lang='grc' dir='ltr'>ὥστε</span> <span class='ocrx_word' id='word_1_772' title='bbox 461 5264 556 5325; x_wconf 72' lang='grc' dir='ltr'>καὶ</span> <span class='ocrx_word' id='word_1_773' title='bbox 586 5264 853 5334; x_wconf 81' lang='grc' dir='ltr'>διεξελθεῖν</span> <span class='ocrx_word' id='word_1_774' title='bbox 891 5268 1191 5345; x_wconf 77' lang='grc' dir='ltr'>ἐτόλμησαν</span> <span class='ocrx_word' id='word_1_775' title='bbox 1216 5267 1311 5327; x_wconf 68' lang='lat' dir='ltr'><strong>‘niv</strong></span> <span class='ocrx_word' id='word_1_776' title='bbox 1340 5293 1396 5328; x_wconf 87' lang='grc' dir='ltr'>τε</span> <span class='ocrx_word' id='word_1_777' title='bbox 1420 5274 1513 5338; x_wconf 74' lang='grc' dir='ltr'>τῆς</span> <span class='ocrx_word' id='word_1_778' title='bbox 1539 5268 1611 5328; x_wconf 88' lang='grc' dir='ltr'>πό</span> <span class='ocrx_word' id='word_1_779' title='bbox 1620 5305 1637 5316; x_wconf 92' lang='lat'><strong>·</strong></span> 
     </span>
     <span class='ocr_line' id='line_1_94' title="bbox 310 5377 551 5416; baseline 0.021 -6"><span class='ocrx_word' id='word_1_780' title='bbox 310 5377 551 5416; x_wconf 68' lang='lat' dir='ltr'><strong>nonanes</strong></span> 
     </span>
    </p>
   </div>
   <div class='ocr_carea' id='block_1_34' title="bbox 1736 5155 3303 5223">
    <p class='ocr_par' dir='ltr' id='par_1_36' title="bbox 1736 5155 3303 5223">
     <span class='ocr_line' id='line_1_95' title="bbox 1736 5155 3303 5223; baseline 0.001 -16"><span class='ocrx_word' id='word_1_781' title='bbox 1736 5155 1873 5208; x_wconf 82' lang='lat' dir='ltr'><strong>blicoe</strong></span> <span class='ocrx_word' id='word_1_782' title='bbox 1898 5160 2082 5209; x_wconf 78' lang='lat' dir='ltr'><strong>nostrae</strong></span> <span class='ocrx_word' id='word_1_783' title='bbox 2102 5159 2447 5209; x_wconf 83' lang='lat' dir='ltr'><strong>contumeliosa</strong></span> <span class='ocrx_word' id='word_1_784' title='bbox 2474 5159 2634 5209; x_wconf 85' lang='lat' dir='ltr'><strong>lutura</strong></span> <span class='ocrx_word' id='word_1_785' title='bbox 2653 5162 2782 5208; x_wconf 88' lang='lat' dir='ltr'><strong>sunt.</strong></span> <span class='ocrx_word' id='word_1_786' title='bbox 2805 5163 2876 5209; x_wconf 81' lang='lat' dir='ltr'>Ac</span> <span class='ocrx_word' id='word_1_787' title='bbox 2897 5161 2998 5210; x_wconf 83' lang='lat' dir='ltr'>tam</span> <span class='ocrx_word' id='word_1_788' title='bbox 3024 5159 3199 5223; x_wconf 87' lang='lat' dir='ltr'><strong>cupide</strong></span> <span class='ocrx_word' id='word_1_789' title='bbox 3217 5172 3303 5208; x_wconf 81' lang='lat' dir='ltr'>vos</span> 
     </span>
    </p>
   </div>
   <div class='ocr_carea' id='block_1_35' title="bbox 1732 5287 3302 5349">
    <p class='ocr_par' dir='ltr' id='par_1_37' title="bbox 1732 5287 3302 5349">
     <span class='ocr_line' id='line_1_96' title="bbox 1732 5287 3302 5349; baseline -0.001 -12"><span class='ocrx_word' id='word_1_790' title='bbox 1732 5289 1791 5338; x_wconf 82' lang='lat' dir='ltr'>ad</span> <span class='ocrx_word' id='word_1_791' title='bbox 1818 5291 2086 5338; x_wconf 82' lang='lat' dir='ltr'><strong>Messenam</strong></span> <span class='ocrx_word' id='word_1_792' title='bbox 2114 5287 2392 5338; x_wconf 87' lang='lat' dir='ltr'><strong>tradendam</strong></span> <span class='ocrx_word' id='word_1_793' title='bbox 2409 5287 2681 5349; x_wconf 82' lang='lat' dir='ltr'><strong>hortantur,</strong></span> <span class='ocrx_word' id='word_1_794' title='bbox 2709 5289 2766 5336; x_wconf 85' lang='lat' dir='ltr'>nt</span> <span class='ocrx_word' id='word_1_795' title='bbox 2795 5290 2842 5338; x_wconf 87' lang='lat' dir='ltr'>et</span> <span class='ocrx_word' id='word_1_796' title='bbox 2862 5291 3039 5338; x_wconf 67' lang='lat' dir='ltr'><strong>nostras·</strong></span> <span class='ocrx_word' id='word_1_797' title='bbox 3059 5287 3190 5336; x_wconf 84' lang='lat' dir='ltr'><strong>urbis</strong></span> <span class='ocrx_word' id='word_1_798' title='bbox 3215 5287 3302 5336; x_wconf 88' lang='lat' dir='ltr'>im·</span> 
     </span>
    </p>
   </div>
   <div class='ocr_carea' id='block_1_36' title="bbox 3762 56 3770 900">
    <p class='ocr_par' dir='ltr' id='par_1_38' title="bbox 3762 56 3770 900">
     <span class='ocr_line' id='line_1_97' title="bbox 3762 56 3770 900; baseline 0 0"><span class='ocrx_word' id='word_1_799' title='bbox 3762 56 3770 900; x_wconf 95' lang='lat' dir='ltr'> </span> 
     </span>
    </p>
   </div>
   <div class='ocr_carea' id='block_1_37' title="bbox 3765 1148 3769 1752">
    <p class='ocr_par' dir='ltr' id='par_1_39' title="bbox 3765 1148 3769 1752">
     <span class='ocr_line' id='line_1_98' title="bbox 3765 1148 3769 1752; baseline 0 0"><span class='ocrx_word' id='word_1_800' title='bbox 3765 1148 3769 1752; x_wconf 95' lang='lat' dir='ltr'> </span> 
     </span>
    </p>
   </div>
  </div>
 </body>
</html>
