3825 5842
463 552 570 603 192

1423 533 1702 593 ΛΥΣΙΟΥ
1745 532 2136 594 ΑΠΟΛΟΓΙΑ
2179 528 2681 592 mmmmm.-

3376 529 3717 605 (ωε-πε)
3781 598 3783 632 ἱ

455 675 607 746 μνᾶς.
662 665 728 747 (4)
755 664 886 726 Ἐπὶ
912 663 962 724 δὲ
993 660 1270 723 Εὐκλείδου
1295 659 1542 741 ἄρχοντος
1567 662 1836 741 κωμῳδοῖς
1855 684 2013 741 χορη-
2102 670 2197 719 cim
2216 668 2445 733 impendi.
2509 667 2577 731 (4)
2598 665 2837 718 Archonte
2857 665 3085 729 Euclide,
3107 664 3239 716 ludis
3256 663 3495 727 comicis,
3519 663 3729 712 αξιοι-ε·

452 760 558 836 γῶν
606 754 970 836 Κηφισοδώρῳ
1011 751 1213 824 ἐνίκων,
1255 750 1348 809 καὶ
1395 749 1640 822 ἀνήλωσα
1683 749 1774 809 σὺν
1820 755 1884 829 τῇ
1924 755 2018 821 τῆς

454 848 643 915 σκευῆς
687 840 926 901 ἀναθέσει
969 840 1247 899 ἑκκαίδεκα
1289 847 1451 917 μνᾶς,
1495 838 1586 898 καὶ
1633 837 2017 911 Παναθηναίοις

453 934 559 1001 τοῖς
603 938 804 1012 μικροῖς
849 928 1132 1009 ἐχορήγουν
1181 935 1548 1008 πυρριχισταῖς
1597 926 1875 1005 ἀγενείοις,
1923 924 2016 986 καὶ

455 1020 705 1092 ἀνήλωσα
744 1016 876 1077 ἑπτὰ
917 1024 1068 1094 μνᾶς.
1177 1014 1238 1097 (5)
1284 1014 1549 1088 Νενίκηκα
1595 1014 1650 1074 δὲ
1677 1013 1876 1096 τριήρει
1922 1012 2017 1089 μὲν

389 1128 416 1168 5
457 1106 816 1186 ἁμιλλώμενος
831 1103 917 1165 ἐπὶ
937 1102 1160 1184 Σουνίῳ,
1183 1102 1456 1171 ἀναλώσας
1472 1104 1845 1163 πεντεκαίδεκα
1866 1110 2016 1181 μνᾶς·

454 1194 615 1277 χωρὶς
638 1194 693 1255 δὲ
717 1192 1057 1275 ἀρχιθεωρίας
1075 1190 1164 1250 καὶ
1185 1191 1500 1273 ἀρρηφορίας
1517 1190 1608 1252 καὶ
1626 1190 1763 1251 ἄλλα
1782 1196 2017 1263 τοιαῦτα,

456 1287 528 1351 εἰς
555 1283 589 1343 ἃ
617 1283 733 1361 ἐμοὶ
763 1280 1114 1355 δεδαπάνηται
1140 1278 1296 1338 πλέον
1325 1278 1360 1352 ἢ
1385 1278 1663 1359 τριάκοντα
1681 1286 1824 1356 μναῖ.
1906 1275 2017 1337 Καὶ

455 1371 651 1432 τούτων
691 1360 764 1429 ῶν
792 1367 1076 1442 κατέλεξα,
1115 1370 1160 1426 εἰ
1195 1367 1489 1445 ἐὸουλόμην
1517 1366 1655 1426 κατὰ
1695 1366 1761 1425 τὰ
1785 1388 2018 1447 γεγραμ-

457 1458 589 1537 μένα
615 1460 668 1517 ἐν
691 1461 766 1539 τῷ
787 1456 932 1536 νόμῳ
954 1457 1287 1538 λειτουργεῖν,
1309 1456 1416 1515 οὐδ’
1441 1454 1504 1514 ἂν
1525 1454 1582 1513 τὸ
1601 1453 1848 1534 τέταρτον
1868 1452 2021 1531 μέρος

457 1546 724 1619 ἀνήλωσα.
810 1547 871 1623 (s)
896 1544 998 1603 Τὸν
1029 1543 1084 1603 δὲ
1115 1545 1297 1626 χρόνον
1321 1543 1377 1603 ὃν
1408 1542 1802 1624 ἐτριηράρχουν,
1828 1545 1863 1614 ἡ
1897 1546 2022 1610 ναῦς

458 1634 645 1716 ἄριστά
671 1655 758 1712 μοι
782 1632 928 1692 ἔπλει
953 1632 1142 1699 παντὸς
1154 1638 1244 1693 τοῦ
1269 1630 1638 1714 στρατοπέδου.
1719 1628 2020 1710 Τεκμήριον

381 1741 434 1781 10
455 1722 511 1782 δὲ
534 1720 716 1781 τούτου
739 1724 860 1799 ὑμῖν
882 1720 1124 1801 μέγιστον
1157 1723 1276 1802 ἐρῶ.
1359 1722 1578 1802 Πρῶτον
1604 1718 1701 1797 μὲν
1717 1717 1819 1799 γὰρ
1849 1718 2022 1778 Ἄλκι-

459 1808 669 1883 ὅιάδης,
689 1807 744 1867 ὃν
765 1806 869 1887 ἐγὼ
890 1810 1008 1891 περὶ
1021 1809 1218 1869 πολλοῦ
1233 1808 1294 1868 ἃν
1311 1807 1643 1887 ἐποιησάμην
1657 1806 1732 1886 μὴ
1759 1807 2016 1883 συμπλεῖν

460 1921 550 1977 μοι
565 1942 582 1973 ,
608 1895 725 1957 οὔτε
747 1898 892 1973 φίλος
917 1895 989 1957 ὢν
1009 1896 1126 1956 οὔτε
1140 1894 1386 1975 συγγενὴς
1398 1895 1516 1956 οὔτε
1531 1893 1751 1977 φυλέτης
1765 1892 1912 1954 ἔπλει
1937 1892 2023 1952 ἐπὶ

457 1991 552 2059 τῆς
572 1990 703 2064 ἐμῆς
724 1984 870 2053 νεώς.
921 1986 984 2063 (7)
1013 1984 1204 2045 Καίτοι
1223 1988 1360 2060 ὑμᾶς
1381 1975 1530 2061 οἶμαι
1554 1980 1744 2043 εἰδέναι
1761 1980 1840 2040 ὅτι
1861 2004 2025 2063 στρα-

458 2073 613 2153 τηγὸς
647 2072 739 2148 ὤν,
769 2062 814 2155 ᾧ
852 2072 967 2146 ἐξῆν
1008 2074 1177 2133 ποιεῖν
1213 2072 1247 2132 ὅ
1281 2096 1332 2131 τι
1371 2071 1614 2132 ἑδούλετο
1630 2116 1647 2145 ,
1674 2071 1769 2130 οὐκ
1797 2068 1860 2129 ἄν
1895 2091 2022 2129 ποτε

461 2162 623 2235 ἀνέὸη
647 2163 728 2221 ἐπ’
752 2162 920 2236 ἄλλην
943 2166 1067 2219 ναῦν
1091 2164 1136 2219 εί
1161 2159 1235 2239 μὴ
1258 2160 1353 2233 τὴν
1379 2160 1569 2241 ἄριστα
1597 2159 1881 2232 πλέουσαν,
1901 2158 2021 2236 με’λ·

462 2251 566 2313 λων
595 2250 750 2319 αὐτὸς
779 2248 1142 2310 κινδυνεύσειν.
1229 2248 1291 2332 (8)
1316 2246 1539 2320 Ἐπειδὴ
1577 2246 1632 2306 δὲ
1671 2246 1893 2314 ἐκείνους
1928 2244 2023 2322 μὲν

461 2342 609 2418 ὑμεῖς
629 2337 894 2399 ἐπαύσατε
909 2341 1004 2411 τῆς
1022 2339 1206 2420 ἀρχῆς,
1225 2337 1344 2405 τοὺς
1365 2335 1421 2396 δὲ
1441 2335 1574 2415 μετὰ
1588 2334 1872 2416 Θρασύλου
1895 2332 2024 2393 δέκα

384 2446 433 2488 1⁵
460 2427 659 2487 εἵλεσθε
677 2472 694 2504 ,
737 2418 878 2486 οὗτοι
921 2425 1110 2494 πάντες
1157 2424 1431 2487 ἐδούλοντο
1472 2424 1560 2485 ἐπὶ
1600 2429 1694 2497 τῆς
1732 2424 1864 2501 ἐμῆς
1901 2421 2027 2491 νεὼς

461 2517 630 2589 πλεῖν,
662 2513 826 2587 ἀνέὸη
857 2512 1036 2592 μέντοι
1071 2516 1282 2573 πολλῶν
1309 2514 1577 2595 λοιδοριῶν
1611 2512 1783 2579 αὐτοῖς
1810 2511 2029 2590 γενομέ-

463 2628 562 2665 νων
589 2603 964 2686 Ἀρχέστρατος
989 2606 1017 2661 ὁ
1041 2602 1354 2684 Φρεάρριος·
1380 2601 1724 2668 ἀποθανόντος
1753 2600 1808 2660 δὲ
1841 2599 2025 2661 τούτου

461 2696 516 2753 ἐν
544 2690 818 2771 Μυτιλήνῃ
847 2690 1181 2772 Ἐρασινίδης
1200 2690 1312 2769 μετ’
1339 2692 1464 2769 ἐμοῦ
1485 2688 1748 2749 συνέπλει.
1835 2688 2027 2750 Καίτοι

463 2779 599 2840 οὕτω
615 2776 1113 2861 παρεσκευασμένην
1140 2778 1326 2860 τριήρη
1349 2776 1487 2837 πόσα
1513 2776 1677 2838 οἴεσθε
1697 2774 2021 2849 ἀνηλωκέναι

461 2868 715 2950 χρήματα
731 2865 768 2939 ἢ
788 2866 926 2927 πόσα
940 2866 1058 2935 τοὺς
1076 2867 1352 2945 πολεμίους
1370 2865 1639 2947 εἰργάσθαι
1653 2865 1813 2938 κακά,
1829 2862 1864 2937 ἢ
1882 2862 2029 2924 πόσα

463 2956 559 3026 τὴν
595 2955 746 3015 πόλιν
773 2948 833 3014 εὖ
865 2953 1244 3033 πεποιηκέναιζ,
1319 2954 1380 3034 (ο)
1413 2953 1711 3035 Τεκμήριον
1753 2952 1810 3013 δὲ
1845 2953 2028 3014 τούτου

388 3064 442 3104 20
473 3044 732 3124 μέγιστον·
763 3042 846 3103 ὅτε
876 3040 978 3123 γὰρ
1002 3044 1056 3102 ἐν
1089 3046 1155 3121 τῇ
1192 3042 1466 3122 τελευταίᾳ
1505 3040 1778 3124 ναυμαχία
1816 3045 1873 3102 αῖ
1912 3046 2029 3115 νῆες

463 3132 838 3213 διεφθάρησαν,
864 3128 1065 3198 οὐδενός
1089 3153 1178 3209 μοι
1204 3127 1556 3208 συμπλέοντος
1580 3132 1873 3211 στρατηγοῦ
1909 3128 2027 3211 (ἵνα

464 3218 554 3277 καὶ
573 3218 755 3276 τούτου
781 3219 995 3295 μνησθῶ
1010 3262 1026 3292 ,
1051 3216 1231 3290 ἐπειδὴ
1254 3216 1346 3276 καὶ
1377 3221 1481 3284 τοῖς
1503 3218 1838 3298 τριηράρχοις
1859 3216 2026 3297 ὠργί-

464 3311 621 3376 σθητε
643 3302 729 3363 διὰ
746 3303 842 3376 τὴν
859 3304 1138 3383 γενομένην
1153 3304 1424 3387 συμφοράν
1441 3302 1458 3384 )
1481 3303 1584 3383 ἐγὼ
1600 3302 1698 3378 τήν
1721 3328 1777 3363 τε
1797 3307 2027 3382 ἐμαυτοῦ

465 3395 590 3451 ναῦν
639 3390 860 3469 ἐκόμισα
907 3390 1000 3452 καὶ
1045 3391 1138 3464 τὴν
1193 3391 1546 3473 Ναυσιμάχου
1594 3398 1684 3451 τοῦ
1734 3392 2028 3474 Φαληρέως

465 3479 660 3540 ἔσωσα.
747 3482 837 3561 (ιο)
869 3480 980 3542 Καὶ
1013 3487 1178 3541 ταῦτα
1208 3482 1303 3541 οὒκ
1337 3480 1443 3539 ἀπὸ
1463 3478 1626 3560 τύχης
1655 3478 1883 3559 ἐγένετο,
1909 3482 2027 3540 ἀλλ’

467 3567 573 3628 ἀπὸ
611 3574 946 3652 παρασκευῆς
974 3574 1065 3642 τῆς
1105 3572 1252 3648 ἐμῆς·
1284 3560 1425 3649 εἶχον
1450 3568 1554 3650 γὰρ
1579 3567 1818 3649 χρήμασι
1844 3567 2031 3637 πείσας

464 3656 785 3738 κυὸερνήτην
807 3656 1049 3719 Φαντίαν
1080 3657 1293 3717 ἅπαντα
1319 3656 1408 3715 τὸν
1431 3656 1639 3737 χρόνον,
1663 3654 1719 3726 ὃς
1741 3656 1907 3717 ἐδόκει
1925 3660 2027 3716 τῶν

390 3762 446 3803 as
466 3744 737 3819 Ἑλλήνων
775 3746 982 3830 ἄριστος
1020 3737 1184 3819 εἶναι,
1221 3742 1702 3825 παρεσκευασάμην
1742 3744 1799 3805 δὲ
1835 3745 1929 3806 καὶ
1968 3745 2029 3805 τὸ

415 3832 422 3839 ’
463 3833 729 3917 πλήρωμα
756 3834 886 3918 πρὸς
909 3837 1100 3894 ἐκεῖνον
1137 3833 1228 3893 καὶ
1253 3833 1348 3905 τὴν
1382 3832 1548 3906 ἀλλην
1577 3834 1864 3917 ὑπηρεσίαν
1903 3834 2028 3894 ἀκό-

463 3924 663 3985 λουθον.
748 3921 857 3984 Καὶ
873 3926 1021 3982 ταῦθ’
1046 3920 1127 3981 ὅτι
1145 3922 1316 3993 ἀληθῆ
1333 3919 1493 4000 λέγω,
1513 3920 1704 3992 πάντες
1721 3922 2024 3997 ἐπίστασθε,

465 4010 577 4072 ὅσοι
598 4010 908 4091 ἐτυγχάνετε
931 4007 1069 4077 ὄντες
1088 4012 1196 4068 ἐκεῖ
1221 4011 1323 4067 τῶν
1349 4012 1701 4090 στρατιωτῶν.
1789 4010 2029 4072 Κάλεσον

465 4100 520 4161 δὲ
545 4099 637 4161 καὶ
665 4100 1034 4181 Ναυσίμαχον.

1075 4238 1412 4289 ΜΔΡΤΥΡῘΑ.

549 4395 615 4436 11.
658 4377 729 4436 Αἱ
759 4375 854 4454 μὲν
879 4380 1049 4435 τοίνυν
1078 4376 1327 4437 σωθεῖσαι
1351 4378 1455 4436 τῶν
1482 4380 1607 4436 νεῶν
1638 4376 1841 4437 δώδεκα
1868 4367 2023 4450 ἦσαν·

467 4462 571 4543 ἐγὼ
601 4464 645 4522 δ’
671 4466 793 4542 ὖμῒν
821 4460 913 4523 δύο
940 4463 1160 4542 ἐκόμισα
1179 4510 1198 4545 ‚
1227 4464 1323 4539 τὴν
1363 4466 1592 4544 ἐμαυτοῦ
1621 4464 1714 4525 καὶ
1744 4464 1840 4539 τὴν
1870 4466 2023 4527 Ναυ-

466 4551 700 4634 σιμάχου
730 4550 936 4635 τριήρη.

546 4641 658 4702 Καὶ
687 4638 824 4700 οὕτω
851 4638 1074 4707 πολλοὺς
1099 4639 1361 4711 κινδύνους
1383 4642 1512 4724 ὑπὲρ
1531 4645 1676 4721 ὑμῶν
1701 4640 2026 4702 κεκινδυνευ-

385 4753 439 4795 ao
465 4726 571 4798 κὼς
591 4728 680 4789 καὶ
709 4735 940 4789 τοσαῦτα
983 4729 1156 4808 ἀγαθὰ
1195 4729 1531 4812 εἰργασμένος
1571 4728 1668 4802 τὴν
1709 4729 1888 4804 πόλιν,
1914 4731 2024 4791 νυνὶ

466 4816 650 4896 δέομαι
673 4820 730 4879 οὗ
752 4817 948 4900 δωρεὰν
977 4818 1157 4899 ὥσπερ
1185 4817 1350 4899 ἕτεροι
1373 4816 1488 4877 ἀντὶ
1507 4816 1702 4877 τούτων
1722 4814 1850 4899 παρ’
1878 4821 2023 4896 ὗμῶν

464 4905 668 4985 λαὸεῐν,
697 4906 833 4967 ἀλλὰ
861 4904 934 4986 μὴ
977 4910 1289 4988 στερηθῆναι
1318 4909 1422 4966 τῶν
1448 4907 1676 4984 ἐμαυτοῦ
1698 4951 1715 4984 ,
1743 4904 2025 4984 ἡγούμενος

421 5074 430 5081 ,
464 4994 558 5056 καὶ
582 4998 703 5075 ὑμῖν
725 4994 942 5076 αἰσχρὸν
972 4985 1104 5054 εἶναι
1133 4994 1279 5075 παρά
1306 5018 1366 5054 τε
1389 4992 1593 5063 ἑκόντος
1619 4997 1746 5074 ἐμοῦ
1776 4994 1867 5055 καὶ
1894 4995 2022 5078 παρ’

469 5082 682 5152 ἄκοντος
719 5084 1031 5161 λαμὸάνειν.
1120 5083 1210 5161 (12)
1245 5078 1359 5163 ,Καὶ
1394 5083 1452 5141 οὔ
1484 5081 1726 5143 τοσοῦτόν
1760 5106 1848 5161 μοι
1876 5084 2023 5160 μέλει

467 5170 517 5231 εἴ
550 5196 616 5249 με
660 5173 738 5232 δεῖ
770 5171 837 5232 τὰ
875 5171 1000 5232 ὄντα
1045 5168 1316 5229 ἀπολέσαι·
1367 5172 1486 5231 ἀλλ’
1530 5173 1624 5231 οὐκ
1665 5168 1729 5231 ἂν
1774 5170 2022 5251 δεξαίμην

468 5259 810 5340 ὓὸρισθῆναι,
856 5258 972 5319 οὐδὲ
1017 5264 1352 5341 παραστῆναι
1391 5263 1498 5328 τοῖς
1535 5259 1885 5340 διαδυομένοις
1928 5262 2023 5331 τὰς

465 5345 786 5429 λειτουργίας
819 5347 937 5425 ἐμοὶ
959 5344 1054 5427 μὲν
1079 5346 1342 5431 ἀχάριστα
1381 5340 1511 5409 εἶναι
1536 5347 1603 5409 τὰ
1630 5352 1703 5418 εἰς
1728 5352 1862 5429 ὖμᾶς
1889 5354 2022 5425 ἀνη-

2100 771 2217 821 gum
2240 770 2383 819 agens
2400 756 2518 805 dum
2542 754 2894 818 Cephisodotus
2915 755 3021 805 erat
3038 753 3171 803 chori
3190 754 3443 815 magister,
3474 752 3593 801 vici
3612 788 3631 814 ,
3671 755 3737 801 et

2104 848 2385 909 computata
2400 844 2697 907 supellectile
2730 845 2780 893 et
2810 844 3210 893 vestimentorum
3234 840 3591 903 dedicatione,
3626 840 3739 889 im-

2104 934 2244 999 pendi
2258 933 2470 985 sedecim
2499 932 2679 994 minas3
2699 933 2751 981 et
2770 929 3132 981 Panathenaicis
3166 928 3465 991 minoribus»,
3491 928 3737 991 pyrrhi—

2100 1022 2366 1073 chistarum
2397 1020 2686 1071 imberbium
2717 1018 2950 1082 choregus
2972 1018 3155 1079 sactus„
3188 1018 3377 1080 septem
3404 1015 3598 1066 minas
3638 1016 3739 1066 in-

2104 1111 2302 1175 sumpsi.
2366 1110 2435 1173 (5)
2466 1108 2574 1161 Vici
2604 1110 2769 1159 autern
2798 1108 2851 1158 in
2880 1107 3041 1158 navali
3070 1105 3425 1157 certaminead
3444 1106 3737 1167 Sunium,

2105 1202 2301 1264 sumptu
2317 1199 2369 1249 in
2389 1198 2635 1249 triremem
2664 1198 2791 1248 facto
2821 1195 3063 1246 minarum
3084 1193 3361 1259 quindecim
3398 1213 3414 1243 ε
3450 1194 3531 1243 ad
3562 1194 3705 1245 haec
3720 1232 3741 1256 ‚

2106 1287 2201 1338 vici
2217 1288 2269 1337 in
2286 1284 2641 1348 arehitneoriis,
2656 1282 3003 1348 arrhephoriis,
3018 1284 3069 1334 et
3081 1281 3250 1333 ceteris
3272 1282 3537 1345 eimedi
3556 1298 3579 1345 ;
3604 1296 3749 1346 quai
3780 1302 3783 1325 =

2105 1375 2324 1426 victoriae
2360 1374 2481 1424 mihi
2527 1372 2847 1424 constiterunt
2884 1371 3039 1435 pluris
3077 1385 3223 1435 quam
3258 1370 3477 1434 triginta
3520 1371 3735 1421 minis.

2110 1466 2328 1522 Quarum
2346 1461 2567 1513 omnium
2582 1473 2881 1513 summarum
2892 1497 2907 1523 ,
2922 1459 2963 1511 si
2975 1459 3119 1523 iuxta
3134 1459 3251 1521 legis
3275 1458 3435 1509 verba
3465 1458 3741 1509 admini-

2108 1554 2261 1602 strare
2276 1564 2353 1601 res
2373 1550 2658 1612 voluissem,
2692 1562 2755 1601 no
2780 1549 2955 1613 quarta
2978 1546 3173 1611 quidem
3206 1560 3319 1610 pars
3346 1547 3489 1597 mihi
3532 1547 3749 1600 suiset

2111 1637 2408 1689 insumenda.
2474 1638 2542 1702 (6)
2564 1640 2653 1689 Per
2670 1637 2721 1687 id
2732 1636 2963 1701 temporis
2974 1649 3073 1699 quo
3086 1636 3295 1686 triremis
3316 1635 3739 1699 praeseeturam

2110 1728 2257 1791 gessi,
2283 1727 2401 1777 alias
2422 1740 2591 1777 omnes
2612 1738 2763 1777 naves
2796 1738 2905 1777 mea
2940 1725 3079 1775 navis
3098 1723 3443 1775 antecedebat.
3552 1726 3749 1789 cujus

2112 1814 2178 1866 rei
2198 1815 2380 1879 insigne
2397 1816 2736 1878 argumentum
2751 1813 3003 1864 adducam.
3072 1814 3291 1865 Primum
3308 1812 3455 1863 enim
3480 1814 3751 1865 Alcibia-

2112 1902 2196 1954 des
2212 1904 2384 1968 (quem
2402 1902 2600 1966 plurimi
2619 1901 2792 1953 vellem
2810 1914 3005 1953 mecum
3024 1914 3123 1952 una
3141 1914 3238 1952 non
3254 1900 3576 1966 navigasse)
3599 1904 3743 1953 mihi

2114 2004 2275 2056 neque
2302 1991 2545 2055 anticitia,
2585 2004 2746 2055 neque
2774 2003 2973 2055 genere,
3001 2003 3159 2054 neque
3188 1989 3319 2040 tribu
3348 1988 3746 2055 conjunctus,
3781 1995 3783 2030 Ι

2110 2080 2161 2130 ίιι
2180 2092 2311 2131 nave
2325 2092 2434 2131 mea
2449 2079 2730 2131 vehebatur.
2799 2080 2871 2145 (7)
2902 2080 3127 2131 Attamen
3152 2090 3241 2129 vos
3256 2090 3441 2129 omnes
3456 2079 3625 2131 scire
3660 2094 3751 2129 ar-

2110 2168 2281 2232 bitror,
2300 2169 2476 2219 ducem
2496 2169 2766 2233 exercitm,
2783 2168 2865 2219 cui
2880 2168 3046 2220 omnia
3066 2167 3301 2233 parebant
3316 2202 3333 2230 ,
3366 2180 3483 2217 non
3508 2169 3635 2219 nisi
3664 2183 3749 2220 ce·-

2111 2257 2355 2308 lerrimam
2374 2270 2547 2309 navem
2572 2258 2717 2309 ruisse
2746 2269 3151 2321 conscensurum,
3182 2268 3337 2320 qiuun
3368 2254 3479 2320 ipsi
3506 2259 3747 2321 perieu-

2110 2347 2216 2397 lum
2246 2348 2371 2398 efflet
2386 2346 2713 2399 subeundum.
2774 2346 2845 2411 (8)
2878 2347 3140 2409 Postquam
3168 2357 3286 2395 vero
3319 2344 3479 2395 illum
3526 2348 3614 2398 ab
3646 2350 3751 2399 im-

2112 2434 2245 2499 perio
2271 2435 2567 2499 exclusistis,
2590 2434 2808 2487 suffectis
2838 2434 3007 2485 decem
3028 2432 3258 2494 ducibus,
3282 2446 3525 2497 quorum
3556 2436 3623 2486 in
3644 2452 3749 2489 nu-

2112 2538 2247 2575 mero
2262 2524 2540 2589 Thrasyllus
2560 2524 2690 2586 erat,
2710 2522 2745 2573 ii
2762 2536 2932 2574 omnes
2961 2523 3013 2573 in
3029 2534 3155 2573 nave
3170 2532 3279 2571 mea
3299 2520 3427 2571 vehi
3462 2523 3751 2589 efflagita.

2112 2612 2249 2664 bant.
2313 2612 2602 2664 Conscendit
2636 2625 2782 2673 vero,
2818 2610 2987 2661 multis
3022 2608 3248 2661 conviciis
3278 2609 3421 2659 ultro
3460 2611 3747 2678 citroque

2114 2699 2309 2764 habitis,
2332 2700 2666 2751 Archestratus
2686 2698 3016 2750 Phrearrhius.
3044 2702 3153 2758 Quo
3168 2697 3405 2748 defuncto
3418 2700 3749 2767 Mytilenis,

2116 2801 2212 2838 una
2228 2802 2421 2840 mecum
2450 2788 2692 2852 navigavit
2713 2786 2999 2838 Erasinides.
3066 2787 3127 2837 At
3161 2786 3289 2835 enim
3306 2798 3507 2837 navem
3546 2789 3641 2839 ita
3664 2792 3751 2841 in-

2114 2877 2351 2927 structam
2376 2877 2545 2940 quanti
2558 2875 2829 2927 constitisse
2848 2874 3176 2926 arbitremini?
3202 2874 3417 2938 quantas
3436 2876 3749 2930 calamita-

2113 2966 2187 3015 tes
2202 2964 2420 3017 hostibus
2434 3003 2450 3030 ,
2469 2966 2677 3029 quantas
2710 2964 2985 3027 reipublicae
3020 2961 3393 3013 commoditates
3432 2966 3747 3020 attulisse?

2117 3054 2189 3117 (9)
2208 3053 2361 3118 Cujus
2374 3054 2444 3104 rei
2459 3054 2727 3104 maximum
2747 3052 2841 3104 erit
2851 3052 3083 3103 indicium
3101 3071 3115 3103 ι
3133 3064 3245 3101 nam
3260 3051 3314 3101 in
3330 3064 3521 3117 pugna
3536 3060 3749 3109 nav-nn

2115 3141 2375 3193 novissima
2404 3142 2489 3191 ubi
2510 3154 2662 3193 naves
2684 3140 2998 3205 interierunt,
3016 3139 3153 3190 nullo
3173 3152 3236 3191 ex
3252 3138 3473 3192 ducibus
3492 3156 3747 3197 mecum

2114 3228 2371 3293 navigante
2388 3229 2475 3294 (ut
2492 3229 2543 3280 id
2560 3243 2659 3279 non
2676 3230 2861 3281 taceam
2875 3229 2895 3293 )
2908 3264 2923 3291 ,
2938 3242 3039 3293 quo
3052 3230 3265 3293 tempore
3277 3228 3435 3279 etiam
3450 3234 3757 3293 praerectis
3781 3244 3783 3249 ·

2114 3316 2385 3368 triremium
2402 3316 2467 3367 ob
2485 3318 2735 3382 acceptam
2752 3317 2942 3369 cladem
2960 3318 3170 3381 graviter
3186 3318 3583 3372 succensemus
3594 3360 3617 3387 ‚
3644 3338 3751 3389 ego

2116 3406 2167 3456 et
2182 3418 2340 3457 meam
2358 3405 2505 3470 ipsius
2516 3418 2690 3456 navem
2711 3405 3003 3457 incolumem
3020 3404 3195 3457 reduxi
3206 3441 3222 3468 ,
3247 3406 3299 3455 et
3314 3405 3555 3458 alteram
3570 3448 3595 3474 ,
3618 3426 3753 3477 φη

2116 3492 2423 3545 Nausimachi
2446 3495 2552 3545 erat
2574 3494 2787 3545 Phalerei
2801 3530 2820 3556 ,
2840 3493 3045 3545 servavi.
3111 3493 3211 3557 (ιο)
3246 3495 3426 3557 Neque
3458 3494 3601 3549 hmo
3628 3501 3749 3552 sor-

2117 3582 2245 3633 tuito
2268 3583 2563 3646 evenerunt,
2584 3582 2671 3633 sed
2690 3582 2891 3633 consilio
2914 3594 3041 3633 meo.
3108 3585 3277 3646 Magna
3298 3580 3439 3633 enim
3468 3590 3753 3643 mer-ceth

2118 3671 2412 3735 conductus,
2446 3672 2554 3722 toto
2572 3670 2691 3721 belli
2712 3672 2935 3735 tempore
2952 3708 2968 3735 ,
3000 3684 3177 3721 navem
3200 3682 3359 3721 meam
3376 3672 3751 3734 guber-nabat

2118 3758 2371 3823 Phantias,
2394 3758 2479 3823 qni
2504 3758 2629 3811 inter
2649 3756 2865 3812 Graecos
2879 3760 3147 3810 habebatur
3169 3758 3377 3810 nauticae
3400 3760 3479 3812 rei
3498 3767 3751 3826 peritis.

2116 3848 2283 3901 simus,
2348 3850 2580 3900 Ceterum
2617 3852 2780 3900 autem
2817 3851 3101 3914 apparatum
3118 3887 3135 3915 ,
3182 3851 3353 3901 nautas
3387 3852 3446 3902 et
3486 3858 3751 3922 remiges

2114 3931 2265 3983 habui
2308 3931 2617 3996 gubernatori
2656 3934 2986 3996 congruentes.
3075 3934 3237 3997 Atque
3276 3932 3388 3984 haec
3428 3947 3578 3989 vera
3618 3955 3751 3993 ense
3781 3966 3783 3969 -

2115 4022 2399 4087 cognoscitis
2413 4036 2503 4073 vos
2531 4021 2617 4086 qui
2632 4021 2733 4073 illic
2754 4021 2806 4071 in
2824 4034 3027 4072 numero
3045 4021 3257 4073 militum
3274 4020 3516 4075 adfuistis
3532 4042 3557 4089 ς
3596 4032 3749 4084 mihi

2112 4112 2277 4164 tamen
2300 4122 2416 4163 voca
2440 4110 2834 4163 Nausimachum.

2671 4253 3123 4298 TnsTmomtm.

2182 4398 2255 4443 ti.
2306 4393 2464 4443 Naves
2502 4393 2649 4457 igitur
2710 4396 2914 4445 servatoe
2968 4394 3105 4445 erant
3146 4393 3401 4445 duodecim
3415 4412 3434 4460 ;
3478 4412 3737 4462 quum„

2114 4479 2234 4532 duas
2268 4494 2357 4545 ego
2392 4480 2529 4532 vobis
2557 4480 2757 4545 reduxi,
2781 4495 2940 4533 meam
2980 4482 3148 4545 ntique
3172 4483 3223 4532 et
3254 4482 3593 4539 Nau-simachi
3636 4494 3739 4545 tri.
3781 4534 3783 4537 .

2114 4584 2311 4621 remem.

2172 4660 2332 4725 Atque
2352 4674 2439 4725 ego
2467 4660 2542 4711 tot
2570 4660 2803 4725 perlculis
2828 4674 2917 4725 pro
2942 4660 3103 4711 vestra
3128 4660 3285 4712 salute
3300 4658 3602 4719 defunctus
3642 4674 3727 4737 et,

2113 4762 2255 4814 toties
2272 4762 2394 4815 bene
2410 4764 2613 4815 meritus
2638 4762 2701 4813 de
2722 4762 2995 4829 republica,
3021 4762 3165 4813 hodie
3185 4774 3274 4827 pro
3298 4762 3373 4813 his
3390 4778 3523 4829 rogo
3542 4804 3567 4831 ,
3590 4784 3741 4837 nou,

2111 4866 2521 4933 quemadmodum
2556 4868 2701 4919 ceteri
2716 4904 2733 4931 ,
2774 4868 2833 4918 ut
2862 4868 3115 4932 praemium
3142 4865 3343 4931 aliquod
3362 4880 3397 4917 a
3434 4872 3609 4926 vobis
3636 4892 3733 4940 η-

2112 4973 2299 5036 portem
2311 5009 2327 5036 ,
2346 4972 2431 5023 sed
2450 4984 2513 5023 ne
2532 4985 2613 5023 me
2632 4970 2837 5023 fortunis
2851 4971 2972 5022 meis
2988 4969 3290 5034 despolietis3
3310 4972 3453 5023 ratus
3482 4972 3543 5025 id
3564 4981 3743 5034 vohis

2110 5070 2254 5133 turpe
2270 5082 2400 5133 esse,
2423 5070 2464 5119 si
2481 5082 2511 5119 a
2526 5080 2607 5119 me
2631 5068 2681 5118 et
2697 5068 2845 5132 gratis
2864 5069 2915 5119 et
2934 5068 3130 5131 ingratis
3149 5068 3393 5118 auferatis.
3472 5070 3519 5134 (1
3532 5076 3597 5137 2)
3620 5080 3743 5133 Nec

2108 5179 2189 5217 me
2204 5164 2325 5217 adeo
2342 5167 2506 5217 movet
2523 5178 2687 5217 rerum
2700 5177 2919 5217 mearum
2926 5163 3118 5228 iactura
3132 5180 3149 5227 ;
3163 5162 3247 5215 sed
3259 5176 3387 5227 aegre
3400 5164 3615 5223 ferrem
3644 5188 3741 5227 me

2108 5262 2367 5327 ignominia
2386 5262 2539 5329 attici3
2559 5276 2719 5329 neque
2735 5276 2845 5315 eam
2864 5260 3011 5315 velim
3038 5275 3143 5313 esse
3171 5259 3459 5325 opinionem
3500 5268 3590 5319 eis
3634 5276 3737 5337 qui

2110 5360 2303 5424 publica
2320 5362 2485 5413 munia
2498 5360 2741 5415 declinare
2757 5362 2940 5428 solent,
2964 5358 3149 5412 nullam
3172 5358 3359 5413 sczilicet
3374 5362 3509 5416 mihi
3527 5364 3733 5423 haberi
