3825 5842
903 496 930 517 ς
953 448 1354 510 ISOCRATIS
1396 448 1681 510 ORATIO
1719 450 1822 511 'DE
1863 450 2495 514 PERMUTATIONE.

155 584 306 666 Ὁρῶν
333 580 430 663 γὰρ
471 582 606 659 ὑμᾶς
649 579 858 647 τούτους
895 579 1079 659 μόνους
1117 580 1307 662 ἄνδρας
1346 580 1676 658 νομίζοντας,

150 672 248 739 τοὺς
269 673 591 737 ἀπειλοῦντας
615 669 708 730 καὶ
736 668 854 737 τοὺς
877 668 1224 751 ἕκφοὸοῦντας
1243 670 1337 739 τὰς
1376 670 1539 737 ἄλλας
1573 668 1648 729 πό
1653 704 1675 715 -

149 761 236 827 λεις
258 759 340 818 καὶ
373 756 486 825 τοὺς
515 755 599 816 ἀεί
634 780 686 817 τι
718 756 1112 838 νεωτερίζοντας
1136 761 1188 817 ἐν
1220 758 1326 826 τοῖς
1349 757 1672 838 συμμάχοις,

147 850 226 907 οὐκ
245 847 612 919 ἐπηκολούθησε
630 856 746 914 ταῖς
777 844 1052 927 ὑμετέραις
1078 844 1314 926 γνώμαις
1332 850 1356 920 ,¹
1379 848 1485 906 οὐδ’
1515 846 1688 919 {ficut

80 956 98 991 5
145 936 258 1007 λήθη
283 936 514 1016 βλάπτων
545 933 640 1007 τὴν
659 935 808 994 πόλιν
833 937 1144 1014 εὐδοκιμεῖν,
1170 935 1308 995 ἀλλὰ
1331 935 1467 995 τοῦτ’
1497 938 1671 1017 ἐφιλο-

149 1024 272 1105 σόφει
292 1023 376 1083 καὶ
405 1023 541 1083 τοῦτ’
569 1021 842 1102 ἔπραττεν,
879 1022 1022 1091 ὅπως
1055 1023 1288 1102 μηδεμία
1319 1028 1422 1082 τῶν
1467 1023 1668 1083 πόλεων

147 1112 278 1171 αὐτὸν
300 1110 580 1194 φοὸήσεται
603 1114 709 1169 τῶν
745 1109 1090 1185 Ἑλληνίδων,
1123 1112 1263 1170 ἀλλὰ
1285 1120 1452 1170 πᾶσαι
1475 1110 1670 1194 θαρρή-

146 1222 272 1259 σουσι
295 1198 425 1272 πλὴν
447 1204 552 1259 τῶν
578 1200 882 1259 ἅδικουσῶν.
968 1201 1086 1279 (122)
1115 1198 1413 1260 Ἢπίστατο
1429 1198 1530 1281 γὰρ
1558 1200 1675 1267 τούς

145 1312 194 1347 τε
231 1288 438 1357 δεδιότας
465 1286 548 1347 δτι
589 1294 798 1367 μισοῦσι
841 1289 904 1348 δι’
947 1289 1033 1357 οὓς
1069 1287 1133 1348 ἂν
1173 1295 1326 1350 τοῦτο
1365 1286 1674 1356 πεπονθότες

89 1398 126 1439 ιο
145 1376 438 1457 τυγχάνωσι,
469 1376 568 1449 τήν
609 1400 667 1436 τε
694 1376 846 1437 πόλιν
874 1376 960 1436 διὸ.
989 1377 1083 1456 μὲν
1105 1376 1202 1451 τὴν
1241 1376 1414 1460 φιλίαν
1442 1376 1537 1450 τὴν
1571 1382 1672 1436 τῶν

146 1464 292 1526 ἄλλων
305 1464 770 1544 εὐδαιμονεστάτην
791 1464 883 1525 καὶ
908 1465 1158 1545 μεγίστην
1181 1466 1484 1545 γενομένην,
1507 1465 1594 1525 διὰ
1617 1463 1672 1525 δὲ

144 1552 194 1612 τὸ
219 1562 354 1631 μῖσος
390 1552 576 1635 μικρὸν
609 1555 970 1614 ἀπολιποῦσαν
1015 1560 1107 1614 τοῦ
1149 1553 1223 1632 μὴ
1263 1554 1378 1620 ταῖς
1418 1552 1668 1634 ἐσχάταις

145 1650 399 1723 συμφοραῖς
447 1642 769 1723 περιπεσεῖν.
865 1632 974 1703 ῗΩν
1029 1642 1403 1723 ἐνθυμούμενος
1456 1645 1523 1722 τῇ
1575 1641 1670 1719 μὲν

145 1730 330 1807 δυνάμει
363 1734 426 1809 τῇ
458 1734 558 1803 τῆς
579 1729 782 1797 πόλεως
805 1729 925 1799 τοὺς
949 1730 1231 1809 πολεμίους
1265 1728 1669 1811 κατεστρέφετο,

85 1835 122 1873 1⁵
141 1821 203 1897 τῷ
222 1820 262 1877 δ’
285 1818 481 1899 ἤθειτῷ
509 1822 673 1878 αὑτοῦ
700 1818 796 1891 τὴν
819 1817 1024 1879 ἐὔνοιαν
1053 1818 1148 1892 τὴν
1177 1823 1279 1879 τῶν
1309 1818 1484 1878 ἄλλων
1504 1840 1667 1899 προσ-

143 1904 300 1985 ήγετο,
338 1907 560 1985 νομίζων
610 1914 766 1968 τοῦτο
807 1906 1158 1990 στρατήγημα
1198 1912 1370 1987 μεῖζον
1406 1898 1536 1967 εἶναι
1580 1906 1670 1966 καὶ

143 1994 326 2053 κάλλιον
350 1993 384 2067 ἢ
410 1994 614 2064 πολλὰς
656 1996 832 2064 πόλεις
876 1998 1010 2055 ἑλεῖν
1046 1996 1137 2056 καὶ
1178 1994 1428 2063 πολλάκις
1455 2000 1668 2068 νικῆσαι

145 2082 424 2160 μαχόμενος.
491 2080 611 2166 (123)
635 2081 796 2145 Οὕτω
816 2084 861 2142 δ’
881 2082 1164 2153 ἐσπούδαζε
1185 2084 1306 2167 περὶ
1324 2082 1385 2144 τὸ
1409 2082 1670 2161 μηδεμίαν

142 2174 226 2230 τῶν
257 2170 445 2231 πόλεων
474 2172 614 2251 μηδὲ
655 2171 846 2251 μικρὰν
887 2173 1113 2255 ὖποψίαν
1144 2174 1265 2255 περὶ
1304 2174 1463 2233 αὐτοῦ
1491 2172 1670 2233 λαὸεῖν

83 2278 122 2315 20
143 2262 198 2325 ὡς
219 2260 622 2330 ἐπιδουλεύοντος
636 2306 654 2335 ,
686 2259 814 2320 ὥσθ’
838 2261 993 2321 ὁπότε
1017 2260 1202 2341 μέλλοι
1227 2261 1342 2321 τινὰ
1372 2262 1668 2343 παραπλεῖν

139 2348 226 2405 τῶν
255 2346 322 2425 μὴ
357 2348 450 2416 τὰς
492 2349 758 2421 συντάξεις
797 2352 1062 2425 διδουσῶν,
1087 2350 1302 2433 πέμψας
1351 2351 1670 2433 προηγόρευε

141 2443 228 2502 τοῖς
253 2436 506 2518 ἄρχουσιν,
531 2436 624 2497 ἵνα
643 2438 718 2517 μὴ
741 2438 845 2521 πρὸ
865 2444 969 2499 τῶν
991 2439 1218 2519 λιμένων
1241 2438 1480 2517 ἐξαίφνης
1505 2438 1672 2522 ὀφθεὶς

144 2524 204 2589 εἷς
232 2522 428 2603 θόρυὸον
454 2524 550 2585 καὶ
583 2526 822 2607 ταραχὴν
848 2525 1034 2593 αὖτοὺς
1065 2525 1463 2598 καταστήσειεν.
1553 2528 1667 2605 (124)

141 2612 197 2671 Ei
215 2610 264 2670 δὲ
279 2612 416 2693 τύχοι
429 2615 798 2696 καθορμισθεὶς
817 2614 946 2696 πρὸς
959 2612 1052 2687 τὴν
1071 2612 1276 2695 χώραν,
1307 2616 1400 2673 οὐκ
1424 2614 1487 2674 ἂν
1510 2616 1670 2691 ἐφῆκε

83 2718 123 2759 ει
143 2704 230 2767 τοῖς
263 2702 596 2783 στρατιώταις
635 2702 888 2783 ἁρπάζειν
934 2703 1026 2762 καὶ
1053 2703 1293 2762 κλέπτειν
1341 2704 1432 2763 καὶ
1464 2706 1671 2786 πορθεῖν

140 2786 217 2856 τὰς
245 2789 422 2863 οἰκίας,
449 2790 592 2852 ἀλλὰ
632 2789 890 2863 τοσαύτην
921 2781 1058 2872 εἶχεν
1087 2790 1392 2868 ἐπιμέλειαν
1424 2790 1553 2871 ὑπὲρ
1581 2798 1670 2850 τοῦ

143 2876 279 2952 μηδὲν
301 2876 562 2957 γίγνεσθαι
606 2884 861 2956 τοιοῦτον,
905 2876 1034 2951 ὅσην
1066 2901 1165 2960 περ
1201 2882 1248 2938 οἱ
1278 2878 1528 2937 δεσπόται
1563 2882 1672 2938 τῶν

141 2965 428 3043 χρημάτων·
457 2969 517 3027 οὗ
549 2965 653 3048 γὰρ
683 2965 852 3048 τούτῳ
893 2976 1141 3049 προσεῖχε
1166 2965 1254 3025 τὸν
1279 2972 1417 3039 νοῦν,
1451 2964 1590 3035 ὅπως
1613 2968 1672 3025 ἐκ

141 3054 226 3109 τῶν
241 3054 466 3113 τοιούτων
488 3054 645 3123 αὐτὸς
669 3056 1001 3133 εὐδοκιμήσει
1018 3054 1165 3137 παρὰ
1185 3059 1292 3123 τοῖς
1310 3051 1671 3136 στρατιώταις,

83 3158 122 3197 ³0
143 3139 240 3199 ἀλλ’
261 3138 391 3210 ὅπως
409 3147 446 3215 ἡ
467 3141 623 3210 πόλις
641 3140 789 3224 παρὰ
815 3146 920 3211 τοῖς
939 3139 1222 3217 Ἕλλησιν.
1309 3144 1424 3223 (125)
1450 3142 1592 3223 Πρὸς
1617 3141 1672 3201 δὲ

141 3225 308 3295 τούτοις
349 3230 440 3296 τὰς
487 3228 836 3310 δοριαλώτους
884 3234 987 3290 τῶν
1036 3230 1240 3290 πόλεων
1293 3228 1431 3289 οὕτω
1490 3231 1673 3312 πράως

141 3312 290 3396 διῴκει
313 3316 400 3376 καὶ
423 3316 688 3397 νομίμως,
707 3322 779 3386 ὡς
816 3318 980 3386 οὐδεὶς
1004 3319 1160 3387 ἄλλος
1186 3317 1281 3387 τὰς
1306 3318 1672 3399 συμμαχίδας,

141 3401 417 3479 ἡγούμενος,
441 3406 488 3464 εἰ
510 3410 741 3473 τοιοῦτος
781 3403 854 3464 ὢν
883 3406 1114 3488 φαίνοιτο
1145 3406 1266 3487 περὶ
1293 3404 1410 3473 τοὺς
1435 3405 1673 3483 πολεμή-

141 3509 332 3565 σαντας,
357 3490 452 3563 τὴν
493 3492 754 3571 μεγίστην
774 3492 948 3553 πίστιν
983 3492 1192 3554 ἔσεσθαι
1222 3492 1460 3561 δεδωκὼς
1493 3497 1563 3560 ὡς
1585 3495 1672 3552 οὗ·

77 3595 118 3636 ³5
144 3575 290 3637 δέποτ’
316 3578 378 3640 ἂν
403 3580 526 3662 περί
549 3605 610 3660 γε
638 3581 757 3650 τοὺς
791 3582 979 3651 ἄλλους
996 3582 1304 3664 ἐξαμαρτεῖν
1341 3581 1670 3659 τολμήσειεν.

143 3662 246 3745 (m)
270 3668 546 3749 Τοιγάρτοι
578 3667 664 3728 διὰ
685 3668 781 3741 τὴν
809 3668 960 3739 δόξαν
986 3668 1080 3742 τὴν
1109 3672 1168 3729 ἐκ
1194 3668 1390 3729 τούτων
1429 3669 1673 3748 γιγνομέ-

140 3774 218 3823 νην
229 3756 408 3815 πολλαὶ
434 3761 543 3817 τῶν
566 3756 768 3817 πόλεων
787 3762 891 3817 τῶν
908 3758 1036 3838 πρὸς
1064 3762 1200 3835 ὑμᾶς
1230 3758 1491 3825 δυσκόλως
1520 3761 1672 3839 ἐχου-

143 3842 231 3899 σῶν
260 3845 714 3923 ἀναπεπταμέναις
760 3846 914 3906 αὐτὸν
949 3847 1192 3927 ἐδέχοντο
1219 3856 1332 3915 ταῖς
1371 3846 1560 3914 πύλαις
1577 3870 1591 3885 ·
1623 3850 1676 3906 ἐν

142 3918 208 3995 αἷς
243 3932 420 4001 ἐκεῖνος
455 3934 707 4011 οὐδεμίαν
746 3933 984 4015 ταραχὴν
1027 3933 1299 4008 ἐποίησεν,
1351 3937 1468 3994 ἀλλ’
1498 3934 1675 4017 ὥσπερ

84 4035 125 4075 ιο
141 4018 414 4097 οἰκουμένας
446 4021 614 4089 αὐτὲις
640 4021 812 4082 εἰσιὼν
847 4022 1158 4097 κατέλαὸεν,
1203 4021 1367 4091 οὕτως
1396 4023 1542 4093 ἐξιὼν
1577 4048 1676 4083 κα-

139 4104 362 4170 τέλειπεν.
445 4112 562 4189 (127)
595 4112 890 4193 Κεφάλαιον
911 4112 964 4171 δὲ
979 4114 1188 4171 πάντων
1207 4110 1430 4171 τούτων·
1456 4114 1678 4190 εἰθισμέ-

141 4216 223 4250 νων
249 4194 344 4276 γὰρ
368 4197 457 4257 τὸν
494 4198 653 4258 ἄλλον
691 4199 876 4280 χρόνον
911 4202 1120 4261 πολλῶν
1148 4199 1415 4280 γίγνεσθαι
1441 4200 1532 4260 καὶ
1569 4202 1677 4261 δει-

142 4283 224 4338 νῶν
258 4286 308 4341 ἐν
328 4294 432 4352 τοῖς
455 4284 738 4360 Ἕλλησιν,
767 4287 854 4345 ἐπὶ
889 4292 983 4358 τῆς
1021 4286 1217 4347 ἐκείνου
1253 4287 1566 4368 στρατηγίας
1593 4291 1681 4347 οὗ·

145 4364 230 4434 ἒεὶς
261 4368 320 4429 ἂν
351 4372 456 4431 οὔτ’
481 4372 793 4442 ἀναστάσεις
839 4372 978 4455 εὕροι
1006 4374 1357 4455 γεγενημένας
1383 4374 1500 4435 οὔτε
1528 4378 1678 4435 πολι-

85 4478 122 4518 ts
141 4460 265 4515 τειῶν
315 4460 612 4537 μεταὸολὰς
651 4459 770 4521 οὗτε
828 4461 1030 4544 σφαγὰς
1071 4462 1162 4522 καὶ
1207 4461 1372 4543 φυγὰς
1413 4462 1520 4522 οὔτ’
1565 4463 1681 4523 ἄλλ’

141 4544 262 4603 οὐδὲν
286 4552 385 4606 τῶν
411 4554 594 4610 κακῶν
619 4554 723 4609 τῶν
747 4549 1068 4623 ἀνηκέστων,
1101 4553 1219 4611 ἀλλ’
1252 4550 1414 4619 οὕτως
1429 4555 1484 4611 αἱ
1503 4559 1678 4612 τοιαῦ·

139 4651 212 4689 ται
235 4638 488 4718 συμφοραὶ
527 4637 648 4696 κατ’
671 4639 862 4697 ἐκεῖνον
891 4637 979 4697 τὸν
999 4638 1188 4718 χρόνον
1217 4638 1514 4719 ἕλώφησαν,
1545 4638 1679 4698 ὥστε

145 4717 271 4791 μόνος
307 4712 377 4780 ὧν
418 4729 576 4803 ἡμεῖς
609 4725 1001 4803 μνημονεύομεν
1032 4724 1348 4804 ἀνέγκλητον
1389 4725 1486 4799 τὴν
1525 4728 1678 4787 πόλιν

141 4808 228 4873 τοῖς
249 4806 474 4883 Ἕλλησι
491 4810 749 4891 παρέσχε.
771 4812 890 4891 (128)
926 4812 1116 4873 Καίτοι
1139 4810 1244 4893 χρὴ
1265 4814 1554 4895 στρατηγὸν
1576 4813 1683 4896 ἄρι-

80 4917 118 4953 ν)
143 4914 243 4952 στον
263 4897 482 4972 νομίζειν
502 4902 600 4957 οὐκ
621 4898 768 4967 εἴτις
789 4910 886 4981 μιᾷ
907 4900 1042 4979 τύχῃ
1067 4902 1375 4973 τηλικοῦτόν
1397 4925 1450 4959 τι
1477 4904 1679 4983 κατώρ·

143 4983 278 5041 θωσεν
302 4983 480 5067 ὥσπερ
505 4986 838 5067 Λύσανδρος,
868 4989 895 5048 ὃ
923 4988 1108 5068 μηδενὶ
1130 4993 1234 5048 τῶν
1265 4988 1438 5047 ἄλλων
1467 4992 1684 5071 διαπρά-

143 5066 298 5133 ξασθαι
322 5074 684 5151 συμὸἑὸηκεν,
710 5076 826 5134 ἀλλ’
853 5074 994 5143 ὅστις
1022 5077 1111 5135 ἐπὶ
1133 5079 1340 5136 πολλῶν
1371 5078 1462 5136 καὶ
1485 5102 1683 5139 παντο-

145 5154 298 5216 δαπῶν
325 5160 416 5219 καὶ
456 5162 725 5222 δυσκόλων
761 5163 1089 5243 πραγμάτων
1125 5166 1286 5245 ὀρθῶς
1327 5165 1409 5223 ἀεὶ
1439 5166 1683 5233 πράττων

3210 470 3323 521 217

1767 593 1932 648 Quum
1952 590 2080 640 enim
2098 604 2185 641 vos
2204 590 2389 642 videret
2405 604 2491 642 eos
2512 592 2847 645 tantummodo
2868 586 3001 647 'viros
3020 597 3195 649 habere
3208 634 3223 661 ,
3246 599 3329 663 qui

1763 689 1868 740 aliis
1891 689 2223 742 minitarentur
2244 696 2521 757 ceterasque
2542 694 2763 745 civitates
2790 698 3050 761 terrerent,
3072 699 3250 762 quique
3282 699 3331 749 in

1763 791 1904 841 sociis
1944 804 2132 856 semper
2150 792 2262 842 novi
2285 792 2403 857 quid
2440 793 2743 857 molirentur,
2777 798 2951 847 vestrae
2981 798 3193 861 opinioni
3229 811 3327 847 non

1763 886 2025 938 obsecutus
2056 894 2157 951 est,
2188 904 2343 954 neque
2368 903 2480 941 cum
2516 891 2787 956 reipublicae
2820 894 3109 946 detrimento
3130 897 3326 960 gloriam

1772 988 2002 1050 consequi
2014 988 2182 1051 voluit,
2202 988 2287 1039 sed
2302 988 2393 1039 hoc
2411 990 2673 1041 meditatus
2684 996 2759 1042 est
2775 993 3077 1058 curavitque,
3096 1001 3153 1045 ut
3164 999 3331 1046 Groeca

1765 1084 1880 1134 urbs
1901 1086 2033 1135 nulla
2050 1100 2163 1137 eum
2186 1090 2449 1151 metueret,
2463 1090 2549 1141 sed
2574 1105 2741 1143 omnes
2762 1092 2889 1144 bono
2910 1099 3073 1146 essent
3092 1098 3253 1147 animo
3270 1097 3331 1148 iis

1761 1188 1974 1250 exceptis
2006 1201 2117 1251 qum
2150 1188 2373 1251 injuriam
2396 1191 2623 1243 iacerent.
2689 1194 2818 1257 (122)
2844 1198 3007 1260 Neque
3030 1199 3157 1249 enim
3180 1200 3320 1264 igno-

1761 1284 1926 1347 rabat,
1955 1288 2039 1350 qui
2064 1292 2355 1350 metuerent,
2376 1305 2459 1343 eos
2480 1292 2592 1344 odio
2629 1294 2825 1358 flagrare
2847 1296 3075 1350 adversus
3104 1314 3189 1353 eos
3238 1318 3325 1369 per

1761 1394 1884 1445 quos
1907 1384 1956 1431 in
1980 1396 2087 1434 eam
2108 1385 2253 1436 animi
2276 1386 2578 1444 affectionem
2616 1394 2810 1446 adducti
2845 1406 3032 1464 essent,
3058 1404 3323 1469 urbemque
3392 1450 3403 1463 .

1763 1494 1874 1543 quae
1914 1486 2115 1537 aliarum
2144 1488 2475 1542 benevolentia
2505 1495 2867 1557 opulentissima
2888 1504 2937 1551 et
2960 1502 3170 1554 maxima
3204 1504 3332 1559 sacta

1761 1590 1916 1650 esset,
1948 1587 2060 1637 odio
2082 1602 2178 1638 uon
2202 1591 2408 1641 multum
2438 1594 2650 1647 abfuisse
2686 1598 2802 1660 quin
2841 1599 2891 1649 iu
2917 1603 3159 1654 extremos
3187 1618 3331 1657 casus

1761 1684 2004 1735 incideret.
2024 1687 2216 1745 Quibus
2240 1690 2494 1754 reputatis,
2525 1694 2675 1757 copiis
2709 1696 2983 1761 reipublicae
3005 1701 3169 1754 hostes
3189 1705 3327 1757 sube-

1759 1786 1856 1849 git,
1896 1798 1985 1836 sua
2023 1787 2319 1840 humanitate
2346 1790 2639 1843 voluntatem
2671 1794 2873 1847 aliorum
2908 1798 3003 1849 sibi
3031 1802 3328 1870 conciliavit,

1761 1882 1920 1943 majus
1956 1883 2298 1950 pulchriusque
2338 1887 2518 1939 iactum
2565 1892 2923 1957 imperatorium
2968 1898 3019 1949 id
3053 1913 3159 1952 esse
3198 1908 3331 1954 ratus

1761 1993 1910 2043 quam
1938 1982 2118 2033 multas
2140 1986 2286 2035 urbes
2324 1988 2508 2050 cepisse
2546 1992 2809 2056 pugnisque
2840 2008 2969 2060 saepe
2996 1998 3219 2051 victorias
3253 2017 3328 2054 re-

1764 2084 1999 2143 portasse.
2065 2084 2195 2147 (123)
2230 2085 2367 2137 Adeo
2386 2101 2501 2139 vero
2528 2090 2715 2142 studuit
2733 2096 2883 2146 nevel
2904 2098 2991 2147 uni
3012 2098 3119 2149 urbi
3143 2102 3218 2152 vel
3240 2104 3332 2153 mi-

1758 2180 1943 2251 nimam
1978 2183 2300 2247 suspicionem
2335 2186 2613 2239 insidiarum
2652 2193 2918 2257 praeberet,
2961 2202 3015 2246 ut
3054 2200 3096 2249 si
3138 2202 3332 2265 quando

1763 2278 1998 2331 adversus
2020 2282 2167 2333 ullam
2204 2285 2476 2350 civitatem,
2512 2302 2623 2351 quae
2651 2291 2831 2343 tributa
2863 2308 2959 2346 nou
2994 2301 3329 2365 pependisset,

1760 2380 1965 2430 navibus
1994 2388 2123 2432 esset
2149 2384 2426 2447 soluturus,
2463 2390 2623 2440 missis
2662 2392 2848 2442 nunciis
2886 2392 2933 2443 id
2968 2396 3326 2457 magistratibus

1764 2478 2071 2543 iudicaverit,
2091 2495 2153 2533 ne
2184 2488 2297 2534 aute
2321 2488 2489 2547 portus
2506 2487 2669 2539 subito
2686 2496 2971 2557 conspectus
2988 2495 3037 2545 in
3067 2498 3328 2549 tumultum

1762 2578 1812 2625 et
1846 2578 2208 2641 trepidationem
2235 2594 2319 2632 eos
2346 2585 2615 2647 conjiceret.
2682 2590 2810 2655 (12⁴)
2849 2596 3006 2656 Atque
3038 2596 3120 2645 ubi
3150 2597 3211 2647 ad
3253 2611 3329 2649 re-

1761 2673 1949 2736 gionem
1989 2676 2139 2727 classe
2180 2680 2397 2744 appulit,
2434 2695 2529 2733 non
2566 2686 2781 2748 permisit
2814 2690 3049 2742 militibus
3092 2698 3146 2743 ut
3184 2695 3332 2749 libere

1762 2776 1953 2837 praedas
1984 2782 2176 2840 agerent
2214 2784 2265 2831 et
2300 2782 2570 2834 furarentur
2610 2786 2874 2854 domosque
2909 2796 3210 2860 everterent,
3248 2799 3332 2849 sed

1761 2882 1894 2931 tanta
1920 2895 2033 2932 cura
2054 2884 2180 2933 eavit
2201 2897 2263 2936 ne
2282 2886 2375 2937 tale
2394 2889 2512 2951 quid
2534 2888 2693 2952 fieret,
2712 2899 2893 2957 quanta
2916 2895 3009 2959 ipsi
3028 2911 3331 2961 possessores

1761 2982 2055 3036 divitiarum.
2117 2988 2285 3052 Neque
2322 2990 2450 3040 enim
2482 3004 2571 3041 sua
2610 2997 2799 3045 tantum
2830 2996 3061 3049 interesse
3092 3000 3330 3061 iudicavit

1766 3086 1820 3132 ut
1840 3082 1930 3133 hac
1948 3084 2199 3149 disciplina
2218 3088 2393 3140 bonam
2418 3090 2594 3143 samam
2617 3094 2742 3158 apud
2767 3096 2945 3148 milites
2969 3100 3329 3168 adipisceretur,

1763 3186 1847 3235 sed
1873 3187 1989 3238 urbs
2010 3189 2155 3239 etiam
2182 3196 2236 3241 ut
2258 3192 2389 3256 apud
2416 3198 2609 3246 Graecos
2642 3197 2987 3255 iuclaresceret.
3050 3205 3181 3270 (125)
3206 3210 3331 3259 Prae·
3438 3260 3447 3270 ,

1761 3291 1892 3341 terea
1918 3291 2059 3341 urbes
2086 3292 2211 3345 bello
2246 3298 2409 3360 captas
2432 3299 2531 3347 tam
2550 3299 2658 3351 miti
2678 3302 2855 3365 animo,
2886 3306 2984 3355 tam
3006 3306 3141 3368 juste
3164 3310 3334 3361 tracta-

1763 3396 1858 3458 vit,
1891 3400 1948 3447 ut
1974 3412 2119 3451 nemo
2131 3400 2255 3452 alius
2276 3401 2526 3456 soederatas
2543 3442 2558 3468 ‚
2585 3406 2673 3457 hac
2690 3410 2925 3461 sententia
2943 3413 3146 3477 ductus,
3169 3416 3211 3466 si
3231 3421 3331 3468 tan·

1762 3505 1861 3549 tam
1891 3502 2191 3554 clementiam
2213 3506 2504 3559 ostendisset
2538 3510 2823 3574 rebellibus,
2854 3515 2955 3566 sore
2986 3523 3040 3567 ut
3073 3521 3334 3573 maximum

1763 3604 2104 3659 documentum
2118 3610 2253 3662 daret
2273 3626 2327 3664 se
2348 3627 2592 3680 nunquam
2611 3618 2729 3669 alios
2746 3634 2853 3671 esse
2870 3622 3169 3677 violaturum.
3194 3629 3325 3694 (126)

1764 3714 1999 3771 Quocirca
2021 3717 2186 3767 multas
2208 3718 2350 3770 urbes
2397 3735 2509 3785 quae
2544 3723 2699 3775 alieno
2736 3738 2765 3775 a
2802 3728 2939 3778 vobis
2974 3730 3135 3779 animo
3169 3740 3335 3795 erant,

1763 3822 1956 3881 propter
1975 3819 2151 3870 famam
2170 3822 2298 3872 illius
2326 3824 2470 3875 rebus
2492 3827 2639 3889 gestis
2655 3828 2959 3893 impetratam
2981 3836 3159 3895 apertis
3183 3840 3335 3899 portis

1765 3935 1876 3973 eum
1903 3930 2235 3987 susceperunt,
2256 3940 2413 3990 neque
2436 3930 2516 3981 ille
2532 3932 2795 3997 quidquam
2822 3936 2953 3987 iniis
2976 3940 3131 3991 turbae
3153 3942 3331 3993 excita-

1768 4026 1860 4087 vit,
1885 4026 1972 4076 sed
2000 4030 2053 4077 ut
2093 4040 2175 4078 eas
2213 4029 2483 4093 ingrediens
2518 4036 2805 4087 constitutas
2840 4046 3106 4106 repererat,
3143 4044 3211 4094 ita
3252 4060 3335 4096 eas

1765 4131 2013 4192 egrediens
2035 4134 2243 4197 reliquit.
2311 4137 2442 4201 (1²7)
2482 4144 2699 4199 Quorum
2728 4144 2943 4195 omnium
2978 4160 3225 4201 summum
3260 4156 3335 4205 est

1766 4236 1925 4300 quod,
1965 4252 2114 4301 quum
2138 4240 2326 4304 reliquo
2341 4245 2559 4307 tempore
2578 4248 2743 4299 multae
2759 4262 3022 4317 gravesque
3038 4255 3335 4310 calamitates

1770 4341 1948 4391 Grae-cis
1966 4343 2179 4395 accidere
2200 4346 2436 4409 solerent,
2462 4349 2545 4400 illo
2564 4352 2847 4415 imperatore
2865 4370 3009 4407 nemo
3027 4373 3183 4425 neque
3208 4364 3335 4414 sedi-

1769 4444 1921 4495 tiones
1945 4446 2095 4497 t'actas
2129 4463 2288 4513 neque
2328 4452 2578 4504 civitatum
2610 4456 2967 4513 immutationes
2994 4478 3149 4529 neque
3182 4470 3337 4522 caedes

1769 4563 1924 4613 neque
1946 4552 2087 4602 exilia
2113 4567 2270 4619 neque
2289 4557 2419 4607 aliud
2458 4559 2609 4609 ullum
2636 4576 2699 4612 ex
2734 4566 3031 4627 gravioribus
3056 4574 3191 4623 malis
3218 4576 3336 4637 iuci-

1769 4653 1898 4705 disse
1915 4656 2143 4719 reperiat:
2164 4673 2275 4721 quae
2296 4661 2455 4713 clades
2474 4665 2557 4714 illo
2576 4670 2791 4731 tempore
2808 4669 2927 4721 adeo
2949 4675 3258 4741 quieverunt,
3284 4685 3339 4732 ut

1770 4761 1902 4810 solus
1945 4764 2161 4814 omnium
2197 4772 2361 4817 nostra
2404 4772 2632 4822 memoria
2680 4773 2849 4826 urbem
2901 4784 3118 4831 nostram
3156 4783 3337 4836 invidia

1773 4862 2025 4913 liberatam
2054 4866 2236 4917 Groecis
2267 4872 2557 4933 praestiterit.
2627 4876 2757 4941 (128)
2776 4880 2921 4943 Atqui
2938 4895 3034 4931 non
3062 4883 3103 4933 is
3125 4887 3338 4948 optimus

1772 4966 2020 5017 habendus
2060 4976 2134 5021 est
2171 4972 2447 5037 imperator,
2483 4979 2524 5027 si
2557 4979 2666 5041 quis
2702 4993 2795 5031 uno
2820 4981 3022 5037 l'ortunoe
3063 4988 3243 5055 favore,
3282 4999 3333 5045 ut

1772 5074 2032 5137 Lysander,
2058 5078 2291 5140 ejusmodi
2325 5094 2427 5131 rem
2451 5094 2673 5145 prospere
2696 5085 2920 5149 gesserit,
2941 5090 3099 5151 qualis
3120 5094 3237 5144 nulli
3255 5096 3335 5146 alii

1772 5178 2051 5243 contigeritg
2080 5182 2166 5233 sed
2196 5182 2239 5233 is
2274 5184 2357 5248 qui
2388 5185 2441 5235 in
2472 5186 2637 5237 multis
2666 5200 2723 5237 ac
2757 5189 2903 5241 variis
2923 5192 2973 5244 et
2993 5195 3175 5260 asperis
3192 5200 3334 5251 rebus
