3825 5842
132 519 369 599 [ns-ssu)

1082 511 1343 582 LYSIAE,
1374 511 1499 582 ΟΒ.
1546 511 1694 571 PRO
1734 511 1982 575 SACRA
2027 514 2250 586 QLEA.

3141 523 3174 598 =1
3183 523 3259 602 ,25

72 675 103 711 ιε
126 652 291 730 κέρδους
312 647 453 706 ἕνεκα
486 649 689 705 ποιοῦσι
704 667 717 682 ·
756 643 848 703 καὶ
874 646 1008 720 ὑμᾶς
1045 641 1176 708 εἰκὸς
1216 641 1353 701 οὕτω
1392 642 1621 714 σκοπεῖν,
1709 653 2064 716 aggrediuntur.
2083 656 2142 704 Et
2161 665 2246 704 vos
2259 653 2397 704 decet
2419 653 2486 702 lta
2505 661 2608 702 rem
2623 651 2939 715 considerare,
2963 651 3273 726 adversarios·

116 736 303 803 καὶτοὺς
318 735 594 801 ἀντιδίκους
614 737 673 792 ἐκ
688 733 883 791 τούτων
901 729 992 797 τὰς
1008 729 1323 810 κατηγορίας
1343 734 1619 806 ποιεῖσθαι,
1709 753 1807 804 que
1822 741 1936 792 inde
1963 741 2317 793 accusationem
2347 742 2620 804 instituere,
2641 739 2941 791 declarantes
2975 755 3038 790 cx
3067 740 3275 792 admisso

118 825 445 906 ἀποφαίνοντας
482 821 589 894 ἥτις
629 819 855 902 ὠφέλεια
896 827 1002 886 τοῖς
1040 817 1350 888 ἀδικήσασιν
1400 816 1623 896 ἐγένετο.

120 917 189 990 (14)
213 903 363 978 Οὗτος
401 909 573 988 μέντοι
600 911 695 970 οὔκ
722 907 784 968 διν
814 907 926 988 ἔχοι
970 905 1237 974 ἀποδεῖξαι
1271 903 1379 964 οὗθ’
1418 909 1486 972 ὡς
1526 903 1627 963 ὑπὸ

118 999 259 1064 πενίας
280 997 604 1077 ἠναγκάσθην
636 994 882 1062 τοιούτοις
905 993 1070 1075 ἔργοις
1098 996 1396 1073 ἐπιχειρεῖν,
1425 990 1535 1051 οὔθ’
1558 994 1627 1058 ὣς

116 1086 162 1144 τὸ
192 1085 359 1166 χωρίον
389 1108 475 1163 μοι
513 1085 597 1142 δια
638 1083 860 1165 θείρεται
886 1088 977 1142 τοῦ
1006 1087 1168 1154 σηκοῦ
1214 1079 1386 1153 ὄντος,
1412 1078 1519 1138 οὔθ’
1559 1081 1629 1146 ὣς

116 1175 327 1250 ἀμπέλοις
352 1171 591 1250 ἐμποδὼν
602 1108 700 1247 ῗῆν,
743 1171 847 1230 οὗθ’
886 1173 955 1238 ὡς
994 1169 1158 1237 οἰκίας
1199 1167 1380 1248 ἐγγύς,
1417 1166 1525 1226 οὔθ’
1560 1170 1630 1234 ὥς

60 1275 99 1314 ιο
118 1259 199 1337 ἐγὼ
226 1259 418 1340 ἄπειρος
444 1263 548 1318 τῶν
593 1259 717 1340 παρ’
767 1261 891 1336 ὑμῖν
932 1255 1204 1334 κινδύνων,
1248 1255 1298 1314 εἴ
1340 1279 1393 1314 τι
1436 1254 1629 1316 τούτων

114 1349 348 1428 ἔπραττον.
384 1345 592 1414 Πολλὰς
614 1345 715 1427 γὰρ
743 1345 807 1406 διν
834 1344 925 1405 καὶ
949 1345 1181 1424 μεγάλας
1209 1345 1420 1423 ἐμαυτιῖι
1445 1342 1632 1421 ζημίας

114 1435 349 1514 γενομένας
374 1435 728 1516 ἀποφήναιμι·
754 1433 845 1514 (ιε)
868 1432 924 1500 ὃς
948 1436 1155 1514 πρῶτον
1174 1430 1269 1510 μὲν
1294 1431 1407 1508 μεθ’
1430 1429 1631 1509 ἡμέραν

114 1521 345 1590 ἐξέκοπτον
367 1523 453 1582 τὸν
490 1521 679 1598 σηκόν,
720 1519 899 1602 ὥσπερ
946 1522 1005 1578 οὗ
1044 1519 1245 1586 πάντας
1286 1519 1461 1577 λαθεῖν
1498 1517 1631 1589 δέον,

116 1611 226 1669 ἀλλὰ
246 1611 429 1680 πάντας
456 1609 755 1682 Ἀθηναίους
789 1608 1003 1669 εἰδέναι.
1088 1607 1196 1668 Καὶ
1224 1608 1269 1664 εί
1294 1604 1389 1682 μὲν
1418 1603 1632 1685 αἰσχρὸν

112 1689 163 1769 ἦν
188 1699 323 1776 μόνον
342 1699 399 1757 τὸ
420 1706 675 1780 πρᾶγμα,
705 1696 831 1764 ἴσως
854 1694 917 1754 ἄν
938 1717 1017 1762 τις
1044 1698 1147 1754 τῶν
1172 1694 1466 1774 παριόντων
1493 1691 1635 1769 ἠμέ-

110 1787 239 1854 λησε·
272 1791 356 1843 νῦν
388 1784 433 1842 δ’
475 1787 537 1843 οὐ
584 1781 707 1863 περὶ
743 1781 993 1862 αἰσχύνης
1006 1827 1023 1856 ,
1078 1781 1215 1840 ἀλλὰ
1258 1783 1351 1850 τῆς
1391 1778 1638 1858 μεγίστης

116 1872 273 1948 ζημίας
298 1871 627 1932 ἐκινδύνευον.
690 1869 784 1952 (ιε)
814 1872 940 1936 Πῶς
963 1869 1007 1928 δ’
1030 1871 1124 1928 οὗκ
1150 1867 1215 1927 ἂν
1236 1859 1299 1940 ἦν
1325 1867 1638 1931 ἀθλιώτατος

54 1975 91 2015 ιε
114 1957 359 2038 ἀνθρώπων
382 1957 651 2031 ἁπάντων,
674 1960 721 2016 εἰ
756 1955 873 2024 τοὺς
904 1959 1134 2034 ἐμαυτοῦ
1166 1953 1483 2036 θεράποντας
1526 1975 1635 2030 μη-

112 2046 205 2104 κέτι
227 2047 415 2114 δούλους
436 2046 661 2124 ἔμελλον
688 2044 843 2122 ἕξειν,
870 2044 1011 2103 ἀλλὰ
1046 2041 1300 2109 δεσπότας
1338 2041 1434 2100 τὸν
1457 2039 1635 2100 λοιπὸν

116 2133 221 2210 βίον,
234 2139 443 2193 τοιοῦτον
465 2133 619 2214 ἔργον
640 2132 965 2205 συνειδότας,
988 2128 1124 2190 ὥστε
1146 2133 1191 2190 εἰ
1213 2128 1393 2189 καὶτὰ
1417 2127 1639 2208 μέγιστα

114 2224 169 2286 εἰς
188 2219 267 2296 ἐμὲ
289 2219 657 2302 ἐξημάρτανον,
678 2221 775 2279 οὔκ
805 2217 867 2278 ἂν
893 2210 999 2277 οἶόν
1034 2240 1093 2277 τε
1128 2209 1193 2292 ἦν
1232 2216 1381 2289 δίκην
1414 2239 1481 2293 με
1510 2238 1587 2274 πα
1622 2214 1637 2236 ’

114 2309 255 2366 αὐτῶν
279 2309 585 2386 λαμὸάνειν·
607 2299 665 2366 εὖ
682 2305 785 2386 γὰρ
808 2305 872 2366 ἂν
902 2305 1089 2380 εἰδείην
1116 2304 1199 2364 ὅτι
1224 2305 1309 2364 ἐπ’
1341 2305 1553 2370 ἐκείνοις
1576 2237 1639 2376 ἦν

115 2393 189 2451 καὶ
210 2394 289 2472 ἐμὲ
314 2395 715 2477 τιμωρήσασθαι
732 2393 827 2453 καὶ
846 2395 1018 2461 αὐτοῖς
1041 2392 1333 2470 μηνύσασιν
1362 2390 1642 2472 ἐλευθέροις

114 2481 337 2558 γενέσθαι.
412 2483 505 2564 (17)
519 2481 653 2544 Ἔτι
674 2483 843 2542 τοίνυν
864 2484 913 2540 εἰ
932 2483 1035 2540 τῶν
1056 2483 1269 2542 οἰκετῶν
1287 2479 1525 2561 παρέστη
1550 2503 1639 2556 μοι

118 2569 249 2644 μηδὲν
268 2571 557 2652 φροντίζειν,
592 2574 705 2638 πῶς
731 2569 795 2630 ἂν
814 2569 1083 2648 ἐτόλμησα
1100 2567 1357 2629 τοσούτων
1378 2571 1640 2645 μεμισθω-

56 2677 95 2714 ιιι
118 2656 257 2732 μένων
295 2660 384 2719 καὶ
432 2659 689 2718 ἁπάντων
736 2656 1043 2717 συνειδότων
1084 2657 1333 2739 ἀφανίσαι
1370 2655 1459 2714 τὸν
1488 2653 1644 2727 σηκὸν

118 2747 307 2825 βραχέος
345 2747 437 2826 μὲν
476 2747 701 2828 κέρδους
725 2746 877 2805 ἕνεκα
893 2790 911 2823 ,
960 2744 1277 2823 προθεσμίας
1312 2745 1367 2803 δὲ
1406 2745 1646 2821 οὐδεμιᾶς

116 2831 245 2902 οὔσης
266 2838 335 2916 τῷ
354 2834 613 2915 κινδύνῳ,
642 2843 748 2901 τοῖς
774 2831 1125 2914 εἰργασμένοις
1148 2831 1317 2892 ἅπασι
1349 2831 1411 2890 τὸ
1450 2829 1643 2912 χωρίον

114 2920 271 2994 ὁμοίως
304 2927 565 3000 προσῆκον
607 2913 739 2983 εἶναι
776 2925 911 3003 σῷον
948 2920 1036 2980 τὸν
1066 2920 1249 2994 σηκόν,
1274 2919 1339 2979 ἵν’
1371 2918 1419 2979 εί
1442 2943 1519 2987 τις
1552 2920 1646 2978 αὖ·

114 3005 205 3074 τοὺς
222 3011 421 3087 ᾐτιᾶτο,
452 3001 605 3091 εἶχον
641 3011 931 3088 ἀνενεγκεῖν
968 3007 1073 3089 ὅτῳ
1098 3006 1423 3087 παρέδοσαν;
1450 3009 1563 3068 N'ssv
1592 3005 1649 3066 δὲ

115 3095 185 3152 καὶ
203 3099 284 3172 ἐμὲ
302 3099 661 3165 ἀπολύσαντες
684 3095 952 3178 φαίνονται
967 3141 987 3172 ,
1006 3095 1098 3154 καὶ
1118 3104 1249 3176 σφᾶς
1268 3092 1451 3162 αὐτούς
1464 3137 1481 3167 ,
1501 3093 1647 3172 εἴπερ

119 3183 389 3263 ψεύδονται,
413 3186 677 3268 μετόχους
703 3189 797 3257 τῆς
818 3185 986 3252 αἰτίας
1010 3183 1364 3249 καθιστάντες.
1452 3182 1543 3264 (18)
1579 3184 1650 3243 Et

54 3271 253 3335 ιιοτοίνυν
282 3275 368 3332 καὶ
394 3281 565 3334 ταῦτα
628 3272 1133 3355 παρεσκευασάμην,
1156 3275 1267 3338 πῶς
1295 3270 1357 3330 ἂν
1385 3261 1489 3337 οἶός
1510 3270 1559 3328 τ’
1584 3262 1648 3342 ἦν

118 3359 281 3428 πάντας
316 3363 493 3422 πεῖσαι
537 3361 665 3428 τοὺς
690 3359 997 3441 παριόντας,
1028 3357 1065 3430 ἢ
1088 3357 1205 3426 τοὺς
1230 3357 1491 3437 γείτονας,
1515 3357 1567 3418 οἳ
1591 3360 1650 3416 οὗ

118 3445 239 3520 μόνον
260 3448 493 3521 ἀλλήλων
516 3451 677 3510 ταῦτ’
700 3447 873 3507 ἴσασιν
896 3447 931 3506 ἃ
951 3457 1112 3506 πᾶσιν
1134 3451 1258 3528 δρᾶν
1277 3445 1489 3518 ἔξεστιν,
1512 3445 1649 3504 ἀλλὰ

116 3533 187 3590 καὶ
210 3537 319 3616 περὶ
346 3528 417 3595 ὧν
450 3535 917 3620 ἀποκρυπτόμεθα
944 3532 1143 3613 μηδένα
1170 3533 1391 3611 εἰδέναι,
1412 3533 1503 3594 καὶ
1530 3533 1651 3614 περὶ

117 3621 288 3681 ἐκείνων
310 3624 663 3686 πυνθάνονται
682 3647 701 3702 3
724 3623 881 3702 Ἐμοὶ
900 3623 1069 3682 τοίνυν
1088 3620 1286 3681 τούτων
1304 3624 1352 3682 οἳ
1374 3621 1470 3699 μὲν
1495 3620 1652 3702 φίλοι,

118 3709 153 3764 οἱ
172 3709 219 3766 δὲ
239 3712 457 3793 διάφοροι
480 3713 609 3795 περὶ
638 3715 747 3771 τῶν
766 3713 907 3788 ἐμῶν
931 3709 1277 3790 τυγχάνωσιν
1308 3707 1479 3776 ὄντες·
1556 3710 1649 3790 (ιν)

78 3818 97 3855 ε
120 3795 185 3864 οὓς
206 3799 351 3878 ἐχρῆν
372 3805 557 3860 τοῦτον
578 3797 955 3882 παρασχέσθαι
972 3798 1268 3879 μάρτυρας,
1288 3797 1380 3855 καὶ
1402 3794 1477 3874 μὴ
1498 3796 1653 3872 μόνον

120 3883 228 3943 οὕτω
247 3888 499 3968 τολμηρὰς
526 3885 853 3966 κατηγορίας
878 3891 1161 3946 ποιεῖσθαι·
1184 3884 1239 3953 ὅς
1267 3907 1425 3965 φησιν
1453 3887 1523 3951 ὣς
1552 3881 1655 3963 ἐγὼ

122 3973 195 4049 μὲν
224 3977 609 4058 παρειστήκειν,
648 3979 701 4035 οἱ
725 3976 769 4035 δ’
794 3975 991 4036 οἰκέται
1024 3973 1287 4052 ἐξέτεμνον
1312 3971 1379 4031 τδι
1417 3971 1654 4054 πρέμνα,

124 4064 393 4138 ἀναθέμενος
411 4065 467 4124 δὲ
491 4069 521 4124 ὁ
553 4061 825 4142 βοηλάτης
849 4061 1017 4146 ᾤχετο
1040 4061 1257 4141 ἀπάγων
1281 4058 1350 4119 τὰ
1377 4058 1526 4129 ξύλα.
1564 4057 1653 4141 (20)

124 4150 293 4226 Καίτοι,
315 4143 357 4212 ὦ
374 4152 666 4234 Νικόμαχε
679 4197 697 4226 ,
721 4155 855 4232 χρῆν
876 4173 935 4209 σε
951 4149 1069 4208 τότε
1088 4147 1179 4208 καὶ
1195 4149 1521 4228 παρακαλεῖν
1542 4147 1657 4214 τοὺς

122 4240 359 4316 παριόντας
380 4242 663 4322 μάρτυρας
682 4284 701 4316 ,
725 4239 817 4299 καὶ
840 4237 1057 4320 φανερὸν
1099 4237 1263 4298 ποιεῖν
1304 4235 1365 4294 τὸ
1402 4245 1626 4316 πρᾶγμα
1643 4261 1655 4272 ·

126 4324 191 4379 καὶ
226 4329 331 4404 ἐμοὶ
356 4329 451 4406 μὲν
488 4327 747 4406 οὐδεμίαν
786 4325 850 4386 ἂν
885 4325 1173 4402 ἀπολογίαν
1205 4321 1477 4398 ὓπέλιπες,
1508 4321 1659 4391 αὐτὸς

82 4429 111 4464 ιιι
125 4413 179 4483 δέ,
192 4417 229 4470 εἰ
250 4414 338 4492 μέν
356 4440 437 4476 σοι
456 4415 649 4495 ἐχθρὸς
672 4405 755 4487 ἦν,
785 4415 837 4473 ἐν
861 4413 1029 4494 τούτῳ
1054 4415 1131 4494 τῷ
1157 4401 1487 4491 τρόπῳῆσθα
1504 4409 1568 4468 ἄν
1587 4433 1656 4484 με

126 4502 499 4583 τετιμωρημένος
511 4547 530 4577 ,
552 4501 679 4560 εἰδὲ
697 4506 789 4574 τῆς
808 4501 1009 4568 πόλεως
1023 4498 1175 4559 ἕνεκα
1194 4496 1469 4580 ἔπραττες,
1498 4497 1659 4566 οὕτως

128 4585 344 4666 ἐξελέγξας
380 4595 473 4651 οὔκ
518 4591 587 4650 ἂν
618 4588 815 4657 ἐδόκεις
850 4580 983 4648 εἶναι
1010 4586 1363 4668 συκοφάντης,
1392 4585 1482 4670 (21)
1519 4587 1566 4644 εἷ
1602 4586 1656 4645 δὲ

98 4703 105 4708 ·
131 4677 367 4751 κερδαίνειν
400 4679 629 4738 ἐδούλου
645 4724 667 4756 ,
693 4677 799 4738 τότ’
826 4675 891 4736 ἂν
918 4678 1161 4736 πλεῖστον
1203 4673 1412 4741 ἔλαόες·
1437 4679 1657 4755 φανεροῦ

131 4759 205 4842 γὰρ
226 4763 355 4834 όντος
385 4772 477 4826 τοῦ
514 4764 836 4848 πράγματος
862 4764 1107 4844 οὐδεμίαν
1132 4761 1296 4835 ἄλλην
1321 4761 1559 4842 ἡγούμην
1594 4759 1657 4820 ἂν

134 4839 235 4906 εἶναί
262 4877 343 4928 μοι
371 4853 642 4936 σωτηρίαν
662 4853 701 4925 ἢ
718 4853 779 4912 σὲ
798 4861 995 4912 πεῖσαι.
1082 4853 1133 4912 Τ
1134 4849 1297 4910 ούτων
1314 4849 1482 4909 τοίνυν
1512 4850 1657 4909 οῦδὲν

138 4937 315 5008 ποιήσας
338 4941 423 5001 διὰ
440 4942 567 5010 τοὺς
590 4939 717 5009 σοὺς
742 4939 924 5018 λόγους
948 4939 1107 5010 ἀξιοῖς
1129 4962 1197 5018 με
1218 4936 1519 5010 ἀπολέσθαι,
1558 4936 1650 4996 καὶ

142 5031 391 5108 Ιιἐτ-ιπορεῖς
427 5032 499 5096 ὣς
544 5027 659 5086 ὑπὸ
697 5031 789 5104 τῆς
820 5029 948 5106 ἐμῆς
984 5026 1251 5104 δυνάμεως
1276 5023 1492 5086 καὶτῶν
1516 5028 1657 5104 ἐμῶν

92 5121 129 5160 ¹³
144 5114 377 5189 χρημάτων
392 5116 562 5185 οὐδεὶς
582 5113 753 5176 ἐθέλει
771 5138 853 5175 σοι
868 5115 1165 5196 μαρτυρεῖν.
1198 5112 1287 5194 (22)
1304 5113 1493 5176 Καίτοι
1506 5115 1553 5174 εἰ
1566 5112 1660 5195 φή·
1693 5173 1695 5178 .

150 5214 225 5260 ⁶2<
242 5205 283 5272 μ’
300 5205 415 5264 ἰδεῖν
433 5203 533 5276 τὴν
554 5201 749 5284 μορίαν
768 5203 1079 5284 ἀφανίζοντα
1096 5199 1213 5270 τοὺς
1230 5201 1378 5261 ἐννέα
1404 5199 1659 5283 ἄρχοντας

150 5279 357 5368 ἐπήγαγες
390 5289 429 5367 ἢ
472 5291 675 5360 ἄλλους
710 5288 850 5360 τινὰς
886 5294 991 5350 τῶν
1028 5289 1081 5360 ἐξ
1107 5287 1303 5372 Ἀρείου
1330 5287 1537 5371 πάγου,
1566 5289 1661 5348 οὐκ

1713 827 1890 879 delicto
1914 839 2144 893 quaensm
2161 831 2345 880 utilitas
2361 829 2592 880 evenerit.
2661 828 2758 892 (14)
2777 832 2890 879 Jam
2926 829 3016 879 iste
3052 829 3174 880 illud
3195 829 3277 880 de·

1712 921 1980 970 monstrare
2005 921 2198 984 nequit,
2217 931 2374 982 neque
2393 931 2474 969 me
2492 918 2653 982 inopia
2677 919 2902 968 eoactum
2929 930 3030 969 esse
3055 918 3152 968 tale
3185 918 3276 967 ali-

1714 1005 1833 1070 quid
1852 1007 2038 1071 moliri,
2059 1019 2218 1070 neque
2237 1019 2386 1057 sacrm
2411 1006 2531 1056 oleae
2547 1007 2778 1055 truncum
2800 1003 2878 1055 vel
2905 1004 3055 1055 fundo
3081 1018 3276 1067 nocere,

1716 1094 1795 1144 vel
1820 1094 2002 1145 vitibus
2025 1095 2219 1158 obesse,
2243 1093 2320 1144 vel
2335 1093 2521 1144 edibus
2537 1094 2680 1144 luisse
2696 1093 2910 1143 vicinum
2927 1130 2942 1154 ,
2962 1106 3050 1142 nec
3070 1091 3278 1156 denique

1716 1195 1796 1234 me
1808 1185 2014 1234 inscium
2030 1197 2131 1234 esse
2145 1183 2458 1234 futuroruma
2475 1182 2616 1232 vobis
2626 1181 2971 1246 periculorum,
2991 1181 3032 1232 si
3048 1181 3162 1245 quid
3181 1181 3278 1230 tsle

1717 1271 1936 1334 egissem.
1955 1272 2166 1336 ipsemet
2181 1271 2308 1322 enim
2339 1284 2428 1334 ego
2449 1271 2618 1320 contra
2637 1270 2813 1320 multas
2835 1269 2952 1319 mibi
2974 1269 3140 1319 videor
3167 1282 3278 1332 pro·

1718 1359 1843 1410 ferre
1881 1371 2024 1423 posse
2065 1372 2362 1422 magnasque
2407 1371 2590 1421 noxas,
2633 1371 2756 1421 quas
2790 1357 2909 1407 milii
2945 1361 3281 1425 contracturus

1720 1448 1934 1500 fuissem.
2001 1449 2100 1510 (15)
2128 1450 2324 1506 Quanta
2345 1447 2510 1496 fuisset
2527 1459 2633 1496 mea
2651 1446 2860 1508 insanis,
2877 1445 2959 1509 qui
2977 1443 3186 1508 primum
3207 1445 3280 1494 in-

1720 1535 1877 1586 terdiu
1912 1537 2144 1586 &uncum
2184 1533 2496 1596 succiderim,
2537 1534 2674 1596 quasi
2705 1545 2804 1583 uon
2841 1545 2964 1596 opus
2997 1534 3162 1582 luisset
3189 1533 3282 1602 hoe

1721 1637 1888 1674 omnes
1904 1625 2081 1686 latere,
2108 1622 2194 1674 sed
2219 1623 2406 1674 cunctis
2435 1622 2802 1673 Atheniensibus
2817 1623 2976 1686 palam
2997 1623 3132 1672 lieri?
3155 1626 3282 1673 Tum

1721 1711 1763 1762 si
1790 1712 1946 1775 turpis
1965 1711 2203 1762 duntaxat
2227 1711 2392 1762 fuisset
2413 1725 2514 1772 res,
2549 1709 2942 1774 praetereimtium
2979 1711 3138 1761 forsan
3161 1724 3288 1760 unus

1725 1800 1801 1850 vel
1818 1800 1940 1850 alter
1953 1811 2058 1850 esm
2069 1799 2378 1862 neglexisset3
2393 1811 2562 1850 verum
2575 1801 2737 1850 nonin
2751 1799 3153 1860 dedecorismodo
3168 1835 3184 1862 ,
3201 1797 3283 1849 sed

1724 1887 1776 1936 in
1792 1887 2056 1950 gravissimi
2074 1885 2236 1937 damni
2263 1887 2532 1950 perieulum
2561 1886 2851 1938 adducebar.
2880 1887 2978 1951 (¹6)
3003 1890 3098 1948 Qut
3121 1889 3286 1937 autem

1724 1987 1824 2025 non
1840 1974 2037 2025 missem
2054 1975 2274 2025 omnium
2295 1973 2628 2036 stultissimus,
2651 1975 2692 2024 si
2719 1974 2926 2025 ramulos
2943 1987 3077 2025 moos
3093 1987 3288 2038 compa-

1726 2075 1903 2112 rassem
1929 2061 2140 2125 nonium
2155 2061 2364 2126 amplius
2387 2062 2506 2112 mibi
2529 2073 2695 2112 servos
2715 2061 2932 2125 futuros,
2955 2061 3038 2112 sed
3069 2062 3289 2112 dominos

1728 2167 1813 2218 per
1836 2155 2077 2218 reliquam
2091 2155 2240 2206 vitam
2255 2191 2270 2217 ,
2289 2155 2568 2221 hujusmodi
2585 2153 2810 2206 facinoris
2827 2154 3078 2206 conscios?
3093 2154 3215 2205 adeo
3232 2157 3289 2206 ut

1726 2246 2212 2310 sigi-avissimainme
2223 2248 2525 2310 peccassent,
2549 2247 2706 2298 nullas
2730 2248 3072 2311 tamenpoenas
3089 2247 3208 2298 mihi
3226 2247 3290 2298 ab

1728 2342 1786 2392 iis
1798 2345 2014 2406 repetere
2022 2343 2249 2407 licu'nset‚
2261 2344 2496 2408 siquidem
2504 2343 2656 2408 probe
2663 2356 2892 2394 noveram
2905 2357 3051 2408 penes
3069 2343 3177 2394 illos
3189 2356 3292 2395 esse

1726 2432 2058 2486 denuntiando
2091 2437 2142 2485 et
2175 2448 2256 2485 me
2281 2434 2448 2486 ulcisci
2473 2436 2524 2487 et
2543 2436 2672 2500 ipsos
2695 2437 2873 2487 liberos
2901 2433 3022 2486 lieri.
3089 2436 3189 2498 (17)
3217 2435 3293 2486 Ad

1730 2526 1861 2589 liaec,
1880 2528 1922 2576 si
1943 2527 1994 2576 in
2022 2528 2184 2578 aninlo
2207 2527 2520 2600 instituissem
2549 2527 2756 2579 famulos
2789 2511 2924 2579 meos
2951 2527 3074 2578 nihil
3107 2526 3290 2590 vereri,

1732 2635 1830 2684 quo
1848 2623 1990 2683 pacto
2003 2621 2196 2672 inissem
2219 2635 2394 2684 ausus,
2421 2635 2536 2686 agro
2552 2624 2628 2673 tot
2645 2619 2919 2672 bominibus
2931 2622 3118 2673 elocato
3134 2623 3293 2686 iisque

1732 2712 1955 2763 omnibus
1976 2727 2078 2763 rem
2097 2713 2391 2778 perspectam
2410 2712 2698 2764 habentibus
2709 2750 2725 2776 ,
2751 2713 2981 2763 truncum
2997 2714 3294 2778 exscindere,

1732 2813 1816 2863 spe
1864 2801 2027 2864 exigui
2065 2801 2190 2852 lucri
2204 2842 2219 2866 ‚
2263 2802 2574 2866 periculoque
2610 2800 2756 2851 nullis
2795 2799 3029 2852 limitibus
3067 2803 3297 2866 temporis

1734 2887 2098 2953 circumscripto
2112 2927 2128 2953 ,
2147 2904 2300 2954 quum
2329 2889 2545 2954 priorum
2563 2889 2734 2953 ntique
2765 2890 3051 2940 colonorum
3081 2891 3297 2941 omnium

1734 2982 1912 3044 pariter
1933 2981 2182 3033 interesset
2197 3021 2212 3047 ,
2227 2983 2416 3033 salvum
2434 2995 2536 3033 esse
2555 2985 2781 3032 truncum
2793 3019 2809 3045 ,
2823 2983 2878 3031 ut
2895 2981 2936 3031 si
2951 2983 3062 3045 quis
3081 2995 3296 3048 unquam

1736 3069 1863 3133 ipsos
1898 3071 2171 3134 incusaret,
2205 3071 2269 3120 sd
2300 3083 2413 3122 eum
2449 3085 2502 3122 se
2535 3073 2729 3135 possent
2762 3071 2938 3122 referre
2977 3073 3054 3122 cui
3088 3073 3297 3126 tradide-

1738 3164 1879 3213 rant?
1916 3166 2028 3214 Jam
2057 3176 2176 3214 vero
2209 3162 2280 3213 illi
2316 3177 2394 3214 me
2425 3162 2681 3214 absolvunt
2705 3163 2894 3226 palam,
2913 3177 3060 3227 seque
3087 3165 3238 3229 ipsos,
3259 3168 3298 3218 si

1738 3252 2050 3316 mentiantur,
2069 3252 2118 3302 in
2135 3253 2290 3318 culpoe
2304 3255 2690 3305 communionem
2707 3255 2924 3305 trabunt.
2992 3255 3090 3320 (18)
3118 3239 3298 3316 Quodsi

1738 3349 1787 3397 et
1821 3345 1911 3396 bos
1951 3345 2210 3396 subornavi
2224 3382 2240 3408 ,
2281 3345 2526 3410 quomodo
2567 3348 2914 3410 praetereuntes
2949 3361 3118 3399 omnes
3161 3350 3299 3412 potui

1738 3437 1898 3488 verbis
1914 3437 2168 3498 seducere,
2187 3437 2266 3487 vel
2287 3437 2470 3487 vicinos
2487 3437 2572 3501 qui
2588 3451 2687 3487 non
2701 3439 2856 3489 solum
2873 3451 2928 3488 ea
2942 3437 3003 3489 de
3019 3453 3072 3490 se
3093 3437 3299 3492 invicem

1740 3529 2010 3592 intelligunt
2045 3541 2156 3592 quae
2198 3528 2421 3579 omnibus
2455 3529 2620 3580 videre
2657 3531 2758 3594 est,
2795 3544 2966 3581 verum
3011 3531 3156 3582 etiam
3192 3545 3301 3596 quae

1740 3633 1937 3684 operam
1955 3619 2132 3672 damus
2152 3623 2206 3672 ut
2225 3599 2406 3672 nemini
2434 3621 2688 3673 suboleant
2701 3659 2718 3686 ,
2742 3635 2798 3672 ea
2832 3623 2935 3685 ipsa
2969 3623 3300 3674 sciscitantur?

1744 3717 1931 3764 Horum
1952 3715 2032 3764 alii
2057 3714 2177 3766 meis
2209 3714 2351 3766 rebus
2372 3717 2488 3766 sunt
2505 3715 2779 3778 amiciores,
2811 3715 2891 3765 alii
2917 3719 3088 3767 contra
3111 3717 3299 3779 inresti;

1742 3803 1841 3870 (19)
1856 3817 1978 3870 quos
1995 3806 2206 3870 oportuit
2223 3807 2397 3857 barum
2417 3820 2576 3857 rerum
2591 3807 2846 3859 adduxisse
2859 3808 3022 3871 testes,
3045 3821 3205 3872 neque
3224 3823 3300 3860 so-

1742 3896 1992 3948 lummodo
2005 3897 2332 3950 accusationes
2344 3898 2578 3949 adornare
2590 3898 2710 3949 adeo
2723 3900 3018 3950 temerarias.
3035 3900 3154 3950 Nem
3159 3915 3222 3962 pe
3233 3901 3301 3951 ait

1744 4004 1823 4042 me
1838 3992 2044 4042 astitisse
2054 4029 2070 4054 ,
2087 3992 2294 4042 ramulos
2310 3992 2510 4055 stirpem
2526 3990 2802 4054 succidisse,
2819 3993 2969 4056 atque
2983 3991 3110 4056 ligna
3124 3993 3300 4044 deinde

1742 4083 1893 4133 boum
1929 4086 2139 4134 actorem
2177 4083 2390 4147 plaustro
2419 4083 2642 4146 imposita
2676 4084 2912 4133 evexisse.
2975 4083 3076 4147 (20)
3119 4085 3298 4149 Atqui,

1745 4179 2038 4230 Nicomache
2052 4215 2068 4242 ,
2095 4178 2350 4240 oportebat
2379 4180 2430 4227 te
2452 4190 2515 4227 ex
2537 4177 2939 4241 praetereuntibus
2973 4179 3120 4229 testes
3153 4180 3298 4230 advo·

1744 4285 1904 4334 casse,
1927 4273 1977 4321 et
2001 4284 2104 4320 rem
2121 4269 2427 4320 manifestam
2457 4271 2632 4320 tacere.
2693 4269 2830 4321 Tune
2864 4270 2984 4321 mibi
3015 4271 3200 4322 nullam
3225 4285 3302 4322 re-

1744 4363 1963 4427 liquisses
2005 4361 2332 4412 defensionem
2345 4398 2362 4424 ,
2402 4363 2558 4426 tuque
2599 4359 2726 4425 ipse,
2774 4361 2818 4411 si
2863 4362 3129 4414 inimicitiae
3179 4364 3304 4415 inter

1744 4468 1833 4507 nos
1864 4457 2091 4519 missent,
2123 4467 2182 4506 eo
2227 4457 2370 4519 pacto
2405 4467 2486 4506 me
2521 4453 2670 4518 probe
2705 4455 2840 4506 ultus
2871 4457 3069 4521 missae3
3133 4457 3328 4522 quodsi-

1744 4549 1914 4614 egisses
1949 4547 2226 4612 reipublieoe
2268 4560 2438 4609 causa,
2485 4547 2572 4598 tali
2611 4547 2847 4611 producta
2887 4549 3276 4613 eoinprobatione
3291 4591 3306 4616 ,

1744 4656 1843 4696 non
1886 4643 2019 4693 visus
2065 4641 2232 4692 misses
2289 4641 2634 4704 calumniator3
2715 4641 2814 4706 (21)
2868 4643 2910 4692 si
2945 4641 3068 4691 lucri
3119 4645 3270 4707 gralia
3285 4682 3301 4709 ,

1745 4735 1988 4800 qnaestum
2027 4735 2196 4798 utique
2243 4734 2432 4785 fecisses
2453 4733 2696 4796 ingentem
2736 4751 2749 4782 ε
2789 4747 2844 4784 re
2869 4735 3004 4802 'enim
3036 4736 3300 4798 patefacta,

1744 4831 1986 4892 putassem
2007 4826 2191 4878 nullam
2215 4827 2360 4877 aliam
2387 4823 2504 4876 mihi
2532 4826 2743 4877 salutem
2773 4827 2979 4890 relinqui
2998 4841 3146 4891 quam
3176 4831 3230 4894 ut
3257 4831 3304 4877 te

1744 4921 1961 4986 pecuniis
1977 4916 2245 4972 delinirem.
2311 4921 2500 4970 florum
2519 4929 2673 4982 quum
2689 4914 2810 4968 nihil
2833 4919 3028 4984 feceris,
3046 4921 3134 4970 tua
3158 4919 3305 4970 solius

1745 5015 1964 5066 oratione
1997 5027 2078 5064 me
2107 5011 2349 5076 perditum
2375 5011 2568 5075 studes,
2591 5012 2641 5063 et
2663 5009 2928 5062 criminaris
2953 5011 3085 5075 quod
3113 4991 3310 5075 propter

1746 5122 1904 5160 meam
1935 5107 2200 5172 potentiam
2232 5107 2282 5158 et
2320 5104 2512 5158 divitias
2541 5117 2684 5156 nemo
2705 5087 3036 5157 testimonium
3063 5104 3150 5154 tibi
3183 5104 3304 5156 terre

1744 5201 1876 5253 velit.
1943 5200 2041 5265 (22)
2078 5201 2329 5264 Attamen,
2363 5197 2402 5249 si
2435 5200 2520 5262 tu,
2548 5197 2633 5261 qui
2667 5197 2739 5247 ais
2769 5195 2944 5246 vidisse
2976 5207 3056 5246 me
3077 5197 3304 5270 truncum

1747 5291 2107 5348 exscindentem
2123 5329 2139 5359 ‚
2185 5306 2362 5344 novem
2403 5290 2671 5342 Archontas
2713 5287 3019 5358 addusisses,
3068 5287 3157 5356 vel
3179 5285 3304 5358 ‚alios
