3825 5842
1039 445 1436 510 ISOCRA'I'IS
1478 442 1876 508 LAUDATIO
1915 443 2266 506 HELENAE.

81 579 170 640 ὑπὸ
213 577 462 660 Πειρίθου
503 573 932 659 προσταχθέντων
979 577 1086 639 ἀνθ’
1135 564 1207 640 ὧν
1250 577 1441 645 ἐκεῖνος
1484 577 1628 659 αὐτῷ

85 665 536 730 συνεκινδύνευσεν.

149 778 214 818 st.
255 759 324 818 Εἰ
348 754 447 836 μὲν
466 747 556 816 οὗν
577 759 606 816 ὁ
627 759 794 816 ταῦτα
814 755 1018 838 πράξας
1038 745 1110 825 εἷς
1131 749 1196 831 ἦν
1216 761 1323 818 τῶν
1341 754 1624 837 τυχόντων,

81 847 203 906 ἀλλὰ
231 844 306 926 μὴ
329 849 436 906 τῶν
461 843 594 906 πολὺ
617 846 1002 924 διενεγκόντων,
1029 847 1124 906 οὐκ
1163 846 1224 906 ἄν
1253 870 1340 907 πω
1375 848 1530 918 δῆλος
1560 837 1624 918 ἦν

3154 443 3267 500 185

1715 581 1855 632 rithoi
1877 582 2014 645 iussa
2047 579 2360 646 detrectaret,
2377 591 2528 644 quum
2564 579 2681 630 illud
2700 578 2969 644 periculum
2995 593 3093 632 una
3112 593 3275 634 secum

1717 669 2019 734 suscepisset.

1781 765 1858 809 21.
1893 758 2079 818 Quodsi
2119 758 2163 809 is
2198 757 2281 823 qui
2310 759 2415 810 haec
2434 758 2562 822 egit,
2590 757 2799 822 vulgaris
2818 757 2993 823 aliquis
3026 758 3197 810 fuisset
3232 765 3285 810 et

1715 869 1812 906 non
1845 856 1921 908 vir
1942 857 2401 920 excellentissimus,
2438 856 2653 907 nondum
2681 857 2951 918 constaret,
2980 859 3147 907 utrum
3178 857 3283 910 boc

77 941 101 995 ὅ
129 937 296 1015 λόγος»
313 933 534 1018 “dmm
560 933 782 1008 Ἑλένης
809 933 1016 1004 imm<
1036 934 1070 1008 ἢ
1091 935 1382 1019 κατηῖθρῖα
1405 934 1628 1008 Θησέως
1722 961 1874 1011 oratio
1894 961 2000 1012 laus
2018 961 2209 1014 Helenae
2224 997 2238 1024 ,
2258 974 2322 1011 an
2338 961 2511 1012 Thesei
2528 961 2692 1024 potius
2708 965 2835 1012 esset
2854 961 3097 1012 accusatio
3118 981 3131 1014 ι
3151 975 3283 1012 nunc

81 1025 223 1085 ἐστίν·
238 1031 324 1084 νῦν
341 1022 398 1084 δὲ
420 1029 522 1085 τῶν
544 1023 639 1103 μὲν
656 1023 828 1085 ἄλλων
855 1029 959 1084 τῶν
986 1025 1437 1106 εὐδοκιμησάντων
1467 1023 1625 1107 εὖρή-
1653 1017 1700 1081 b

83 1139 223 1192 σομεν
243 1114 327 1174 τὸν
348 1112 448 1194 μὲν
467 1113 724 1196 ἀνδρείας,
741 1112 829 1174 τὸν
850 1115 904 1175 δὲ
925 1113 1126 1198 σοφίας,
1145 1115 1232 1175 τὸν
1251 1117 1297 1174 δ’
1317 1115 1477 1176 ἄλλου
1497 1112 1630 1181 τινὸς

82 1207 174 1263 τῶν
205 1202 448 1264 τοιούτων
477 1206 651 1283 μερῶν
692 1202 1135 1286 ἀπεστερημένον,
1177 1210 1357 1264 τοῦτον
1388 1203 1442 1264 δὲ
1475 1201 1628 1281 μόνον

85 1293 268 1361 οὐδενὸς
304 1293 460 1353 ἐνδεᾶ
496 1290 790 1372 γενόμενον,
841 1291 977 1352 ἀλλὰ
1018 1295 1252 1366 παντελῆ
1298 1292 1394 1367 τὴν
1441 1291 1628 1375 ἀρετὴν

57 1382 415 1460 ιιιτησάμενον.
505 1382 596 1462 (aa)
634 1379 793 1443 Δοκεῖ
839 1382 896 1442 δέ
938 1404 1030 1461 μοι
1068 1381 1285 1464 πρέπειν
1324 1381 1446 1464 περὶ
1474 1383 1630 1442 αὐτοῦ

85 1471 163 1530 καὶ
185 1471 266 1531 διὰ
295 1470 634 1553 μακροτέρων
659 1472 841 1531 εἰπεῖν·
879 1475 1111 1552 ἡγοῦμαι
1136 1470 1240 1552 γὰρ
1260 1471 1458 1545 ταύτην
1487 1469 1636 1549 μεγί-

86 1583 196 1632 στην
223 1551 356 1620 εἶναι
395 1559 574 1620 πίστιν
612 1568 719 1629 τοῖς
755 1558 1086 1640 βουλομένοις
1125 1559 1342 1633 Ἑλένην
1380 1559 1629 1632 ἐπαινεῖν,

85 1649 140 1722 ἢν
175 1648 512 1728 ἐπιδείξωμεν
555 1648 675 1718 τοὺς
715 1648 1094 1730 ἀγαπήσαντας
1130 1649 1221 1710 καὶ
1261 1647 1632 1726 θαυμάσαντας

1725 1061 1850 1114 inter
1880 1063 2065 1114 ceteros
2095 1063 2305 1114 illustres
2336 1062 2465 1112 viros
2491 1062 2637 1113 alium
2675 1063 2995 1128 rot-titudinis,
3026 1063 3175 1114 alium
3206 1078 3284 1115 sa-

1721 1163 1912 1226 pientiae
1948 1161 2119 1224 laude,
2158 1162 2279 1212 alios
2312 1163 2416 1213 aliis
2463 1162 2743 1226 hujusmodi
2782 1163 3043 1215 virtutibus
3072 1165 3285 1218 caruisse

1719 1263 1957 1328 reperias3
1974 1263 2087 1314 huic
2108 1275 2223 1314 vero
2241 1263 2330 1314 soli
2348 1263 2559 1316 defuisse
2590 1264 2709 1314 nihil
2725 1300 2742 1329 ,
2770 1265 2856 1318 sed
2878 1265 3101 1317 virtutem
3120 1280 3284 1319 nume·

1722 1361 1786 1412 ris
1805 1361 2029 1412 omnibus
2050 1361 2321 1414 absolutam
2351 1363 2625 1429 contigisse.
2688 1363 2789 1430 (22)
2812 1367 2991 1418 Decere
3018 1371 3181 1418 autem
3211 1367 3285 1420 vi-

1723 1463 1866 1515 detur
1887 1464 1949 1516 de
1965 1477 2023 1515 eo
2054 1463 2210 1517 dicere
2232 1465 2477 1530 prolixius.
2542 1469 2665 1517 Nam
2691 1464 2961 1518 laudatores
2978 1468 3173 1520 Helenae
3194 1469 3285 1521 boe

1717 1570 1999 1630 argumento
2032 1567 2288 1618 maximam
2308 1567 2400 1618 sihi
2432 1565 2578 1618 tidem
2609 1567 2949 1620 conciliaturas
2966 1571 3213 1641 existimo,
3240 1576 3284 1626 si

1719 1669 2015 1722 ostenderint
2036 1671 2273 1722 amatores
2294 1673 2343 1720 et
2365 1669 2676 1722 admiratores
2700 1670 2809 1733 eius
2840 1671 2970 1736 ipsos
2998 1674 3104 1725 aliis
3130 1676 3284 1726 admi·

87 1738 264 1812 ἐκείνη*
282 1737 471 1809 αὖτοὺς
485 1742 590 1799 τῶν
611 1737 786 1799 ἄλλων
801 1738 1251 1822 θαυμαστοῗέρους
1267 1739 1436 1806 ὄντας·
1479 1735 1626 1798 ‘⁷0⁶⁰‘
1657 1755 1694 1798 ⁰
1717 1774 1965 1826 rabiliores
1982 1773 2239 1826 exstitisse.
2304 1777 2425 1825 Nam
2454 1787 2565 1838 quas
2586 1777 2749 1826 nostra
2764 1778 2907 1826 aetate
2926 1775 3047 1828 facta
3064 1781 3179 1830 suut
3193 1817 3210 1843 ,
3223 1779 3287 1831 de

55 1843 65 1880 i
89 1827 168 1906 μὲν
193 1829 288 1912 γὰρ
314 1829 394 1912 ἐφ’
423 1831 580 1908 ἡμῖἱν
599 1827 828 1908 γέγονεν,
854 1830 1064 1897 εἰκότως
1095 1829 1158 1889 ἂν
1190 1832 1305 1898 ταῖς
1327 1827 1494 1898 δόξαις
1519 1827 1632 1895 ταῖς

89 1918 342 2000 ἡμετέραις
369 1920 546 1978 αὐτῶν
574 1918 946 2001 διακρίνοιμεν,
981 1918 1102 2001 περὶ
1145 1915 1200 1978 δὲ
1227 1920 1330 1978 τῶν
1355 1915 1492 1978 οὕτω
1525 1939 1630 1975 πα-

89 2009 230 2068 λαιῶν
253 2007 509 2091 προσήκει
531 2009 640 2077 τοῖς
660 2011 782 2069 κατ’
801 2012 994 2069 ἐκεῖνον
1023 2007 1112 2068 τὸν
1133 2007 1321 2091 χρόνον
1344 1999 1403 2068 εὗ
1431 2005 1630 2089 φρονή-

93 2119 222 2156 σασιν
243 2102 588 2176 ὁμονοοῦντας
611 2102 753 2177 ἡμᾶς
779 2098 1072 2182 φαίνεσθαι.

155 2207 222 2249 28.
263 2185 566 2248 Κάλλιστον
595 2185 690 2265 μὲν
723 2176 812 2248 οῧν
840 2185 948 2268 ἔχω
981 2183 1104 2268 περὶ
1139 2183 1363 2259 Θησέως
1393 2181 1532 2245 τοῦτ’
1557 2185 1631 2242 εἰ·

55 2275 206 2349 ὓπεῖν,
239 2274 315 2334 ὅτι
349 2274 492 2337 κατὰ
523 2275 612 2336 τὸν
657 2275 812 2336 αὗτὸν
846 2274 1032 2357 χρόνον
1067 2273 1326 2356 Ἡρακλεῖ
1363 2271 1632 2352 γενόμενος

91 2363 340 2443 ίνάμιλλον
353 2364 450 2438 τὴν
473 2367 630 2426 αὑτοῦ
651 2364 802 2434 δόξαν
817 2365 943 2447 πρὸς
955 2364 1051 2438 τὴν
1072 2361 1266 2426 ἐκείνου
1285 2360 1626 2434 κατέστησεν.

1720 1872 1779 1922 iis
1803 1871 1932 1922 baud
1949 1872 2123 1935 iniuria
2142 1872 2363 1924 nostrum
2380 1870 2615 1934 judicium
2648 1872 2997 1937 interponimus
3024 1895 3037 1926 ι
3064 1875 3115 1926 in
3142 1877 3287 1928 rebus

1721 1987 1836 2026 vero
1873 1987 1904 2025 a
1934 1978 2096 2024 nostra
2126 1973 2360 2025 memoria
2394 1973 2463 2024 ita
2497 1975 2722 2039 remotis,
2754 1989 2839 2039 par
2872 1991 2962 2028 nos
2992 1979 3065 2029 est
3096 1979 3287 2031 illorum

1719 2081 1991 2144 temporum
2010 2077 2325 2143 prudentibus
2343 2077 2462 2128 viris
2482 2079 2720 2130 assentffi.

1781 2189 1858 2236 23.
1893 2190 1961 2236 Ac
1978 2185 2349 2250 pulcherrimum
2365 2185 2427 2236 de
2444 2185 2629 2236 Theseo
2642 2184 2799 2237 dicere
2818 2185 2935 2237 illud
2956 2187 3110 2238 habeo
3122 2225 3137 2250 ‚
3159 2192 3289 2253 quod

1721 2285 1940 2336 Herculis
1957 2284 2253 2348 temporibus
2270 2290 2414 2336 natus
2435 2285 2501 2334 ita
2523 2297 2577 2335 se
2593 2285 2767 2348 gessit,
2794 2290 2849 2336 ut
2876 2299 3038 2352 parem
3057 2301 3170 2338 cum
3204 2288 3287 2339 illo

1718 2381 1915 2445 gloriam
1935 2383 2323 2445 consequeretur.
2389 2385 2490 2432 Nec
2516 2381 2645 2431 enim
2675 2381 2819 2432 simili
2840 2396 3087 2433 armorum
3118 2398 3291 2447 genere

93 2456 160 2514 Οὖ
179 2454 274 2536 γὰρ
301 2453 456 2532 μόνον
481 2454 588 2522 τθῗς
623 2453 802 2522 ὅπλοις
827 2453 1190 2532 ἕκθσμήσανῖθ
1211 2449 1629 2533 παραπλησίοις,
1717 2475 1875 2524 solum
1895 2487 2003 2525 sese
2019 2475 2278 2538 ornarunt,
2297 2473 2382 2525 sed
2413 2473 2581 2525 eadem
2604 2489 2797 2539 quoque
2814 2475 2977 2526 studia
3000 2476 3256 2530 coluerunt
3273 2513 3291 2542 ,

95 2542 208 2602 ἀλλὰ
231 2541 318 2603 καὶ
353 2551 465 2612 τοῖς
500 2542 912 2622 ἐπιτηδεύμασιν
950 2541 1244 2624 ἐχρήσαντο
1282 2541 1389 2609 τοῖς
1424 2544 1628 2613 αὐτοῖς,
1651 2541 1692 2607 d

95 2631 332 2713 πρέποντα
359 2637 426 2714 τῇ
456 2631 732 2714 συγγενείᾳ
762 2637 1045 2700 ποιοῦντες.
1130 2629 1225 2700 Ἐξ
1264 2631 1498 2712 ἀδελφῶν
1528 2627 1630 2711 γὰρ

55 2729 74 2767 ⁵
93 2717 324 2799 γεγονότες
339 2767 355 2796 ,
376 2725 404 2780 ὃ
434 2719 531 2800 μὲν
563 2723 624 2780 ἐκ
651 2720 790 2796 Διὸς,
813 2725 841 2780 ὁ
870 2722 916 2780 δ’
945 2723 1006 2781 ἐκ
1029 2721 1385 2796 Ποσειδῶνος,
1409 2715 1633 2800 ἀδελφὰς

96 2809 172 2868 καὶ
204 2808 292 2878 τὰς
318 2807 598 2889 ἐπιθυμίας
626 2808 802 2890 ἔσχον.
886 2809 1054 2870 Μόνοι
1080 2809 1183 2891 γὰρ
1211 2799 1352 2868 οὗτοι
1377 2811 1480 2867 τῶν
1513 2829 1634 2888 προ-

96 2899 426 2979 γεγενημένων
449 2899 584 2982 ὖπὲρ
603 2905 696 2960 τοῦ
722 2899 836 2981 βίου
859 2904 950 2959 τοῦ
971 2903 1076 2959 τῶν
1105 2897 1387 2982 ἀνθρώπων
1412 2895 1636 2970 ἀθληταὶ

97 2986 414 3062 κατέστησαν.
501 2990 594 3067 (2⁴)
631 2987 837 3062 Συνέὅη
867 2986 921 3047 δὲ
954 2987 1042 3048 τὸν
1073 2987 1168 3066 μὶν
1197 2985 1635 3068 ὀνομαστοτέρους

97 3076 173 3134 καὶ
195 3076 419 3154 μείζους,
446 3076 536 3137 τὸν
568 3077 616 3137 δ’
655 3075 1081 3160 ὠφελιμωτέρους
1108 3075 1200 3136 καὶ
1240 3077 1346 3144 τοῖς
1371 3075 1635 3149 Ἕλλησιν

53 3179 79 3219 ιο
99 3165 406 3248 οἰκειοτέρους
435 3163 760 3238 ποιήσασθαι
786 3163 906 3233 τοὺς
927 3162 1206 3233 κινδύνους.
1287 3168 1383 3246 Τῷ
1412 3164 1508 3242 μὲν
1531 3163 1634 3246 γὰρ

1723 2583 1776 2630 ιιι
1799 2578 1999 2630 decebat
2014 2591 2183 2630 eorum
2200 2577 2621 2630 necessitudinem.
2686 2583 2727 2632 Ε
2748 2580 2970 2632 fratribus
2988 2583 3114 2634 euim
3134 2585 3281 2647 geniti

1720 2685 1840 2735 alter
1863 2687 2010 2746 Jove,
2036 2685 2259 2748 Neptuno
2292 2684 2431 2746 alter,
2464 2683 2694 2736 fraternas
2728 2685 2877 2736 etiam
2900 2686 3185 2751 cupiditates
3208 2688 3285 2738 lia·

1721 2783 1947 2834 buerunt.
2010 2785 2145 2834 Nam-
2166 2782 2215 2832 bi
2246 2782 2337 2834 soli
2366 2796 2427 2833 ex
2458 2783 2591 2834 omni
2622 2759 2852 2834 mem'oria
2886 2798 2973 2848 pro
3013 2785 3287 2840 defensione

1723 2881 1916 2932 humani
1941 2882 2125 2944 generis
2139 2917 2154 2944 ,
2175 2880 2389 2945 pugilum
2408 2881 2573 2944 instar,
2598 2893 2786 2947 semper
2808 2881 2942 2933 velut
2972 2883 3019 2933 in
3039 2886 3289 2948 procinctu

1727 2989 1981 3039 steterunt.
2050 2989 2150 3052 (24)
2176 2987 2255 3038 Sic
2275 2991 2439 3039 autem
2470 2988 2698 3052 contigit,
2724 2989 2780 3039 ut
2809 2989 2931 3040 alter
2948 2989 3210 3040 celebriora
3242 2993 3291 3044 et

1721 3087 1936 3152 majora,
1968 3086 2088 3138 alter
2123 3087 2316 3138 utiliora
2351 3092 2401 3138 et
2432 3087 2765 3152 conjunctiora
2802 3089 2987 3138 Graecis
3026 3091 3289 3141 certamina

1724 3189 1924 3242 subiret.
1991 3193 2113 3242 Nam
2132 3190 2201 3242 illi
2220 3191 2519 3256 Eurystheus
2537 3190 2835 3255 imperabat,
2856 3196 2910 3240 ut
2925 3190 3075 3242 boves
3094 3205 3155 3242 ex
3174 3196 3292 3257 Ery·

103 3255 359 3336 Εὗρυσθὼς
376 3253 706 3338 προσέταττε
725 3253 822 3323 τάς
839 3277 894 3313 ‘'⁸'‘
917 3258 1037 3334 βοῦς
1055 3253 1147 3322 Τὰς
1168 3256 1228 3314 ἐκ
1249 3258 1343 3326 *ἧς
1366 3253 1638 3335 Ἐρυθείας
1659 3273 1696 3316 e
1722 3290 1834 3340 thea
1851 3289 2061 3352 abigeret
2080 3325 2097 3352 ,
2134 3291 2191 3339 ut
2212 3289 2337 3338 mala
2364 3287 2681 3351 Hesperidum
2700 3289 2892 3340 at't'erret
2906 3323 2923 3350 ,
2950 3292 3006 3339 ut
3029 3289 3291 3340 cerberum

103 3343 288 3422 ἀγαγεῖν
313 3345 402 3406 καὶ
431 3343 502 3404 τὰ
532 3346 682 3423 μῆλα
715 3342 782 3404 τὰ
811 3346 916 3402 τῶν
939 3341 1268 3424 Ἑσπερίδων
1291 3343 1515 3423 ἐνεγκεῖν
1543 3341 1637 3402 καὶ

103 3431 172 3490 τὸν
199 3432 450 3516 Κέρόερον
479 3435 764 3513 ἀναγαγεῖν
786 3430 879 3492 καὶ
904 3430 1164 3499 τοιούτους
1199 3430 1386 3498 ἄλλους
1411 3429 1598 3496 πόνους
1615 3475 1634 3508 ,

105 3519 145 3590 ἐξ
167 3513 229 3582 ὧν
260 3523 484 3602 ἤμελλεν
511 3525 572 3584 οὗ
609 3525 728 3592 τοὺς
753 3521 944 3591 ἄλλους
982 3520 1291 3604 ὠφελήσειν,
1325 3521 1439 3580 ἀλλ’
1488 3519 1639 3588 αὐτὸς

1723 3386 1999 3447 adduceret,
2023 3384 2241 3448 aliosque
2262 3383 2370 3446 eius
2386 3385 2572 3448 generis
2594 3385 2787 3436 labores
2800 3385 3091 3450 susciperet,
3111 3386 3292 3450 quibus

1725 3484 1843 3534 nihil
1877 3482 1983 3534 aliis
2019 3481 2369 3545 commodaret,
2392 3481 2478 3532 sed
2505 3481 2609 3546 ipse
2640 3483 2691 3533 in
2718 3482 2975 3533 discrimen
2998 3488 3248 3535 vocaretur
3276 3499 3291 3536 ι

61 3612 430 3674 ηκινοωούοοιν.
461 3613 556 3692 (25)
584 3615 614 3672 ο
648 3613 694 3670 δ’
735 3609 888 3680 οὗτος
915 3614 1072 3671 οὗτοὶ-ς
1105 3611 1279 3692 χόριος
1317 3607 1390 3671 ὧν
1427 3607 1639 3676 τούτοοο
1665 3623 1704 3666 a
1729 3593 1828 3656 (25)
1852 3591 1931 3642 hic
1960 3602 2075 3640 vero
2090 3601 2243 3654 quum
2274 3589 2349 3640 sui
2373 3589 2493 3652 juris
2524 3591 2680 3653 esset,
2711 3603 2769 3642 ea
2799 3591 3061 3642 certamina
3090 3590 3265 3656 delegit
3275 3627 3292 3656 ,

105 3705 350 3784 προῃρεῖτο
369 3705 476 3763 τῶν
501 3699 738 3782 ἀγώνων,
758 3699 812 3772 ἐξ
833 3692 906 3762 ὧν
929 3700 1158 3782 ἤμελλεν
1177 3698 1214 3772 ἢ
1241 3702 1344 3758 τῶν
1365 3697 1637 3771 Ἑλλήνων

107 3787 134 3859 ἢ
154 3795 232 3863 τῆς
249 3794 402 3852 αὑτοῦ
423 3791 674 3874 πατρίδος
707 3789 980 3873 εὐεργέτης
1001 3788 1330 3870 γενήσεσθαι.
1413 3786 1524 3848 Καὶ
1551 3785 1638 3847 τόν

109 3900 154 3938 τε
183 3885 358 3962 ταῦρον
393 3880 486 3940 τὸν
515 3880 762 3941 ἀνεθέντα
800 3877 895 3958 μὲν
927 3876 1029 3938 ὑπὸ
1057 3878 1410 3950 Ποσειδῶνος,
1446 3874 1540 3949 τὴν
1584 3871 1639 3934 δὲ

111 3967 258 4050 χώραν
273 3968 672 4049 λυμαινόμενον,
693 3967 750 4029 ὃν
769 3967 960 4036 πάντες
973 3968 1067 4027 οὐκ
1086 3965 1322 4045 ἐτόλμων
1345 3961 1639 4043 ὑπομένειν,

54 4071 94 4112 ⁴⁰
115 4055 238 4132 μόνος
249 4057 630 4142 χειρωσάμενος
653 4055 884 4137 μεγάλου
909 4054 1070 4140 φόὸου
1091 4053 1182 4115 καὶ
1200 4056 1398 4127 πολλῆς
1419 4052 1640 4135 ἀπορίας

110 4143 203 4212 τοὺς
239 4151 501 4215 οἰκοῦντας
539 4145 637 4219 τὴν
672 4146 826 4207 πόλιν
869 4142 1186 4218 ἀπήλλαξεν·
1233 4142 1329 4223 (26)
1369 4141 1460 4202 καὶ
1503 4139 1637 4220 μετὰ

110 4237 243 4294 ταῦτα
277 4234 541 4304 Λαπίθαις
583 4233 864 4317 σύμμαχος
893 4233 1162 4316 γενόμενος
1200 4232 1290 4292 καὶ
1317 4230 1638 4312 στρατευσά·

117 4347 236 4400 μενος
257 4327 338 4388 ἰπὶ
365 4327 694 4410 Κενταύρους
714 4325 833 4394 τοὺς
855 4323 1047 4406 διφυεῖς
1067 4368 1086 4399 ,
1116 4320 1168 4382 οἳ
1191 4319 1345 4402 τάχει
1367 4319 1456 4379 καὶ
1488 4318 1638 4401 ῥώμῃ

117 4411 342 4496 καὶτόλμῃ
362 4414 704 4496 διενεγκόντες
712 4410 804 4482 τὰς
828 4415 923 4491 μὲν
942 4407 1212 4492 ἐπόρθουν,
1225 4407 1320 4477 τὰς
1331 4407 1374 4468 δ’
1394 4407 1643 4487 ἤμελλον,

1724 3691 1902 3756 quibus
1930 3690 2007 3742 vel
2030 3689 2265 3741 Graeciam
2286 3689 2361 3740 vel
2386 3688 2588 3754 patriam
2612 3701 2752 3740 suam
2780 3689 3029 3742 beneficiis
3060 3691 3151 3742 sibi
3168 3694 3291 3744 obli-

1725 3791 1876 3850 garet.
1941 3784 2145 3836 Proinde
2156 3786 2208 3835 et
2216 3785 2411 3836 taurum
2425 3797 2453 3834 a
2468 3785 2691 3849 Neptuno
2705 3784 2976 3836 immissum
2996 3787 3295 3852 Atticamque

1727 3889 1995 3937 vastantem
2008 3921 2025 3948 ,
2044 3899 2154 3936 cum
2173 3897 2271 3950 quo
2288 3885 2499 3936 universi
2518 3884 2741 3947 congredi
2756 3899 2852 3936 non
2874 3885 3142 3950 audebant,
3160 3889 3295 3941 solus

1726 3992 1831 4055 ipse
1857 3989 2072 4052 domuit,
2097 4003 2366 4054 magnoque
2390 3991 2519 4039 metu
2550 3989 2601 4040 et
2619 4001 2789 4052 magna
2811 4003 2897 4040 eos
2916 3989 3000 4054 qui
3020 3991 3189 4041 urbem
3219 3991 3293 4042 in-

1729 4093 1954 4144 colebant
1970 4093 2281 4158 trepidatione
2306 4092 2557 4142 liberavit:
2588 4091 2687 4155 (26)
2713 4093 2765 4142 et
2792 4091 2908 4142 inita
2938 4104 3051 4142 cum
3082 4092 3297 4157 Lapithis

1729 4190 1955 4241 societate
1971 4193 2022 4240 et
2039 4188 2343 4254 expeditione
2364 4191 2529 4239 contra
2551 4189 2819 4238 centauros
2842 4187 3134 4239 bimembres
3166 4189 3295 4241 cele·

1665 4316 1712 4380 b
1733 4299 1872 4350 ritate
1891 4299 1941 4348 et
1959 4294 2145 4345 viribus
2161 4296 2211 4345 et
2240 4291 2437 4343 audacia
2460 4291 2743 4354 praestantes
2761 4291 2983 4354 suscepta
3000 4326 3017 4354 ,
3037 4291 3121 4354 qui
3147 4291 3293 4344 urbes

1732 4396 1851 4448 alias
1867 4395 2139 4455 vastarent,
2162 4389 2269 4442 aliis
2300 4386 2643 4448 imminebant,
2674 4387 2781 4438 aliis
2812 4387 3192 4440 minitabantur:
3221 4389 3299 4440 bis

67 4515 102 4554 u
119 4503 208 4571 ταῖς
237 4505 280 4563 δ’
312 4507 560 4579 ἠπείλουν
603 4507 708 4564 τῶν
733 4501 956 4574 πόλεων,
991 4498 1202 4569 τούτους
1242 4497 1392 4580 μάχῃ
1428 4496 1646 4570 νικήσας
1731 4495 1896 4561 praelio
1914 4494 2053 4544 victis
2070 4491 2233 4542 statim
2250 4491 2482 4541 eteorum
2502 4489 2689 4540 ferociae
2707 4489 2905 4540 modum
2924 4489 3123 4552 statuit,
3144 4504 3299 4556 nequo

121 4590 236 4661 εὗθῦς
254 4591 341 4672 μὲν
368 4597 540 4655 αὐτῶν
559 4592 654 4665 τὴν
684 4589 831 4675 ὖὸριν
862 4589 1105 4663 ἔπαυσεν,
1134 4590 1192 4648 οὗ
1215 4589 1397 4669 πολλῷ
1421 4586 1465 4646 δ’
1501 4585 1646 4646 ὕστε·

123 4699 188 4756 ρον
209 4681 368 4762 χρόνῳ
388 4682 450 4743 τὸ
472 4679 614 4762 γένος
637 4679 690 4750 ἐξ
719 4677 1003 4762 ἀνθρώπων
1031 4677 1299 4760 ἠφάνισεν.
1384 4675 1478 4755 (27)
1510 4673 1644 4757 Περὶ

125 4765 274 4838 &robe
294 4769 476 4839 αὐτοὺς
489 4769 704 4852 χρόνους
715 4767 776 4828 τὸ
787 4767 943 4850 τέρας
960 4765 1019 4826 τὸ
1039 4763 1232 4849 τραφὲν
1251 4762 1346 4842 μὲν
1361 4766 1414 4822 ἐν
1437 4763 1642 4844 Κρήτῃ,

125 4854 356 4936 γενόμενον
378 4859 422 4918 δ’
437 4861 500 4918 ἐκ
518 4857 802 4940 Πασιφάης
821 4861 914 4928 τῆς
933 4853 1120 4917 εΗλίου
1142 4850 1416 4934 θυγατρός,
1441 4841 1486 4934 ᾧ
1505 4851 1644 4912 κατὰ

77 4955 112 4994 ⁸⁰
129 4945 336 5016 μαντείαν
357 4946 558 5026 δασμὸν
577 4949 671 5019 τῆς
690 4944 890 5012 πόλεως
909 4942 987 5012 δὶς
1013 4941 1150 5003 ἑπτὰ
1170 4941 1362 5009 παῖδας
1379 4942 1642 5001 ἀποστελ-

127 5031 282 5108 λούσης
295 5081 312 5110 ,
331 5034 454 5097 ἰδὼν
481 5032 972 5114 αὖτοὺςάγομένους
994 5031 1086 5092 καὶ
1111 5029 1376 5109 πανδημεὶ
1401 5052 1641 5112 προπεμ·
1668 5048 1705 5091 c

130 5121 342 5198 πομίνους
375 5124 462 5184 ἐπὶ
491 5125 708 5184 θάνατον
745 5122 938 5201 ἄνομον
966 5119 1058 5180 καὶ
1097 5123 1360 5200 προῦπτον
1388 5116 1479 5176 καὶ
1505 5140 1642 5176 πεν-

131 5210 363 5282 omnivm<
377 5213 451 5274 ἔτι
465 5216 678 5287 ζῶντας,
692 5211 854 5280 οὕτως
875 5208 1241 5290 ἠγανάκτησεν
1263 5205 1387 5267 ὥσθ’
1405 5205 1641 5286 ἡγήσατο

134 5301 326 5376 κρεῖττον
349 5293 478 5362 εἶναι
492 5301 730 5363 τεθνάναι
751 5302 952 5384 μᾶλλον
971 5299 1010 5373 ἢ
1029 5302 1121 5372 ζ’ῆν
1143 5296 1318 5380 ἄρχων
1333 5299 1426 5370 τῆς
1440 5295 1641 5365 πόλεως

1735 4594 1891 4645 multo
1912 4595 2023 4658 post
2044 4603 2193 4654 genus
2214 4601 2358 4640 omne
2384 4600 2577 4652 prorsus
2594 4587 2787 4638 delevit.
2854 4586 2954 4651 (27)
2974 4587 3112 4639 circa
3130 4589 3296 4640 eadem

1735 4697 1949 4756 tempora
1962 4703 2113 4755 quum
2128 4688 2397 4739 monstrum
2420 4685 2607 4736 illudio
2629 4687 2773 4736 creta
2791 4684 3047 4736 educatum
3070 4690 3215 4750 atque
3236 4701 3295 4739 ex

1720 4780 1967 4864 'pasiphae
1998 4793 2123 4847 sous
2153 4791 2251 4844 filia
2288 4791 2456 4842 natum
2478 4789 2772 4851 exstitisset,
2790 4789 2869 4840 cui
2901 4789 3073 4840 tributi
3106 4792 3299 4844 nomino

1731 4905 1896 4952 nostra
1915 4898 2035 4950 urbs
2060 4896 2139 4947 bis
2156 4897 2380 4961 septenos
2394 4905 2574 4958 pueros
2594 4905 2653 4942 ex
2674 4890 2867 4942 oraculo
2884 4885 3130 4954 mittebat,
3146 4907 3299 4956 quum

1731 4997 1918 5050 videret
1932 5009 2017 5048 eos
2035 4994 2147 5046 duci
2165 4995 2273 5046 toto
2290 4991 2470 5058 populo
2487 4990 2747 5041 comitante
2767 4988 2827 5039 ad
2861 5001 3029 5039 necem
3055 4989 3299 5053 indiguam

1729 5101 2032 5163 certamque,
2064 5099 2115 5147 et
2146 5097 2363 5146 viventes
2394 5094 2552 5144 adhuc
2587 5090 2739 5155 lugeri
2770 5103 2856 5154 pro
2888 5091 3091 5141 mortuis
3120 5106 3134 5140 :
3168 5096 3303 5144 tanta

1731 5193 2051 5258 indignatione
2082 5191 2286 5253 exarsit,
2323 5191 2380 5240 ut
2412 5188 2560 5240 satius
2590 5197 2695 5236 esse
2733 5183 2924 5234 duxerit
2953 5186 3105 5236 emori
3136 5187 3302 5251 potius

1729 5316 1872 5368 quam
1896 5302 2058 5354 vivere
2076 5299 2389 5366 imperantem
2406 5297 2615 5359 civitati,
2642 5305 2759 5359 quse
2790 5299 2889 5346 tam
2909 5293 3181 5347 miserabile
3215 5301 3276 5347 tri
