3825 5842
94 501 298 579 (iso-w)

90 657 149 691 του
164 630 247 689 υἱὸν
266 624 609 703 ποιησάμενον.
692 621 778 703 (17)
804 618 1127 699 Εὖθυκράτει
1150 618 1271 700 γάρ,
1287 610 1331 678 ὦ
1354 618 1549 700 ἄνδρες,

88 724 139 801 τῷ
158 716 283 799 πατρὶ
308 718 375 797 τῷ
408 710 700 793 Ἀστυφίλου
746 708 907 777 αἴτιος
946 708 1183 786 γενέσθαι
1222 706 1431 786 λέγεται
1460 712 1549 766 τοῦ

88 810 249 867 θανάτου
274 805 548 868 Θούδιππος
574 803 605 859 ὁ
632 798 871 866 Κλέωνος
897 799 1081 857 τούτου
1112 795 1315 877 πατήρ,
1344 795 1551 855 αἰκισά-

90 918 199 973 μενος
220 897 381 953 ἔιιεῑνον
403 892 642 971 διαφορᾶς
664 910 799 955 τινος
821 888 992 953 αὐτοῖς
1015 883 1292 964 γενομένης
1315 886 1367 943 ἐν
1386 888 1451 965 τῇ
1472 906 1552 942 νε·

91 984 205 1061 μήσει
226 988 299 1041 τοῦ
322 978 529 1060 χωρίου,
558 974 650 1036 καὶ
680 974 839 1042 οὕτως
876 973 1027 1032 αὐτὸν
1057 974 1380 1046 διατεθῆναι,
1418 972 1554 1031 ὥστε

90 1076 131 1129 ἐκ
152 1076 227 1129 τῶν
244 1072 430 1145 πληγῶν
453 1064 603 1125 αὐτὸν
633 1058 989 1134 οἷσθενήσανῖα
1014 1064 1070 1121 οὗ
1093 1063 1311 1127 πολλαῖς
1337 1058 1555 1139 ἡμέραις

90 1158 241 1237 ὕστερον
266 1158 534 1215 ἀποθανεῖν.
570 1152 659 1229 (is)
692 1148 785 1216 Ὡς
807 1148 863 1207 δὲ
885 1147 1030 1207 ταῦτ’
1060 1147 1199 1206 ἐστὶν
1221 1148 1409 1219 ἀληθῆ,
1429 1145 1556 1212 ἴσως

94 1244 159 1321 μὲν
180 1246 248 1303 καὶ
268 1241 563 1324 Ἀραφηνίων
586 1238 677 1298 καὶ
699 1236 885 1295 πολλοὶ
907 1238 1009 1293 τῶν
1032 1234 1148 1295 τότε
1173 1233 1555 1314 συγγεωργούν-

92 1358 163 1391 των
185 1330 517 1411 μαρτυρήσαιεν
543 1326 607 1385 ἄν
637 1348 756 1404 μοι,
780 1322 1063 1405 διαρρήδην
1093 1324 1147 1382 δὲ
1174 1322 1293 1402 περὶ
1315 1319 1558 1393 τηλικού-

93 1442 155 1477 του
174 1420 429 1499 πράγματος
448 1418 538 1476 οὐκ
560 1414 625 1473 ἂν
649 1412 823 1493 ἔχοιμι
849 1411 989 1479 ὅπως
1012 1415 1134 1488 ὑμῖν
1158 1410 1554 1492 παρασχοίμην.

98 1506 169 1567 Καὶ
186 1506 265 1585 γὰρ
290 1506 429 1564 αὐτὸν
450 1501 767 1578 τυπτόμενον
791 1498 913 1558 ἰδὼν
937 1498 1201 1579 Ἱεροκλῆς
1216 1542 1232 1571 ,
1260 1501 1289 1557 ὁ
1314 1496 1373 1557 τὸ
1390 1520 1561 1577 γραμ-

96 1602 249 1671 ματεῖον
282 1594 475 1675 φάσκων
510 1594 639 1670 παρ’
666 1592 839 1670 ἐαυτῷ
867 1592 1107 1665 τεθῆναι,
1123 1577 1234 1647 ὀἶδ’
1270 1586 1351 1644 ὅτι
1376 1590 1470 1645 οὐκ
1496 1584 1558 1644 ἃν

94 1681 271 1753 ἐθελήσαι
293 1684 604 1761 μαρτυρῆσαι
637 1676 847 1736 ἐναντία
875 1676 988 1741 ταῖς
1011 1672 1277 1745 διαθήκαις
1304 1664 1384 1738 αἶς
1407 1671 1558 1738 αὐτὸς

94 1770 314 1849 ἆταραίνει.
332 1768 512 1846 Ὅμως
536 1764 715 1845 με’ντοι
732 1763 823 1823 καὶ
841 1763 991 1822 κάλει
1010 1760 1296 1844 Ἱεροκλέα,
1313 1758 1399 1820 ἵνα
1422 1764 1561 1821 ἐναν·

94 1856 166 1915 τίον
184 1856 341 1916 τούτων
363 1853 669 1937 μαρτυρήσῃ
690 1851 727 1925 ἦ
752 1850 1085 1931 ἐξομόσηται.

614 1999 955 2048 ΜᾸΡἸὙΡῙΑ.

152 2148 202 2187 ιο.
236 2128 451 2208 Ἀκριὸῶς
474 2124 567 2209 μὲν
593 2126 754 2207 ᾔδειν·
781 2128 871 2184 τοῦ
898 2122 1001 2203 γὰρ
1026 2124 1181 2181 αὐτοῦ
1209 2119 1387 2202 ἀνδρός
1408 2122 1565 2193 ἐστιν,

98 2214 205 2290 Ιμὲν
238 2206 364 2289 οἶδεν,
387 2216 692 2294 ἐξόμνυσθαι
708 2258 725 2290 ,
753 2217 857 2272 τῶν
891 2212 945 2271 δὲ
974 2209 1049 2288 μὴ
1078 2207 1364 2290 γενομένων
1392 2206 1566 2266 πίστιν

94 2304 229 2361 ἐθελειν
259 2305 482 2363 ἐπιθεῖναι
508 2296 545 2376 ἦ
588 2301 695 2381 μὴν
738 2298 928 2359 εἰδέναι
954 2296 1207 2377 γενόμενα
1224 2318 1237 2332 ·
1266 2299 1336 2362 ὣς
1365 2294 1447 2369 δέ,
1482 2293 1567 2354 ὅτε

98 2390 345 2462 ἐπέθνησκεν
367 2396 393 2450 ὁ
425 2389 763 2470 Εὐθυκράτης
790 2392 819 2447 ὁ
859 2386 1037 2467 πατὴρ
1066 2386 1398 2467 Ἆστυφίλου,
1436 2382 1569 2443 ἐπί-

96 2482 215 2557 σκηψε
233 2487 320 2545 τοῖς
337 2479 529 2545 οἰκείοις
548 2475 754 2555 μηδένα
776 2474 905 2535 ποτὲ
933 2475 1087 2534 ἐᾶσαι
1114 2476 1277 2532 ἐλθεῖν
1299 2476 1401 2531 τῶν
1429 2473 1569 2532 Θου-

96 2562 234 2620 δίε-που
272 2565 345 2623 ἐπὶ
384 2565 441 2624 τὸ
478 2568 667 2642 μνῆμα
710 2561 771 2621 τὸ
812 2564 999 2621 ἑαυτοῦ
1013 2605 1031 2639 ,
1076 2560 1272 2620 τούτων
1316 2563 1438 2637 ὑμῖν
1481 2556 1569 2617 τὸν

94 2644 229 2725 ἔχοντα
250 2650 327 2724 τὴν
349 2651 523 2726 τηθίδα
545 2656 641 2711 τοῦ
660 2648 965 2731 Ἀστυφίλου
991 2650 1231 2730 μάρτυρα
1252 2645 1567 2728 παρέξομαι.

624 2793 967 2842 ΜΑΡΤΥΡῙΑ.

150 2938 202 2976 20.
238 2920 433 2979 ’Λκούων
466 2920 639 2981 τοίνυν
678 2924 846 2979 ταῦτα
883 2922 913 2977 ὁ
944 2916 1247 2999 Ἀστύφιλος
1277 2914 1573 2999 >talu-todeca»

96 3006 257 3065 καὶτῶν
282 3008 437 3067 ἄλλων
460 3006 833 3090 προσηκόντων
858 3004 1043 3073 εὐθέως
1065 3008 1124 3065 ἐκ
1148 3004 1371 3079 παίδων,
1393 3000 1572 3075 ἐπειδὴ

96 3092 261 3170 τάχιστα
276 3098 453 3177 ἤρχετο
476 3100 699 3179 φρονεῖν,
724 3093 839 3154 οὐδὲ
859 3094 1071 3153 πώποτε
1091 3091 1331 3173 διελέχθη
1357 3090 1575 3165 Κλέωνι,

100 3180 195 3237 ἇλλᾶ
214 3184 426 3265 πρότερον
453 3184 809 3257 ἐτελεύτησεν,
829 3184 929 3262 οὐχ
945 3182 1228 3263 ἡγούμενος
1252 3180 1389 3239 ὅσιον
1415 3170 1575 3259 εἶναι,

96 3268 279 3343 τοιαύτην
298 3272 453 3329 αἰτίαν
477 3270 688 3351 ἔχοντος
716 3270 1023 3333 Θουδίππου
1045 3269 1162 3350 περὶ
1189 3267 1275 3327 τὸν
1300 3270 1456 3327 aeros
1477 3290 1578 3325 πα-

96 3352 205 3431 τίρα,
224 3362 287 3437 τῷ
308 3359 486 3418 ἐκείνου
514 3360 619 3419 υἱεῖ
636 3356 986 3435 διαλέγεσθαι.
1017 3356 1116 3423 Ὦς
1143 3347 1229 3416 οὗν
1253 3354 1340 3414 τὸν
1369 3354 1576 3413 ἅπαντα

96 3442 227 3519 ΒΑΜ
246 3444 455 3527 διάφορος
478 3438 543 3519 ἦν
562 3445 811 3520 Κλέωνι,
839 3442 1035 3505 τούτων
1062 3445 1181 3522 ὑμῖν
1208 3442 1325 3511 τοὺς
1352 3442 1577 3503 συνειδό-

98 3530 399 3615 τῑίςμ.ιίς>*ὶ·ιιριις
428 3534 739 3617 παρέξομαι.

634 3681 975 3727 ΜΑΡΤΥΡΕΣ.

154 3820 207 3861 ιι.
244 3804 321 3873 Εἷς
342 3804 430 3875 τὰς
454 3806 637 3874 θυσίας
662 3804 849 3879 τοίνυν,
875 3808 927 3865 ἐν
959 3795 1147 3885 αἷσπερ
1175 3807 1220 3863 οἳ
1252 3802 1401 3861 ἄλλοι
1430 3801 1579 3873 Ἀθη-

98 3896 194 3945 ναῖοι
224 3894 495 3969 ἑστιῶνται,
540 3897 747 3975 πρῶτον
798 3892 891 3972 μὲν
938 3892 1165 3971 δημότην
1207 3890 1328 3951 ὄντα
1344 3938 1360 3969 ,
1403 3892 1581 3949 ἔπειτα

100 3972 271 4055 &ee-4262,
298 3978 363 4039 ἔτι
376 3982 439 4041 ’δὲ
462 3982 549 4041 τὸν
573 3981 686 4041 υἱὸν
712 3980 799 4039 τὸν
821 3978 1001 4039 τούτου
1027 3977 1283 4051 μέλλοντα
1305 3980 1581 4050 ποιεῖσθαι,

100 4062 193 4129 ιὶιὶις
209 4060 445 4143 Biton-3³12,
461 4068 620 4129 ὁπότε
639 4092 736 4150 περ
760 4066 1061 4145 ἐπιδημοίη,
1083 4064 1216 4145 μηδὲ
1234 4065 1345 4144 μεθ’
1364 4064 1473 4133 ἑνὸς
1490 4064 1583 4123 ἄλ-

100 4144 163 4207 λον
184 4152 289 4211 ἰέναι
314 4154 393 4215 τὸν
420 4156 720 4240 Ἀστύφιλον
758 4158 793 4229 ἢ
816 4154 952 4233 μετὰ
996 4154 1253 4223 Κλέωνος.
1279 4154 1378 4222 Ὡς
1416 4152 1581 4213 τοίνυν

102 4238 274 4334 Ἶῦδὲποθ
297 4235 413 4315 ἦλθε
434 4246 545 4324 μετ’
564 4247 747 4323 αὐτοῦ,
772 4248 897 4323 ὖμῑν
914 4247 1017 4303 τῶν
1032 4244 1269 4322 δημοτῶν
1294 4242 1582 4324 μαρτυρίαν

91 4342 93 4347 ·
104 4326 363 4401 αντιγνώσετα
370 4355 399 4391 ι.

643 4472 977 4517 ΜΔΡΤΥΡΙΑ.

158 4596 215 4635 22.
264 4580 431 4651 Οὕτως
477 4582 649 4645 τοίνυν
711 4584 1030 4661 διακείμενος
1076 4586 1152 4665 τῷ
1198 4582 1586 4656 τετελευτηκότι

112 4660 241 4721 Κλέων
265 4667 385 4736 ἀξιοῖ
402 4670 487 4729 τὸν
516 4672 625 4732 υἱὸν
653 4671 739 4732 τὸν
768 4676 953 4731 ἑαυτοῦ
978 4670 1045 4731 τὰ
1067 4670 1259 4731 ἐκείνου
1288 4671 1447 4751 ἔχειν.
1481 4671 1587 4732 Καὶ

108 4748 143 4805 τί
160 4752 219 4809 δεῖ
238 4762 395 4817 τοῦτον
417 4758 617 4838 λέγειν;
639 4762 751 4819 ἀλλ’
776 4761 1065 4841 Ἱεροκλῆς,
1086 4760 1215 4826 θεῖος
1239 4758 1309 4817 ὢν
1335 4760 1447 4837 [καὶ
1466 4758 1589 4819 ἐκεί·

112 4836 189 4911 νῳ]
210 4840 283 4898 καὶ
306 4846 438 4920 ἐμοί,
458 4844 621 4917 οὕτως
650 4846 757 4907 ἐστὶ
779 4845 1035 4928 τολμηρὸς
1063 4844 1199 4905 ὥστε
1228 4848 1285 4905 οὗ
1312 4846 1589 4923 γενομένας

114 4918 301 4998 διαθήκας
326 4930 436 5003 ἥκει
462 4932 655 5015 φέρων,
683 4934 771 4993 καί
796 4958 923 5017 φησι
948 4938 1072 5016 παρ’
1094 4938 1263 5016 ἑαυτῷ
1290 4932 1589 5015 Ἀστύφιλον

116 5012 255 5079 stiffi<
286 5023 597 5083 καταλιπεῖν.
696 5026 781 5101 (2³)
834 5021 1045 5096 Καίτοι,
1086 5022 1380 5103 Ἱερόκλεις,
1418 5023 1590 5082 πολλὰ

118 5098 267 5173 ’ῑῶἷῖθᾶ
288 5104 453 5167 παθὼν
486 5108 587 5168 ὑπὸ
614 5109 950 5189 Θεοφράστου
986 5116 1075 5169 τοῦ
1097 5110 1289 5192 πατρὸς
1311 5117 1402 5171 τοῦ
1430 5114 1557 5188 ἐμοῦ
1572 5156 1589 5185 ,

121 5180 179 5286 ὅῑῑ
195 5194 338 5269 χεῖρον
362 5194 601 5279 ἔπραττες
630 5196 668 5268 ἢ
690 5196 821 5271 νυνί,
850 5197 941 5258 καὶ
967 5198 1067 5257 ὑπὸ
1089 5196 1419 5281 Ἄστυφίλου,
1441 5200 1591 5259 οὔδε-

124 5289 217 5353 ·ῐῑρῳ
250 5280 403 5341 αὐτοῖν
430 5284 523 5359 τὴν
557 5284 707 5356 ἀξίαν
731 5284 881 5368 χάριν
920 5288 1204 5357 ἀποδίδως·
1235 5288 1327 5367 ἐμὲ
1358 5288 1451 5367 μὲν
1489 5288 1590 5373 γὰρ

782 492 955 553 lsAEl
996 492 1119 551 ΟΒ.
1163 488 1265 550 DE
1308 490 1707 553 ASTYPHILI
1752 488 2262 553 HEREDITATE.

3081 500 3187 553 ⁸01

1637 616 1946 689 cognatorum
1977 641 2176 679 suorum
2211 627 2497 691 quisquam,
2529 638 2675 689 quam
2707 614 2768 675 ut'
2791 624 2944 675 fllium
2981 625 3084 689 ejus
3107 627 3194 677 sibi

1637 702 1789 751 tilium
1810 702 2068 753 ascivisset.
2149 701 2246 763 (17)
2270 700 2550 763 Thudippus
2581 700 2710 749 enim
2733 700 2878 762 hujus
2895 700 3088 751 Cleonis
3110 714 3194 764 pa-

1638 777 1712 825 ter
1732 776 1961 837 Astyphili
1983 774 2106 837 patri
2125 776 2329 823 mortem
2347 773 2631 823 conscivisse
2648 774 2845 836 dicitur,
2865 786 3018 836 quum
3041 774 3197 837 jurgio

1639 863 1781 913 super
1806 848 2068 900 hereditate
2086 848 2320 899 cernenda
2341 849 2465 899 inter
2485 849 2595 900 illos
2613 848 2785 899 oborto
2797 886 2812 911 ,
2835 848 3036 897 verbera
3057 852 3195 913 Asty-

1639 924 1756 987 phili
1774 925 1897 988 patri
1916 923 2192 985 inflixisset3
2211 926 2261 974 et
2290 924 2392 972 tam
2414 922 2690 973 immaniter
2715 936 2829 973 eum
2852 923 3199 973 commulcasse

1643 998 1811 1061 fertur,
1850 1001 1905 1047 ut
1933 998 1984 1047 in
2003 997 2226 1047 morbum
2249 996 2480 1047 incideret
2505 998 2820 1060 Euthycrates
2834 1034 2849 1059 ,
2875 1010 2904 1046 a
2920 1010 3018 1059 quo
3035 998 3200 1059 paucis

1640 1068 1807 1119 diebus
1826 1072 1935 1133 post
1950 1067 2168 1119 sublatus
2184 1068 2273 1119 est.
2339 1068 2436 1129 (18)
2453 1071 2582 1117 Vere
2601 1068 2708 1117 haec
2733 1082 2762 1118 a
2777 1081 2858 1119 me
2875 1067 2987 1129 dici,
3007 1072 3200 1130 possent

1642 1140 1839 1202 quidem
1869 1139 2246 1203 Arapheniorum
2277 1138 2504 1201 permulti
2534 1138 2698 1189 testari
2723 1138 2808 1201 qui
2839 1140 2946 1187 tum
2971 1138 3202 1200 temporis

1643 1215 1818 1265 fundos
1838 1214 2038 1265 arabant
2055 1214 2216 1264 fundis
2233 1214 2407 1263 horum
2423 1212 2651 1263 finitimos
2665 1230 2682 1271 ς
2697 1212 2784 1265 sed
2801 1226 2968 1263 vereor
2985 1226 3046 1263 ne
3065 1212 3202 1262 vobis

1644 1302 1727 1340 eos
1750 1292 1980 1353 prusiam
2003 1289 2194 1339 disertis
2215 1288 2375 1338 verbis
2403 1287 2465 1338 de
2487 1301 2540 1339 re
2561 1289 2683 1339 tanti
2713 1288 2945 1338 momenti
2975 1290 3202 1337 testantes

1644 1364 1807 1413 minus
1822 1364 2017 1427 possim.
2039 1362 2278 1413 Hierocles
2297 1362 2424 1413 enim
2441 1362 2542 1425 ipse
2555 1399 2570 1424 ,
2589 1364 2672 1426 qui
2695 1363 2926 1427 Astyphili
2945 1365 3200 1413 testamen·

1646 1439 1752 1489 tum
1770 1452 1915 1502 penes
1932 1452 1982 1490 se
1995 1438 2062 1488 ait
2072 1438 2341 1501 depositum
2364 1450 2484 1500 esse,
2505 1452 2781 1501 quanquam
2801 1438 2925 1488 vidit
2940 1452 3093 1502 quum
3110 1442 3202 1488 Eu-

1646 1515 1888 1577 thycrates
1921 1528 1953 1564 a
1989 1516 2132 1565 t'ratre
2161 1513 2440 1578 vapularet,
2471 1514 2594 1563 nolit
2622 1518 2784 1565 tamen
2797 1550 2812 1575 ,
2839 1513 2889 1563 id
2921 1514 3050 1576 quod
3083 1513 3203 1563 bene

1646 1590 1788 1650 novi,
1812 1602 1869 1639 ea
1889 1590 2056 1639 testari
2068 1626 2084 1651 ,
2103 1600 2216 1652 quae
2242 1588 2284 1638 si
2309 1590 2533 1651 testetur,
2553 1588 2698 1639 iidem
2717 1602 2909 1639 omnem
2934 1588 3110 1638 tabulis
3123 1590 3192 1638 te·

1646 1664 1869 1713 stanienti
1892 1662 2021 1725 ejus,
2049 1660 2182 1726 quod
2202 1675 2302 1711 suae
2325 1661 2436 1712 iidei
2470 1662 2706 1712 creditum
2727 1662 2834 1712 vult
2863 1676 2992 1725 esse,
3021 1663 3121 1725 ipse
3141 1663 3204 1713 sit

1648 1736 1980 1801 derogaturus.
2002 1740 2065 1789 At
2087 1737 2394 1788 nihilominus
2410 1739 2574 1787 tamen
2592 1739 2687 1788 cita
2701 1740 2758 1788 tu
2777 1737 2898 1787 mihi
2917 1738 3201 1800 Hieroclem,

1649 1828 1747 1878 quo
1768 1828 1933 1864 coram
1963 1813 2206 1877 judicibus
2225 1814 2312 1863 aut
2345 1812 2474 1863 dicat
2503 1813 2860 1879 testimonium,
2893 1815 2980 1864 aut
3000 1813 3130 1877 juret
3153 1828 3206 1867 se

1650 1884 1806 1937 dicere
1822 1884 1873 1935 id
1892 1898 1992 1936 non
2009 1897 2163 1948 posse.

2194 2020 2642 2064 Tnsrmomtm.

1718 2135 1793 2181 19.
1828 2128 1983 2181 Probe
2007 2129 2192 2181 scilicet
2223 2142 2419 2191 noram,
2438 2130 2650 2193 judices,
2682 2130 2750 2181 ita
2775 2143 2880 2181 esse
2903 2134 3205 2182 eventurum.

1654 2203 1879 2267 Eiusdem
1909 2206 2038 2256 enim
2069 2205 2144 2255 est
2173 2204 2406 2268 hominis,
2431 2206 2482 2255 et
2502 2219 2586 2269 ea,
2619 2219 2731 2269 quae
2763 2219 2877 2256 vere
2907 2206 3032 2257 iacta
3051 2207 3208 2270 norit,

1653 2279 1865 2343 juratum
1880 2278 2093 2343 infitiari,
2109 2282 2158 2330 et
2169 2295 2281 2344 qnae
2295 2281 2420 2331 sacta
2437 2294 2677 2345 nusquam
2695 2281 2809 2343 sint,
2825 2294 2882 2331 ea
2891 2281 3016 2332 tacta
3028 2296 3130 2335 esse
3141 2284 3210 2333 di·

1658 2372 1765 2411 cere
1782 2360 1928 2423 idque
1945 2360 2254 2423 iureiurando
2273 2360 2576 2411 confirmare.
2598 2362 2818 2411 Ceterum
2836 2362 3181 2425 Euthycratem
3191 2398 3210 2427 ,

1661 2436 1889 2500 Astyphili
1907 2438 2110 2499 patrem,
2128 2436 2412 2486 morientem
2427 2448 2592 2487 severe
2607 2436 2882 2486 necessariis
2899 2437 3202 2489 interdixisse

1658 2528 1719 2565 ne
1736 2526 1881 2577 quem
1902 2526 1932 2563 e
1961 2512 2213 2576 Thudippo
2236 2514 2462 2563 natorum
2491 2513 2550 2564 ad
2573 2514 2818 2564 tumulum
2843 2528 2984 2565 suum
3006 2516 3215 2569 sinerent

1660 2594 1885 2645 accedere
1900 2631 1915 2656 ,
1936 2596 2190 2647 testabitur
2207 2594 2346 2645 vohis
2375 2596 2457 2647 ille
2467 2633 2484 2661 ,
2503 2597 2590 2660 qui
2610 2598 2768 2649 aviam
2792 2600 3026 2664 Astyphili
3042 2600 3092 2650 in
3109 2612 3214 2651 ma-

1660 2670 1885 2721 trimonio
1902 2670 2066 2721 habet.

2212 2809 2644 2853 ‘usnuomtm
2652 2839 2666 2853 .

1725 2930 1803 2975 20.
1837 2923 2114 2987 Astyphilus
2143 2923 2287 2988 igitur
2306 2939 2459 2989 quum
2491 2926 2596 2977 haec
2623 2939 2686 2977 ex
2715 2926 2808 2977 hoc
2826 2923 2980 2992 [aviae
3012 2930 3217 2995 marito]

1663 3012 1809 3075 atque
1823 3024 1851 3061 e
1872 3012 2070 3075 reliquis
2079 3012 2355 3064 necessariis
2375 3013 2635 3078 accepisset
2647 3016 2808 3065 statim
2833 3029 2862 3065 a
2874 3030 3024 3079 puero
3035 3055 3050 3080 ,
3065 3030 3218 3081 quum

1663 3104 1875 3167 primum
1903 3116 2070 3167 sapere
2099 3104 2271 3169 coepit,
2305 3119 2558 3169 nunquam
2579 3106 2728 3157 verba
2748 3121 2859 3158 cum
2887 3110 3063 3161 Cicone
3080 3124 3217 3163 com-

1664 3197 1897 3260 mutavit,
1921 3196 2006 3247 sed
2021 3197 2154 3261 prius
2167 3200 2374 3249 mortem
2391 3200 2617 3264 oppetiit,
2643 3201 2778 3252 nefas
2811 3202 2898 3253 sibi
2923 3202 3102 3255 ducens
3120 3206 3222 3258 sore

1665 3290 1835 3340 sicum
1854 3290 1954 3339 illio
1972 3289 2078 3351 eius
2095 3290 2467 3354 colloqueretur,
2483 3292 2568 3355 qui
2584 3292 2708 3343 tanti
2728 3294 2949 3346 facinoris
2967 3297 3016 3346 in
3033 3300 3218 3361 patrem

1666 3391 1810 3429 suum
1828 3378 2072 3428 commissi
2095 3378 2467 3429 insimularetur.
2487 3380 2652 3430 Testes
2676 3393 2762 3443 ego
2779 3394 2908 3431 nunc
2921 3382 3060 3433 vobis
3083 3384 3221 3434 exhi-

1666 3470 1790 3521 bebo
1812 3484 1924 3534 eos,
1945 3470 2033 3534 qui
2053 3470 2230 3522 conscii
2259 3472 2375 3523 sunt
2395 3472 2692 3537 Astyphilum
2713 3474 2874 3538 quoad
2903 3474 3038 3526 vixit.
3053 3477 3220 3527 simul·

1666 3563 1791 3614 tates
1811 3576 1926 3613 cum
1952 3564 2132 3616 Cicone
2146 3564 2434 3616 exercuisse.

2325 3694 2568 3739 ustus.

1732 3813 1805 3859 21.
1839 3814 1991 3861 Porro
2009 3812 2381 3862 consentaneum
2401 3814 2530 3875 erat,
2549 3812 2614 3861 ad
2649 3826 2803 3875 sacra,
2823 3813 2873 3862 in
2905 3814 3080 3877 quibus
3110 3816 3222 3866 reli·

1670 3902 1755 3964 qui
1771 3899 2080 3955 Athenienses
2097 3904 2338 3967 coepulari
2353 3904 2508 3954 solent
2520 3940 2535 3966 ,
2553 3904 2850 3967 Astyphilum
2874 3918 3086 3969 quoque,
3109 3920 3225 3971 quo·

1669 3990 1759 4039 ties
1773 3991 1821 4040 in
1834 3990 1988 4053 patria
2003 3989 2206 4053 adesset,
2219 3992 2316 4041 alio
2329 4004 2443 4041 cum
2455 3991 2646 4041 nemine
2659 3992 2727 4041 ire
2739 4004 2884 4055 quam
2900 4006 3012 4043 cum
3027 3994 3222 4058 cleone,

1671 4078 1847 4142 quippe
1876 4079 2015 4141 cuius
2031 4078 2242 4142 primum
2271 4078 2572 4143 municipalis
2593 4080 2743 4141 esset,
2775 4080 2946 4131 deinde
2977 4082 3224 4132 consobri-

1672 4179 1791 4228 nus,
1812 4167 1948 4228 quus
1965 4166 2172 4229 denique
2201 4166 2352 4217 tilium
2377 4167 2478 4229 ipse
2503 4167 2594 4217 sibi
2621 4170 2745 4218 esset
2763 4167 3094 4231 adoptaturus.
3125 4174 3224 4221 ve·

1673 4260 1781 4303 rum
1813 4266 2061 4318 nunquam
2084 4253 2359 4317 Astyphilus
2381 4253 2610 4304 cleonem
2632 4255 2889 4305 comitatus
2914 4258 3012 4319 est3
3033 4270 3129 4321 qua
3165 4256 3226 4309 de

1674 4355 1726 4393 re
1743 4340 2104 4405 municipalium
2120 4340 2391 4391 testimonia
2409 4341 2565 4391 scriba
2580 4340 2718 4393 vobis
2739 4343 2978 4407 proeleget.

2223 4487 2564 4531 'rssstntom
2571 4488 2604 4530 U
2613 4489 2662 4530 Π
2671 4517 2683 4530 .

1738 4601 1816 4647 22.
1854 4598 2142 4659 Quanquam
2173 4596 2314 4658 igitur
2338 4598 2408 4646 ita
2438 4597 2487 4646 hi
2518 4611 2629 4660 erga
2663 4610 2715 4647 se
2737 4600 2910 4648 mutuo
2935 4600 3130 4650 animati
3153 4614 3228 4653 es-

1675 4675 1807 4735 sent,
1845 4674 2056 4736 postulat
2090 4676 2238 4725 Cleon
2281 4675 2588 4725 nihilominus
2618 4676 2772 4726 tilium
2822 4686 2962 4727 suum
2995 4680 3231 4742 Astyphiii

1676 4751 1801 4802 bona
1821 4752 2014 4802 habere.
2048 4756 2336 4817 Quanquam
2366 4753 2594 4803 Cleonem
2620 4766 2996 4806 commemorare
3017 4756 3134 4819 quid
3153 4760 3228 4807 at-

1676 4829 1827 4879 tinet?
1840 4833 1948 4892 lpse
1967 4829 2234 4893 Hierocles,
2253 4830 2444 4881 tametsi
2461 4833 2511 4881 et
2529 4830 2760 4895 Astyphili
2775 4836 2824 4883 et
2841 4846 2978 4884 meus
2993 4836 3064 4883 est
3083 4847 3230 4884 avun-

1676 4907 1843 4970 culus,
1879 4911 1982 4959 tam
2019 4910 2177 4960 audax
2199 4912 2360 4961 tamen
2393 4912 2492 4974 est,
2519 4913 2578 4962 ut
2613 4914 2952 4962 taetamentum
2984 4926 3231 4976 nunquam

1676 4987 1906 5051 scriptum
1929 4988 1992 5038 ab
2014 4990 2263 5052 Astyphilo
2289 4990 2390 5040 aiat
2414 5004 2558 5054 penes
2580 4996 2632 5041 se
2647 4983 2916 5054 depositum
2940 5004 3066 5052 esse,
3086 4992 3232 5053 idque

1678 5078 1765 5128 pro
1780 5065 1986 5128 genuino
2003 5068 2230 5130 proterat.
2296 5068 2396 5131 (23)
2411 5068 2557 5132 Atqui
2575 5064 2741 5119 multis
2754 5070 2954 5118 ornatus
2972 5067 3229 5131 beneficiis,

1682 5142 1926 5206 Hierocle,
1949 5156 1980 5193 a
2007 5145 2144 5206 patre
2171 5156 2280 5195 meo
2310 5145 2665 5210 Theophrasto,
2685 5157 2835 5209 quum
2854 5158 2930 5195 ras
2957 5142 3047 5193 tibi
3071 5142 3234 5194 adhuc

1681 5222 1804 5271 esset
1836 5233 1986 5284 quam
2020 5235 2154 5272 nunc
2187 5224 2260 5273 est
2282 5223 2475 5285 arctior,
2511 5224 2626 5274 item
2650 5224 2712 5274 ab
2741 5204 3013 5287 Amphio,
3051 5220 3232 5273 malam

1682 5300 1805 5353 hanc
1825 5300 2064 5353 ambobus
2085 5302 2234 5354 refers
2262 5302 2465 5367 gratiam
2487 5322 2500 5355 ι
2525 5312 2748 5355 numme
2766 5301 2961 5366 quidem
2973 5334 2991 5364 ‚
3021 5299 3107 5363 qui
3133 5301 3234 5355 tuo
