3825 5842
131 486 392 569 (an—soc)

73 647 110 683 ιο
193 640 254 679 ιο.
301 615 542 695 Καίτοιγε
573 612 730 673 αὗτὸν
753 608 926 671 ἀκούω
959 610 1120 679 λέξειν
1156 612 1229 678 ὥς
1253 612 1310 671 οὔ
1345 611 1463 691 περὶ
1498 612 1652 672 αὖτοῦ

129 708 264 786 μόνον
293 710 325 777 ἡ
358 702 641 781 δοκιμασία
680 700 837 774 ἐστίν,
879 699 1016 758 ἀλλὰ
1051 700 1172 782 περὶ
1203 698 1412 759 πάντων
1455 702 1558 759 τῶν
1600 703 1653 759 ἐν

130 798 258 855 ἄστει
277 792 576 873 μεινάντων,
597 783 688 851 καί
702 787 819 855 τοὺς
835 787 1014 869 ὅρκους
1027 788 1118 845 καὶ
1138 788 1230 855 τὰς
1249 786 1503 859 συνθήκας
1521 790 1654 863 ὑμᾶς

134 881 454 961 ὑπομνήσειν,
489 882 562 947 ὣς
598 881 660 938 ἐκ
692 876 887 938 τούτων
914 874 1342 957 προσληψόμενον
1379 875 1531 933 αὐτὸν
1573 875 1654 934 δο-

125 970 356 1050 κιμαστὰς
381 966 500 1035 τοὺς
527 970 581 1026 ἐν
617 966 766 1026 ἄστει
794 963 1088 1043 μείναντας.
1135 960 1278 1041 Ἐγὼ
1319 964 1364 1021 δ’
1400 963 1528 1043 ὑπὲρ
1564 966 1656 1021 τοῦ

125 1059 324 1130 πλήθους
348 1055 554 1139 βραχέα
581 1055 708 1136 πρὸς
733 1052 888 1112 αὖτὺν
910 1054 1070 1111 εἰπεῖν
1097 1051 1382 1131 βούλομαι,
1406 1048 1486 1108 ὅτι
1512 1052 1540 1107 ὁ
1564 1050 1655 1121 8³,-

133 1151 275 1226 μοςοῦ
295 1144 388 1219 τὴν
409 1143 574 1215 αὐτὴν
589 1143 800 1223 γνώμην
817 1140 927 1219 ἔχει
945 1138 1064 1221 περὶ
1083 1138 1292 1197 πάντων
1312 1140 1414 1196 τῶν
1435 1138 1487 1195 ἐν
1510 1136 1658 1195 ἄστει

59 1234 413 1313 ιΠμεινάντων,
433 1230 573 1293 ἀλλὰ
593 1230 712 1311 περὶ
733 1228 828 1307 μὲν
845 1231 946 1287 τῶν
969 1232 1182 1286 τοιαῦτα
1206 1224 1659 1305 ἐξαμαρτανόντων

135 1323 230 1381 οἷαν
255 1321 352 1401 ἐγώ
373 1344 512 1403 φημι
533 1320 654 1391 δεῖν,
693 1315 815 1398 περὶ
843 1314 900 1375 δὲ
931 1318 1033 1374 τῶν
1064 1314 1237 1373 ἄλλων
1273 1314 1368 1385 τὴν
1404 1312 1659 1374 ἐναντίαν.

141 1414 217 1490 (ιτ)
257 1407 552 1489 Τεκμήριον
599 1404 656 1465 δέ
673 1426 688 1441 ·
715 1407 774 1464 οὗ
799 1401 902 1485 γὰρ
947 1402 1193 1468 ἐλάττους
1230 1400 1426 1459 τούτων
1453 1404 1488 1471 ἡ
1516 1400 1662 1466 πόλις

138 1498 362 1576 τετίμηκε
407 1500 513 1555 τῶν
546 1493 634 1553 ἐπὶ
659 1490 848 1564 Φυλὴν
885 1490 1132 1549 ἐλθόντων
1174 1488 1264 1548 καὶ
1299 1488 1388 1547 τὸν
1437 1489 1664 1567 Πειραιᾶ

135 1584 539 1645 καταλαὸόντων.
619 1580 872 1647 Εἰκότως·
900 1576 1016 1645 τοὺς
1045 1576 1141 1655 μὲν
1167 1575 1266 1657 γὰρ
1300 1576 1474 1635 ἴσασιν
1493 1573 1658 1634 ὁποῖοί

135 1696 252 1740 τινες
269 1674 320 1731 ἐν
341 1668 668 1751 δημοκρατία
690 1666 820 1747 μόνῃ
841 1664 1142 1743 γεγένηνται
1157 1712 1173 1738 ,
1197 1664 1364 1722 ὁποῖοι
1385 1662 1428 1721 δ’
1453 1661 1516 1720 ἄν
1535 1684 1666 1729 τινες

84 1788 105 1826 s
135 1762 182 1819 ἐν
203 1757 475 1841 ὀλιγαρχία
499 1755 726 1834 γένοιντο
741 1800 758 1832 ,
782 1752 928 1813 οὔπω
951 1760 1135 1831 πεῖραν
1157 1749 1417 1831 εἰλήφασι·
1437 1747 1583 1830 παρὰ
1611 1748 1666 1808 δὲ

135 1848 311 1907 τούτων
339 1844 589 1926 ἑκατέρας
612 1848 704 1915 τῆς
734 1840 996 1907 πολιτείας
1034 1837 1225 1911 ἱκανὴν
1253 1838 1476 1917 βάσανον
1514 1837 1664 1916 ἔχου·

137 1960 223 2009 σιν,
242 1934 364 1995 ὥστ’
386 1932 596 1999 εἰκότως
619 1928 900 1991 πιστεύειν.
971 1928 1058 2005 (18)
1101 1926 1208 1987 Καὶ
1227 1924 1473 2005 ἡγοῦνταί
1499 1948 1560 2003 γε
1581 1923 1666 1983 διὰ

141 2023 224 2101 μὶν
243 2022 356 2091 τοὺς
376 2020 634 2088 τοιούτους
667 2016 783 2085 τοὺς
809 2014 1192 2095 συλληφθέντας
1216 2013 1332 2072 τότε
1367 2016 1664 2090 ἀποθανεῖν,

142 2111 216 2171 διὰ
250 2112 302 2171 δὲ
337 2109 456 2175 τοὺς
484 2108 668 2175 ἄλλους
701 2104 818 2171 τοὺς
858 2104 1240 2183 συλληφθέντας
1273 2105 1531 2181 ἐκφυγεῖν,
1555 2098 1668 2159 ἐπεὶ

139 2198 184 2257 εἰ
201 2224 256 2278 γε
291 2198 386 2271 τὴν
416 2194 578 2267 αὐτὴν
601 2192 818 2272 γνώμην
851 2190 1074 2257 ἅπαντες
1101 2188 1273 2269 ἔσχον,
1297 2187 1402 2247 οὔτ’
1435 2187 1500 2246 ἂν
1533 2185 1668 2265 φυγὴ

139 2286 232 2347 οὔτ’
258 2287 320 2346 ἂν
344 2285 558 2351 κάθοδος
596 2280 706 2343 οὔτ’
741 2280 870 2340 ἄλλο
908 2280 1054 2345 οὐδὲν
1082 2277 1146 2338 ἂν
1176 2280 1279 2336 τῶν
1314 2274 1669 2355 γεγενημένων

139 2378 198 2455 τῇ
216 2374 359 2434 πόλει
381 2370 595 2443 συνέὸη.
659 2370 750 2446 (ιο)
774 2366 932 2428 Ἀλλὰ
955 2364 1122 2426 καὶτὸ
1137 2363 1323 2443 ἄλογον
1343 2366 1522 2423 δοκοῦν
1541 2352 1673 2422 εἶναι

85 2482 126 2521 Ιο
143 2462 273 2541 παρά
298 2486 452 2535 τισιν,
478 2459 616 2526 ὅπως
633 2454 758 2517 ποτὶ
784 2452 969 2516 πολλοὶ
997 2454 1136 2520 ὄντες
1163 2452 1254 2511 ὑπ’
1276 2452 1462 2531 ὀλίγων
1487 2454 1588 2509 τῶν
1617 2452 1671 2508 ἐν

144 2553 362 2631 Πειραιεῖ
377 2546 703 2624 ἡττήθησαν,
741 2542 1022 2619 οὐδαμόθεν
1048 2540 1262 2599 ἄλλοθεν
1283 2537 1318 2609 ἢ
1341 2540 1403 2597 ἐκ
1432 2543 1525 2610 τῆς
1553 2536 1673 2598 τού-

138 2662 230 2697 των
254 2636 496 2717 προνοίας
522 2633 810 2712 γεγένηται·
849 2622 988 2689 οὗτοι
1027 2627 1128 2709 γὰρ
1169 2624 1366 2687 εἵλοντο
1403 2624 1536 2705 μετὰ
1573 2627 1674 2685 τῶν

141 2727 478 2785 κατελθόντων
512 2720 876 2782 πολιτεύεσθαι
913 2719 1112 2795 μᾶλλον
1149 2714 1184 2787 ἢ
1225 2714 1360 2792 μετὰ
1386 2716 1490 2773 τῶν
1527 2711 1674 2793 τρια·

140 2837 279 2873 κοντα
301 2808 734 2889 Λακεδαιμονίοις
769 2806 1048 2867 δουλεύειν.
1133 2805 1224 2883 (2ο)
1256 2802 1537 2883 Τοιγάρτοι
1561 2800 1676 2859 ἀντὶ

139 2903 316 2962 τούτων
335 2898 524 2967 αὖτοὺς
541 2902 570 2957 ὃ
587 2900 748 2975 δῆμος
769 2896 882 2961 ταῖς
905 2893 1176 2973 μεγίσταις
1193 2898 1371 2967 τιμαῖς
1383 2889 1676 2967 τετίμηκεν,

139 2994 404 3071 ἱππαρχεῖν
432 2987 528 3047 καὶ
554 2991 864 3065 στρατηγεῖν
890 2981 980 3042 καὶ
1009 2976 1312 3063 πρεσὸεύειν
1339 2976 1474 3058 ὑπὲρ
1505 2980 1677 3036 αὑτῶν

140 3078 440 3159 αἱρούμενοι·
469 3076 559 3135 καὶ
577 3071 817 3134 οὐδέποτε
844 3070 1014 3137 αὖτοῖς
1037 3068 1380 3147 μετεμέλησε.
1459 3064 1564 3125 Καὶ
1594 3061 1680 3121 διὰ

141 3166 224 3242 μίν
244 3190 301 3245 γε
326 3164 448 3233 τοὺς
479 3160 648 3223 πολλὰ
677 3158 1059 3239 ἐξαμαρτόντας
1087 3155 1180 3222 τὰς
1211 3151 1516 3232 δοκιμασίας
1549 3141 1682 3211 εἶναι

77 3272 118 3313 15
137 3254 446 3337 ἐψηφίσαντο
461 3296 482 3329 ‚
505 3249 590 3309 διὰ
613 3248 670 3308 δὲ
695 3246 812 3315 τοὺς
835 3245 996 3325 μηδὲν
1018 3249 1244 3305 τοιοῦτον
1273 3240 1567 3323 πράξαντας
1590 3237 1682 3306 τὰς

142 3342 384 3415 συνθήκας
419 3338 754 3410 ἐποιήσαντο.
835 3331 1072 3395 Τοιαῦτα
1091 3354 1172 3391 σοι
1194 3330 1296 3409 ἐγὼ
1319 3326 1448 3409 ὑπὲρ
1474 3332 1564 3388 τοῦ
1589 3325 1680 3399 δή·

141 3454 230 3511 μου
253 3428 618 3511 ἀποκρίνομαι.

209 3542 279 3582 21.
325 3516 612 3598 ’Υμέτερον
638 3513 702 3586 δὴ
736 3510 883 3593 ἔργον
917 3508 1074 3582 ζστίν,
1101 3496 1147 3567 ὦ
1171 3507 1350 3588 ἄνδρες
1382 3503 1682 3587 βουλευταί,

142 3608 426 3691 σκέψασθαι
448 3603 652 3685 ποτέρῳ
688 3600 754 3661 ἂν
783 3598 1076 3677 πειθόμενοι
1101 3596 1222 3676 περὶ
1256 3598 1348 3665 τῆς
1377 3591 1684 3670 δοκιμασίας

141 3697 321 3769 ταύτης
341 3696 557 3773 ἄμεινον
585 3686 952 3771 βουλεύσαισθε
967 3732 985 3762 .,
1009 3685 1222 3765 πότερον
1244 3681 1363 3760 ἐμοὶ
1392 3680 1428 3753 ἢ
1465 3687 1684 3763 Θρασυ-

145 3783 302 3864 ὅούλῳ
315 3830 334 3863 ,
357 3781 414 3847 ὃς
435 3782 580 3857 αὐτῷ
601 3774 1004 3854 ἀπολογήσεται.
1022 3770 1156 3852 Περὶ
1171 3770 1266 3848 μὲν
1289 3762 1374 3827 οὖν
1393 3770 1521 3844 ἐμοῦ
1543 3766 1688 3839 ἢτοῦ

99 3896 122 3932 ο
143 3872 312 3939 παιδὸς
333 3870 370 3942 ἢ
399 3872 505 3927 τῶν
525 3862 790 3946 προγόνων
808 3860 952 3921 οὖδλν
971 3850 1115 3927 οὗτος
1133 3860 1292 3917 εἰπεῖν
1316 3854 1415 3925 ἔξει
1439 3856 1508 3921 εἰς
1531 3876 1688 3933 μισο-

145 3959 348 4037 δημίαν.
367 3954 511 4017 Οὔτε
526 3952 629 4034 γὰρ
643 3955 712 4019 ὣς
733 3948 1036 4095 ὀλιγαρὲχίας
1048 3944 1300 4026 μετέσχον
1324 3942 1562 4024 (ὕστερον
1585 3942 1688 4022 γὰρ

140 4052 235 4107 τῶν
267 4045 476 4129 χρόνων
497 4040 690 4102 τούτων
727 4036 858 4118 ἀνὴρ
882 4060 906 4095 ε
930 4059 1013 4094 ναι
1035 4032 1412 4112 ἐδοκιμάσθην)
1432 4076 1448 4105 ,
1471 4027 1576 4089 οὔθ’
1620 4032 1690 4096 ώς

142 4138 168 4192 ὁ
183 4116 355 4216 πατήρ
373 4128 510 4213 (πρὸ
529 4126 632 4208 γὰρ
649 4130 752 4187 τῶν
773 4124 1006 4185 στάσεων
1032 4121 1167 4182 πολὺ
1196 4123 1250 4180 ἰν
1277 4118 1494 4199 Σικελία
1515 4115 1690 4197 ἅρχων

142 4219 470 4294 ἐτελεύτησεν
483 4216 518 4298 )·
547 4217 638 4295 (22)
668 4214 776 4273 οὔδ’
799 4215 868 4279 ὡς
895 4213 942 4271 οἰ
969 4209 1210 4291 πρόγονοι
1245 4206 1348 4265 ὑπὸ
1373 4206 1478 4272 τοῖς
1501 4202 1690 4285 τυράν-

143 4335 236 4379 νοις
258 4308 512 4389 ἑγένοντο·
532 4302 892 4371 στασιάζοντες
909 4298 1008 4380 γὰρ
1025 4296 1154 4378 πρὸς
1178 4290 1362 4361 αὐτοὺς
1379 4291 1466 4351 τὸν
1483 4290 1692 4351 ἅπαντα

143 4398 317 4482 χρόνον
345 4394 664 4456 διετέλεσαν.
708 4386 868 4450 Ἀλλὰ
891 4385 984 4465 μὲν
1003 4384 1068 4457 δὴ
1087 4382 1204 4444 οὐδὲ
1222 4380 1318 4454 τὴν
1351 4378 1530 4440 οὐσίαν
1550 4382 1692 4455 ἡμᾶς

80 4506 122 4545 2⁵
146 4489 192 4545 ἰν
217 4491 294 4567 τῷ
313 4483 538 4563 πολέμῳ
559 4478 714 4561 φήσει
740 4474 1031 4547 κτήσασθαι
1047 4518 1064 4547 ,
1089 4474 1158 4540 εἰς
1185 4466 1356 4540 δὲτὴν
1375 4467 1525 4527 πόλιν
1548 4465 1692 4525 οῦδὲν

148 4571 488 4647 ἀνηλωκέναι·
509 4576 615 4627 πᾶν
640 4564 742 4645 γὰρ
769 4560 1078 4629 τούναντίον,
1111 4560 1164 4617 ἕν
1193 4555 1370 4635 εἰρήνῃ
1397 4552 1490 4631 μὲν
1517 4553 1695 4631 dysen-

151 4658 554 4724 κοντατᾶλαντος
569 4656 721 4733 ἡμῶν
750 4654 778 4709 ὃ
796 4640 931 4716 οἶκος
949 4646 1177 4727 ἐγένετο,
1198 4646 1270 4710 εἰς
1296 4642 1351 4701 δὲ
1373 4638 1467 4711 τὴν
1490 4643 1582 4712 τῆς
1606 4638 1696 4699 πό-

153 4751 268 4818 λεως
282 4744 547 4828 σωτηρίαν
561 4746 614 4802 ἐν
641 4744 716 4823 τῷ
733 4737 948 4818 πολέμῳ
976 4735 1113 4802 ἅπας
1131 4728 1389 4812 ἀνηλώθη.
1433 4731 1522 4808 (aa)
1549 4725 1696 4807 Ἐγὼ

159 4838 206 4896 δὲ
231 4836 350 4917 περὶ
382 4832 568 4894 τούτου
593 4828 712 4911 τρία
739 4826 838 4897 ἔξω
864 4826 1025 4885 εἰπεῖν
1050 4824 1342 4894 τηλικαῦτα
1367 4816 1426 4876 τὺ
1455 4814 1694 4894 μέγεθος,

159 4922 270 4983 ὅστ’
289 4924 432 4993 α’ξιον
457 4911 588 4979 εἶναι
609 4916 824 4976 ἕκαστον
850 4912 994 4995 ἔργον
1017 4908 1254 4971 θανάτου·
1278 4908 1482 4985 πρῶτον
1499 4903 1594 4981 μὲν
1615 4900 1696 4962 ὅτι

161 5011 243 5083 τὴν
268 5015 318 5071 ἐν
347 5008 598 5072 Βοιωτοῖς
623 5001 888 5063 πολιτείαν
911 4998 1164 5081 χρήματα
1192 4991 1370 5054 inerma
1409 4989 1695 5069 μετέστησε

163 5098 240 5157 καὶ
263 5103 356 5170 τῆς
381 5090 690 5173 συμμαχίας
724 5093 859 5168 ὑμᾶς
895 5084 1084 5159 ταύτης
1114 5080 1486 5162 ἀπεστέρησεν,
1516 5075 1695 5137 ἔπειτα

89 5208 134 5244 3ο
163 5184 232 5243 ὅτι
257 5184 348 5253 τὰς
379 5186 506 5249 ναῦς
539 5178 806 5261 προῦδωκε
832 5176 923 5236 καὶ
959 5172 1054 5245 τὴν
1095 5170 1246 5233 πόλιν
1279 5167 1400 5250 περὶ
1437 5162 1694 5245 σωτηρίας

165 5270 486 5352 βωλεύεσθαι
521 5268 816 5342 πεποίηκεν,
858 5262 950 5344 (24)
989 5261 1169 5323 ἔπειτα
1199 5258 1278 5318 ὅτι
1311 5254 1455 5338 παρὰ
1481 5258 1586 5313 τῶν
1617 5254 1704 5340 αἰῗ

959 480 1202 541 LYSIAE
1247 480 1370 541 ΟΒ.
1412 482 1512 542 DE
1559 482 1899 545 EVANDRJ
1944 486 2442 549 PROBATIONE.
2546 438 2557 451 ο

3168 504 3275 557 2¹1

1805 630 1878 673 16.
1934 626 1993 675 At
2015 626 2143 677 enim
2178 624 2320 678 audio
2346 627 2495 678 istum
2532 626 2775 680 dicturum
2809 644 2907 681 non
2952 630 3013 681 ad
3047 645 3099 683 se
3127 632 3285 684 solum
3395 658 3421 681 ο

1740 710 1863 761 hanc
1883 713 2212 776 probationem
2234 716 2502 779 pertinere,
2520 717 2603 769 sed
2624 718 2687 768 ad
2702 732 2869 770 omnes
2892 720 3049 783 quiin
3066 720 3188 773 urbe
3210 736 3288 772 re-

1742 804 2045 863 manser-nnn
2065 814 2247 867 vosque
2264 802 2325 853 de
2334 802 2646 867 iureiurando
2664 808 2713 857 et
2730 807 2885 871 pactis
2900 807 3290 871 admoniturum3

1741 888 1874 951 quasi
1903 888 2013 941 iude
2036 890 2111 941 sui
2128 892 2406 955 probatores
2420 893 2510 943 sibi
2534 893 2874 947 conciliaturus
2889 898 3011 947 esset
3028 910 3111 947 eos
3136 898 3221 962 qni
3242 898 3292 947 in

1743 976 1862 1026 urbe
1877 981 2219 1029 remanserunt.
2236 983 2334 1043 Ego
2348 982 2510 1031 autem
2520 994 2609 1045 pro
2620 982 2799 1045 populo
2808 996 2958 1047 pauca
2971 984 3085 1034 huic
3094 998 3291 1049 respon-

1743 1061 1856 1114 dere
1873 1066 1983 1115 volo
1997 1086 2009 1115 :
2023 1067 2201 1118 scilicet
2214 1068 2445 1132 populum
2460 1082 2559 1119 non
2572 1069 2699 1121 idem
2714 1072 2890 1121 sentire
2902 1071 2963 1121 de
2974 1072 3197 1123 omnibus
3210 1073 3294 1136 qui

1745 1151 1796 1201 in
1813 1152 1933 1203 urbe
1962 1157 2317 1217 remanserunt;
2346 1170 2517 1207 verum
2540 1155 2601 1208 de
2622 1158 2681 1208 iis
2711 1158 2794 1221 qui
2821 1159 2935 1208 talia
2960 1161 3297 1223 perpetrarunt

1746 1240 1908 1302 qualia
1930 1242 2166 1307 Evander,
2190 1244 2260 1294 ita
2277 1246 2335 1295 ut
2350 1258 2437 1308 ego
2456 1246 2533 1295 aio
2554 1248 2777 1309 oportere
2792 1283 2806 1310 ,
2823 1246 2885 1296 de
2900 1247 3097 1309 reliquis
3112 1249 3297 1298 contra·

1747 1327 1819 1377 rio
1853 1328 2015 1379 modo.
2082 1330 2179 1395 (17)
2212 1332 2365 1395 Cujus
2397 1333 2467 1383 rei
2502 1334 2595 1383 hoc
2630 1340 2973 1396 argumentum
2998 1348 3100 1385 esse
3130 1336 3295 1398 possit.

1748 1416 1854 1465 Non
1892 1418 2022 1467 euim
2062 1419 2307 1481 pauciores
2344 1434 2405 1471 ex
2438 1422 2513 1471 his
2546 1422 2683 1471 auxit
2716 1422 2977 1473 honoribus
3005 1421 3269 1486 respublica
3283 1458 3297 1483 ,

1749 1516 1895 1565 quam
1907 1517 1971 1554 ex
1984 1503 2043 1555 iis
2058 1506 2143 1569 qui
2158 1506 2336 1569 Phylen
2350 1510 2653 1560 accesserunt
2670 1510 2719 1559 et
2738 1509 2969 1559 Piraeeum
2983 1512 3297 1573 occuparunt.

1751 1592 1814 1640 Et
1839 1592 2035 1654 quidem
2052 1594 2229 1644 merito
2250 1613 2263 1643 ι
2284 1595 2373 1645 hos
2398 1597 2573 1660 quippe
2594 1599 2774 1646 norunt
2790 1596 3061 1659 cuiusmodi
3080 1600 3235 1647 essent
3254 1597 3301 1646 in

1751 1679 1852 1729 sola
1870 1679 2191 1745 democratia,
2216 1682 2381 1746 quales
2396 1697 2513 1733 vero
2530 1685 2626 1733 sint
2643 1685 2799 1735 iuturi
2816 1686 2868 1735 ln
2883 1685 3164 1748 oligarcbia,
3182 1698 3299 1734 non·

1752 1765 1870 1817 dum
1887 1770 2003 1819 sunt
2023 1770 2235 1833 experti5
2268 1772 2461 1822 illorum
2492 1775 2656 1823 autem
2684 1774 2734 1823 in
2766 1776 2971 1837 utraque
2999 1772 3163 1836 politia
3188 1774 3303 1823 satis

1752 1856 2063 1919 experimenti
2099 1858 2276 1909 habent
2288 1896 2303 1923 ‚
2332 1862 2389 1911 ut
2425 1874 2524 1911 non
2560 1862 2801 1912 immerito
2822 1862 3005 1925 possint
3024 1861 3263 1912 confidere
3289 1879 3301 1909 ε

1754 1944 1851 2007 (18)
1872 1946 1921 1995 et
1942 1946 2215 1998 existimant
2235 1962 2321 2012 per
2335 1948 2457 2000 tales
2482 1950 2636 2013 qualis
2654 1950 2747 2001 fuit
2774 1950 3011 2013 Evander,
3034 1952 3143 2001 tum
3162 1949 3305 1999 morti

1754 2031 1895 2083 misse
1908 2034 2048 2085 datos
2062 2048 2145 2086 eos
2156 2035 2242 2099 qui
2259 2038 2800 2102 comprehendebantur,
2818 2052 2903 2103 per
2921 2038 3040 2089 alios
3055 2050 3169 2089 vero
3184 2038 3308 2088 effu-

1754 2120 1888 2185 gisse.
1905 2126 2027 2174 Nam
2048 2124 2087 2173 si
2105 2137 2274 2175 omnes
2286 2125 2457 2176 eodem
2473 2126 2631 2177 animo
2648 2127 2846 2177 ruissent
2857 2163 2874 2188 ,
2888 2140 3047 2190 neque
3070 2126 3181 2189 suga
3192 2162 3208 2189 ‚
3228 2139 3309 2175 ne·

1755 2223 1850 2272 que
1869 2210 2049 2261 reditus
2060 2248 2075 2274 ,
2100 2224 2256 2275 neque
2282 2211 2548 2276 quidquam
2566 2213 2696 2263 aliud
2710 2227 2878 2264 eorum
2895 2226 3005 2276 quoe
3022 2214 3148 2263 tacti.
3164 2214 3276 2263 aunt
3290 2249 3305 2275 ,

1759 2298 1939 2348 civitati
1949 2298 2235 2362 contigisset.
2272 2300 2370 2364 (19)
2386 2304 2569 2351 Verum
2579 2302 2726 2352 etiam
2740 2301 2873 2365 quod
2886 2302 3127 2353 nonnullis
3134 2304 3309 2365 praeter

1760 2392 1993 2444 rationem
2027 2392 2219 2445 videtur
2242 2394 2469 2445 accidisse
2483 2433 2499 2459 ,
2531 2408 2630 2459 quo
2655 2398 2797 2460 pacto
2827 2396 3055 2446 nimirum
3086 2394 3178 2446 viri
3208 2396 3310 2445 tam

1761 2488 1950 2538 multia
1968 2488 2283 2541 Piraeensibus
2307 2491 2405 2539 tam
2424 2491 2587 2553 paucis
2603 2489 2831 2541 debellari
2848 2488 3114 2553 potuerint,
3134 2487 3184 2539 id
3212 2502 3313 2541 non

1762 2582 1951 2634 aliunde
1982 2583 2201 2647 provenit
2216 2596 2360 2647 quam
2380 2598 2444 2634 ex
2460 2584 2633 2634 borum
2652 2598 2772 2647 quos
2797 2584 2971 2648 loquor
2998 2596 3113 2634 cura
3130 2586 3181 2633 et
3201 2596 3313 2633 con·

1762 2675 1883 2726 silio.
1948 2676 1990 2727 li
2010 2690 2138 2727 emm
2155 2677 2367 2727 maluere
2394 2690 2490 2727 una
2508 2690 2621 2727 cum
2640 2676 2949 2727 redeuntibus
2965 2675 3313 2739 rempublicam

1763 2770 2121 2835 administrare,
2153 2785 2301 2836 quam
2322 2785 2435 2821 cum
2465 2772 2659 2835 triginta
2678 2772 2792 2821 viris
2811 2770 3183 2821 Lacedaemoniis
3211 2783 3313 2820 ser-

1763 2866 1882 2917 vire.
1951 2866 2049 2929 (20)
2082 2868 2381 2929 Quapropter
2403 2879 2485 2915 eos
2502 2866 2669 2915 civitas
2685 2864 2987 2927 amplissimis
3016 2864 3206 2914 ornavit
3224 2864 3312 2913 lio·

1764 2962 1963 3011 notibus
1978 2998 1993 3025 ‚
2026 2964 2083 3011 ut
2114 2975 2173 3011 ex
2196 2961 2255 3011 iis
2283 2961 2503 3023 equitum
2536 2960 2749 3022 praetecti
2761 2996 2777 3022 ,
2801 2960 3111 3021 imperatores
3124 2995 3141 3022 ‚
3174 2959 3315 3021 legati

1766 3057 2079 3119 eligerentur3
2118 3068 2209 3105 nec
2239 3054 2343 3117 ejus
2379 3055 2447 3103 rei
2480 3054 2633 3116 ipsam
2670 3066 2885 3117 unquam
2916 3052 3155 3115 poenituit.
3248 3058 3317 3102 Ac

1767 3150 1961 3213 propter
1988 3160 2095 3199 reos
2126 3147 2323 3211 quidem
2363 3148 2629 3197 multorum
2664 3145 2951 3196 delictorum
2963 3181 2979 3207 ‚
3014 3144 3319 3209 probationes

1767 3242 2010 3294 habendas
2042 3256 2145 3293 esse
2174 3242 2416 3304 decrevit3
2449 3243 2643 3304 propter
2666 3252 2749 3291 eos
2767 3243 2961 3302 autem,
2980 3240 3065 3303 qui
3082 3238 3199 3290 nihil
3220 3238 3319 3289 tale

1767 3339 2128 3402 perpetrarunt,
2152 3338 2290 3401 pacta
2306 3336 2443 3387 lnivit
2460 3336 2511 3386 et
2545 3334 2867 3385 concordiam.
2906 3335 3063 3398 Atque
3088 3334 3193 3385 boec
3213 3334 3319 3397 qui-

1769 3427 1878 3477 dem
1895 3440 1985 3490 pro
2000 3426 2177 3490 populo
2192 3424 2469 3489 respondeo.

1833 3520 1910 3565 21.
1945 3516 2171 3566 Vestrum
2188 3515 2349 3564 antem
2366 3514 2465 3573 est,
2494 3514 2759 3575 senatores,
2778 3510 3040 3562 deliberare
3062 3512 3155 3562 utri
3180 3510 3317 3562 adhi-

1771 3613 1939 3664 bentes
1956 3612 2099 3662 fldem
2127 3611 2189 3662 de
2206 3612 2298 3661 hac
2332 3610 2609 3673 probatione
2621 3647 2637 3673 ,
2680 3610 2853 3659 rectius
2886 3609 3017 3659 eritis
3054 3608 3318 3671 decreturi,

1773 3706 1939 3755 utrum
1956 3704 2077 3753 milii
2094 3716 2156 3752 an
2173 3701 2471 3765 Thrasybulo
2487 3700 2571 3764 qui
2592 3701 2726 3751 istius
2743 3699 3063 3749 defensionem
3080 3701 3323 3763 susceptu·

1774 3814 1859 3851 rus
1877 3803 1964 3852 est.
1986 3804 2057 3853 De
2076 3813 2155 3850 me
2176 3800 2337 3862 igitur,
2350 3798 2413 3850 de
2422 3800 2553 3863 patre
2566 3810 2673 3847 meo
2686 3834 2701 3860 ,
2714 3797 2802 3846 aut
2817 3795 3102 3858 maioribus,
3122 3795 3237 3845 nihil
3259 3796 3322 3844 ab

1775 3896 1858 3947 illo
1875 3895 1971 3945 dici
1990 3896 2145 3958 potest
2161 3907 2224 3944 ex
2241 3907 2337 3957 quo
2356 3892 2520 3943 odium
2543 3891 2705 3954 populi
2721 3890 2770 3939 in
2787 3901 2877 3939 nos
2889 3888 3285 3939 concitaverimus
3305 3906 3318 3938 ι

1775 4006 1933 4057 neque
1945 3992 2073 4043 enim
2089 3990 2167 4041 vel
2184 4002 2264 4039 me
2280 3987 2548 4051 oligarchiae
2567 3984 2843 4048 participem
2861 3982 3034 4044 ruisse,
3053 3982 3136 4045 qui
3149 3984 3257 4044 post
3274 3980 3323 4031 id

1776 4092 1967 4152 tempus
1983 4088 2168 4138 virile-
2184 4087 2375 4136 aetatem
2391 4083 2523 4145 attigi
2536 4098 2551 4144 3
2565 4082 2643 4131 vel
2661 4082 2844 4143 patrem
2861 4092 3050 4140 meum,
3074 4078 3156 4139 qui
3171 4077 3325 4126 multo

1777 4188 1890 4237 ante
1911 4187 1999 4237 bas
2020 4185 2187 4235 turbas
2200 4184 2251 4233 in
2272 4180 2429 4232 Sicilia
2444 4180 2547 4229 dux
2563 4177 2805 4239 copiarum
2823 4175 2969 4236 obiit;
3003 4173 3101 4238 (22)
3120 4186 3217 4222 non
3238 4173 3325 4223 de-

1779 4285 1927 4347 nique
1944 4280 2149 4343 maiores
2163 4292 2216 4330 se
2231 4278 2443 4341 tyrannis
2454 4274 2727 4326 submisisse
2738 4309 2755 4335 ,
2770 4285 2881 4321 cum
2894 4270 3071 4334 quibus
3092 4272 3325 4320 arternum

1781 4380 1961 4432 bellum
1992 4378 2250 4443 gesserunt.
2284 4378 2449 4438 Neque
2464 4372 2548 4421 ille
2567 4370 2727 4420 dicere
2754 4366 3005 4419 sustinebit
3022 4379 3110 4415 nos
3130 4366 3181 4414 in
3200 4365 3327 4415 bello

1779 4492 1882 4530 rem
1900 4476 2178 4529 lamiliarem
2192 4473 2376 4523 auxisse
2388 4508 2403 4533 ,
2422 4471 2472 4521 et
2490 4470 2539 4519 in
2556 4466 2901 4531 rempublicam
2922 4463 3039 4513 nihil
3057 4462 3328 4512 contulisse.

1783 4575 2090 4630 Contrarium
2124 4573 2250 4622 enim
2268 4568 2468 4630 accidit;
2489 4564 2725 4629 siquidem
2744 4563 2933 4613 fortuna
2951 4561 3115 4610 nostra
3149 4571 3259 4622 qnae
3281 4558 3331 4607 in

1782 4684 1900 4737 pace
1915 4668 2157 4733 octoginta
2176 4665 2467 4716 talentorum
2496 4663 2597 4711 erat
2610 4697 2624 4723 ,
2646 4660 2695 4708 in
2713 4656 2985 4721 reipublicae
3007 4655 3211 4705 salutem
3228 4654 3332 4704 tota

1782 4769 1832 4818 in
1850 4767 1977 4817 bello
1992 4764 2247 4825 absumpta
2268 4762 2354 4811 est.
2376 4759 2472 4823 (23)
2492 4758 2554 4807 At
2572 4768 2659 4817 ego
2677 4753 2741 4803 de
2762 4753 2845 4802 illo
2864 4752 2959 4802 tria
2976 4750 3129 4800 habeo
3146 4748 3303 4796 dicere
3315 4782 3330 4807 ,

1782 4867 1977 4927 tamque
1994 4860 2199 4920 nefaria,
2220 4859 2275 4907 ut
2300 4852 2679 4918 unumquodque
2708 4851 2863 4900 morte
2892 4848 2954 4898 sit
2975 4845 3325 4909 dignissimum.

1783 4960 1999 5012 Primum
2025 4955 2251 5020 quidem,
2280 4950 2486 5017 pecunia
2507 4950 2728 5011 accepta,
2752 4943 2879 5009 apud
2910 4946 3101 4994 Boeotos
3116 4937 3333 5002 politiam

1782 5055 2085 5117 immutavit,
2104 5064 2257 5115 eaque
2266 5050 2381 5101 hinc
2397 5062 2487 5099 nos
2504 5044 2744 5097 fraudavit
2758 5039 2985 5092 societate
3006 5057 3021 5089 ι
3042 5034 3215 5087 deinde
3227 5046 3334 5097 pro·

1784 5155 1906 5206 didit
1927 5166 2104 5215 naves,
2127 5154 2273 5215 atque
2293 5148 2420 5199 banc
2448 5144 2695 5195 civitatem
2722 5152 2781 5191 eo
2802 5136 2983 5199 redegit
3012 5135 3071 5186 ut
3100 5134 3161 5185 de
3185 5131 3339 5182 salute

1784 5252 2054 5305 consuleret
2074 5268 2087 5301 z
2169 5246 2268 5311 (24)
2290 5243 2497 5307 denique
2518 5253 2547 5290 a
2572 5236 2797 5303 captivis,
2820 5246 2941 5297 quos
2970 5226 3310 5363 ipszperdldit
3324 5261 3338 5286 ,
