3825 5842
613 501 724 551 2⁴⁴)

1371 494 1636 554 ΙΣΑῙΟΥ
1674 496 1725 555 Ο
1769 496 1953 558 ΠΕΡΙ
1992 498 2139 558 ΤΟΥ
2180 500 2657 568 ΚΔΕΩΝΥΜΟΥ
2700 511 3023 573 ΚΔΗΡΟΥ.

606 622 682 688 τίς
705 620 768 679 ἂν
789 623 933 700 ὑμῶν
961 620 1279 682 πιστεύσειεν
1305 624 1657 705 εὐνουστέρους
1674 626 1764 686 καὶ
1785 628 2158 711 μετριωτέρους
2244 640 2541 697 adversarios
2568 646 2977 701 benevolentiores
3000 666 3105 704 oeoe
3134 666 3243 717 erga
3264 670 3347 707 noe
3364 672 3495 721 quam
3520 660 3699 713 bominem

607 708 724 776 τοὺς
753 710 1036 778 ἀντιδίκους
1074 716 1196 786 ἡμῖν
1234 701 1363 770 εἶναι
1404 716 1505 771 τῶν
1537 714 1890 789 οἰκειοτάτων;
1973 719 2156 776 κάκεῖ·
2245 730 2721 793 conjunctissimum?
2782 742 2832 788 et
2850 742 3202 805 eum'quidem,
3230 746 3305 794 cui
3322 746 3449 808 plane
3460 752 3701 801 necessarium

603 821 690 857 νον
727 797 854 875 μέν,
881 790 924 879 ᾧ
964 798 1052 857 καὶ
1080 800 1359 879 ἀναγκαῖον
1383 792 1442 859 εὗ
1467 802 1630 860 ποιεῖν
1657 806 1796 879 ἡμᾶς
1824 804 1913 862 καὶ
1940 804 2156 885 αἰσχρὸν
2248 821 2351 869 erat
2369 820 2509 871 nobis
2529 823 2805 875 benefacere
2820 830 2873 876 et
2894 829 3036 891 turpe
3064 831 3323 894 negligere,
3352 834 3459 885 nibil
3484 840 3700 887 suamme-

603 886 757 961 ὴμῶν
800 886 1104 965 ἀμελῆσαι,
1136 886 1297 964 μηδὲν
1325 892 1427 947 τῶν
1459 892 1614 948 αὑτοῦ
1661 894 1788 967 ἡμῖν
1817 892 2012 949 δοῦναι·
2038 891 2155 951 τού·

539 998 564 1036 5
604 995 720 1038 τους
747 972 833 1045 δέ,
857 962 928 1038 οἷς
955 972 1061 1031 οὔτ’
1091 974 1291 1053 ἀνάγκη
1323 974 1460 1034 ἐστὶν
1491 975 1599 1034 οὔτ’
1629 977 1880 1057 αἰσχύνην
1909 979 2155 1056 οὐδεμίαν

605 1060 772 1140 φέρει,
796 1064 900 1118 τῶν
931 1062 990 1118 οὐ
1027 1062 1392 1141 προσηκόντων
1411 1108 1428 1140 ,
1458 1063 1528 1132 ὥς
1555 1087 1711 1145 φασιν
1729 1111 1748 1142 ,
1779 1070 1905 1142 ἡμῖν
1940 1068 2151 1143 μεταδι-

601 1146 776 1225 δόναιζ,
819 1146 976 1205 Ἀλλὰ
1015 1152 1183 1207 ταῦτα
1211 1148 1329 1227 μὲν,
1351 1140 1396 1207 ὦ
1436 1151 1641 1231 ἄνδρες,
1670 1153 1869 1225 πολλὴν
1907 1155 2151 1214 ἀπιστίαν

601 1233 638 1291 ἔ·
665 1258 730 1292 ει.

626 1258 748 1381 Lao.
783 1320 1008 1382 Ἔπειτα
1027 1368 1044 1399 ,
1076 1326 1120 1383 εἰ
1145 1322 1238 1401 μὲν
1266 1326 1356 1384 καὶ
1391 1330 1476 1384 νῦν
1499 1327 1636 1386 οὕτω
1681 1328 1807 1409 πρὸς
1834 1329 2151 1410 ἀμφοτέρους

525 1432 571 1469 ιο
599 1413 740 1486 ἡμᾶς
765 1407 899 1487 ἔχων
921 1410 1250 1483 ἐτελεύτησεν
1267 1456 1284 1483 ,
1315 1411 1489 1493 ὥσπερ
1513 1412 1597 1473 ὅτε
1625 1414 1717 1483 τὰς
1744 1416 1993 1486 διαθήκας
2016 1417 2151 1475 ταύ-

596 1518 691 1561 τας
735 1495 1051 1570 ἐποιήσατο,
1092 1497 1300 1565 εἰκότως
1334 1500 1396 1557 ἄν
1429 1524 1506 1567 τις
1536 1505 1678 1579 ὑμῶν
1725 1505 2003 1563 πιστεύσαι
2045 1508 2150 1571 τοῖς

596 1582 766 1661 λόγοις
793 1591 898 1651 τοῖς
923 1584 1156 1643 τουτωνί·
1186 1584 1292 1644 νυνὶ
1335 1586 1390 1645 δὲ
1421 1596 1528 1645 πᾶν
1561 1591 1854 1649 τούναντίον
1883 1590 2145 1673 εὓρήσετε.

596 1671 732 1730 Τότε
763 1669 854 1747 μὲν
879 1670 979 1753 γὰρ
1003 1670 1155 1752 ἔτυχε
1183 1673 1387 1753 Δεινίᾳ,
1409 1674 1636 1753 ὃςιῆμᾶς
1663 1679 1974 1759 ἐπετρόπευε
1992 1724 2007 1753 ,
2034 1679 2145 1738 διά-

596 1780 746 1837 φορος
763 1754 834 1816 ὧν
855 1762 981 1835 ἡμῖν
999 1782 1056 1817 τε
1075 1758 1220 1819 οὔπω
1237 1760 1502 1841 χρώμενος
1524 1763 1721 1832 τούτοις
1735 1788 1791 1825 τε
1813 1765 2008 1826 ἅπασιν
2030 1769 2143 1826 ἔπι-

522 1862 572 1899 ιο
597 1843 811 1916 τηδείως
840 1845 1183 1924 διακείμενος·
1212 1854 1301 1906 ν’ῠν
1331 1848 1386 1907 δὲ
1419 1848 1612 1909 τούτων
1643 1851 1738 1929 μέν
1763 1876 1868 1912 τισι
1901 1853 2141 1934 διάφορος

597 1930 798 2010 ἐγένετο
811 1976 830 2011 ,
849 1934 976 2011 ἡμῖν
1003 1932 1057 1993 δὲ
1080 1932 1290 1994 πάντων
1309 1938 1500 2018 ἐχρῆτο
1522 1938 1832 1999 οἰκειότατα.
1924 1944 2012 2019 (at)
2036 1942 2143 2001 Καὶ

597 2019 651 2090 ἕξ
675 2010 746 2080 ὧν
775 2020 868 2099 μὲν
909 2024 1052 2100 αὐτῷ
1086 2021 1212 2103 πρὸς
1240 2022 1447 2092 τούτους
1474 2024 1676 2103 ἐγένετο
1701 2032 1734 2099 ἡ
1765 2030 2016 2109 διαφορά,
2046 2053 2140 2088 πε·

633 2108 798 2190 ίεργόν
825 2112 934 2169 ἐστι
960 2108 1144 2189 λέγειν·
1177 2113 1370 2188 σημεῖα
1396 2115 1442 2170 δ’
1473 2117 1595 2191 ὗμῑν
1626 2118 1730 2196 ἐρῶ
1755 2116 1993 2195 μεγάλα,
2021 2116 2142 2197 περὶ

592 2131 664 2255 ἓν
711 2196 802 2256 καὶ
847 2196 1114 2278 μάρτυρας
1160 2196 1258 2267 ἔξω
1301 2200 1686 2281 παρασχέσθαι.
1787 2206 2005 2283 Πρῶτον
2046 2205 2141 2282 μὲν

515 2304 567 2343 ao
593 2282 696 2366 γὰρ
719 2283 854 2343 θύων
880 2290 955 2364 τῷ
981 2286 1246 2367 Διονύσῳ,
1275 2286 1366 2345 καὶ
1396 2286 1514 2356 τοὺς
1541 2288 1754 2357 οἰκείους
1783 2289 2018 2361 ἅπαντας
2043 2316 2141 2352 κα-

592 2370 750 2439 λέσας
775 2372 867 2431 καὶ
892 2376 995 2432 τῶν
1019 2373 1191 2432 ἄλλων
1216 2375 1440 2433 πολιτῶν
1470 2375 1692 2444 πολλούς
1707 2422 1723 2451 ,
1749 2378 2031 2461 Φερένικον
2054 2384 2139 2439 οὐ·

594 2460 761 2537 δαμοῦ
782 2458 1162 2539 παρεστήσατο.
1240 2456 1466 2521 Ἔπειτα
1490 2464 1671 2543 μικρὸν
1695 2464 1816 2547 πρὶν
1835 2469 2140 2541 τελευτῆσαι

597 2546 818 2625 βαδίζων
847 2549 918 2614 εἰς
947 2546 1221 2627 Πάνορμον
1265 2548 1402 2627 μετὰ
1431 2550 1699 2628 Σίμωνος,
1739 2554 1830 2612 καὶ
1871 2555 2138 2635 συντυχὼν

595 2637 764 2714 αὐτῷ,
792 2636 1092 2714 προσειπεῖν
1132 2638 1228 2694 οὐκ
1255 2635 1562 2715 ἐτόλμησεν.
1652 2642 1745 2719 (32)
1769 2640 1891 2702 Ἔτι
1932 2643 1985 2701 δὲ
2013 2643 2141 2724 πρὸς

517 2744 568 2781 25
594 2720 789 2788 τούτοις
830 2723 1211 2801 πυνθανομένου
1239 2722 1333 2795 τὴν
1376 2725 1625 2805 διαφορὰν
1661 2732 1750 2785 τοῦ
1782 2728 2017 2805 Σίμωνος
2043 2730 2138 2803 τήν

593 2808 638 2866 τ’
671 2808 859 2889 ἔχθραν
900 2810 1214 2885 διηγήσατο,
1238 2810 1328 2870 καὶ
1361 2814 1778 2893 προσηπείλησεν
1801 2815 1878 2874 ὅτι
1915 2816 2139 2889 δηλώσοι

592 2900 710 2957 ποτ’
739 2894 800 2954 ἂν
826 2896 992 2979 τούτῳ
1013 2902 1082 2965 ὡς
1100 2898 1354 2959 διάκειται
1373 2900 1500 2980 πρὸς
1519 2900 1694 2963 αὐτόν.
1785 2902 1888 2964 Καὶ
1912 2907 1981 2973 ὡς
2006 2908 2135 2979 ἀλη-

593 2988 656 3056 θῆ
677 2984 836 3063 λέγω,
852 2986 1002 3046 κάλει
1020 2985 1305 3069 μάρτυρας.

1186 3124 1527 3175 ΜΑΡΤΥΡΕΣ.

512 3269 566 3309 ao
671 3268 742 3309 aa.
773 3247 961 3309 Οἴεσθε
988 3238 1106 3322 οὐν,
1153 3239 1196 3309 ὦ
1223 3250 1430 3331 ἄνδρες,
1463 3252 1548 3311 τὸν
1587 3255 1777 3313 οὑτωσὶ
1806 3256 1931 3335 πρὸς
1958 3258 2138 3318 ἑκατέ-

595 3358 710 3415 ρους
737 3339 877 3412 ἡμᾶς
900 3335 1222 3413 διακείμενον
1252 3342 1378 3415 ἡμῖν
1411 3337 1534 3416 μέν,
1564 3331 1638 3407 οἶς
1665 3343 1955 3403 οἰκειότατα
1979 3347 2138 3426 ἕχρῆ·

591 3444 673 3499 το,
697 3420 832 3479 οὕτω
850 3422 1014 3480 ποιεῖν
1033 3420 1167 3482 ὥστε
1183 3424 1314 3501 μηδὲ
1331 3426 1485 3504 λόγον
1507 3428 1816 3508 ὕπολείψειν,
1839 3429 2035 3500 τούτοις
2057 3432 2136 3512 δέ,

591 3500 664 3567 ὧν
686 3532 792 3567 τισι
817 3508 905 3568 καὶ
922 3508 1158 3590 διάφορος
1177 3502 1238 3585 ἦν
1255 3557 1272 3591 ,
1299 3523 1506 3574 σκοπεῖν
1521 3514 1660 3583 ὅπως
1683 3516 1893 3577 ἅπασαν
1912 3518 2137 3598 βεὸαιώ-

593 3618 672 3654 σει
716 3593 812 3667 τὴν
839 3596 1048 3675 οὐσίαν,
1096 3597 1184 3657 καὶ
1227 3598 1436 3668 τούτους
1479 3599 1572 3678 μὲν
1617 3608 1707 3661 νῦν
1748 3606 1867 3685 περὶ
1900 3606 2137 3675 πλείονος

517 3708 568 3746 ³⁵
594 3688 851 3743 ποιεῖσθαι
874 3683 1068 3756 ταύτης
1097 3684 1325 3759 ὑπούσης
1347 3692 1436 3759 τῆς
1463 3688 1682 3769 ἔχθρας,
1710 3696 1850 3767 ἡμᾶς
1879 3693 1933 3751 δὲ
1956 3694 2139 3753 τοσαύ·

591 3796 683 3845 της
704 3771 1012 3845 οἰκειότητος
1029 3774 1119 3831 καὶ
1146 3773 1318 3853 φιλίας
1340 3775 1612 3852 γενομένης
1637 3783 1913 3858 πειρᾶσθαι
1939 3782 2136 3856 μᾶλλον

591 3864 762 3927 κακῶς
791 3867 982 3933 ποιεῖν;
1068 3862 1158 3938 (34)
1183 3860 1319 3919 Ἀλλ’
1357 3860 1518 3941 ἔγωγε
1535 3908 1550 3935 ,
1581 3866 1627 3922 εἰ
1655 3868 1961 3947 κατηγορεῖν
1988 3867 2137 3928 3606-

590 3949 740 4007 λοντο
774 3952 876 4007 τῶν
919 3950 1178 4020 διαθηκῶν
1214 3946 1248 4018 ἢ
1288 3954 1378 4006 τοῦ
1420 3952 1870 4027 τετελευτηκότος,
1909 3957 2001 4013 οὐκ
2029 3946 2125 4015 οἶδ’

591 4035 622 4093 ὅ
648 4060 699 4095 τι
726 4034 789 4094 διν
813 4036 944 4095 ἄλλο
973 4035 1099 4116 πρὸς
1127 4038 1262 4114 ὑμᾶς
1285 4026 1457 4111 εἶπον,
1487 4038 1542 4099 οῖ
1563 4063 1622 4118 γε
1649 4040 1740 4108 τὰς
1768 4042 2017 4115 διαθήκας
2040 4043 2134 4120 μὲν

515 4148 567 4187 ω
591 4124 958 4206 ἀποφαίνουσιν
990 4122 1100 4183 οὔτ’
1131 4126 1291 4207 ὀρθῶς
1331 4124 1548 4206 ἐχούσας
1582 4127 1689 4187 οὔτ’
1713 4130 2029 4211 ἅρεσκούσας
2062 4135 2135 4212 τῷ

592 4209 900 4291 διαθεμένῳ,
915 4218 1004 4271 τοῦ
1021 4210 1074 4269 δὲ
1099 4211 1354 4285 τοσαύτην
1375 4214 1564 4292 μανίαν
1584 4223 1977 4299 κατηγοροῦσιν,
2000 4216 2135 4278 ὥστε

591 4297 746 4377 φασὶν
773 4298 927 4356 αὐτὸν
950 4299 1069 4379 περὶ
1097 4299 1326 4368 πλείονος
1353 4304 1607 4363 ποιεῖσθαι
1645 4304 1761 4373 τοὺς
1787 4307 1930 4386 αὐτῷ
1958 4309 2134 4387 διαφε-

593 4383 834 4463 ρομένους
859 4384 896 4456 ἢ
930 4384 1048 4452 τοὺς
1081 4386 1278 4454 οἰκείως
1317 4388 1644 4468 χρωμένους,
1681 4392 1770 4450 καὶ
1806 4384 1879 4459 οἶς
1910 4392 2006 4469 μὲν
2034 4396 2132 4462 ζῶν

591 4474 648 4529 οὐ
684 4470 936 4550 διελέγετο
961 4472 1169 4530 ἅπασαν
1189 4475 1364 4533 δοῦναι
1383 4476 1477 4547 τὴν
1502 4478 1678 4535 οὐσίαν
1699 4522 1716 4555 ,
1737 4477 1852 4545 τοὺς
1871 4481 1915 4537 δ’
1948 4481 2128 4539 οἰκειό-

506 4588 556 4627 ⁴5
593 4581 726 4616 τατα
778 4558 1125 4638 κεχρημένους
1168 4558 1282 4618 οὐδὲ
1324 4562 1612 4619 πολλοστοῦ
1658 4563 1840 4641 μέρους
1894 4563 2131 4632 ἀξιῶσαι.

596 4646 686 4724 (35)
701 4644 874 4705 Ὥστε
889 4646 964 4713 τίς
981 4644 1042 4704 ἂν
1061 4648 1206 4724 ὑμῶν
1226 4646 1417 4714 ταύτας
1435 4638 1564 4706 εἶναι
1583 4648 1761 4731 κυρίας
1776 4648 1866 4717 τὰς
1886 4652 2133 4725 διαθήκας

591 4734 902 4815 ψηφίσαιτο,
947 4733 1005 4800 ἃς
1029 4738 1056 4792 ὃ
1081 4732 1175 4808 μὲν
1209 4734 1500 4813 διαθέμενος
1523 4740 1592 4803 ὥς
1616 4739 1710 4796 οὐκ
1733 4739 1893 4818 ὀρθῶς
1915 4740 2134 4819 ἐχούσας

593 4820 1001 4899 ἀπεδοκίμασεν,
1046 4814 1185 4882 οὗτοι
1215 4822 1258 4879 δ’
1290 4822 1425 4905 ἔργῳ
1462 4822 1670 4884 λύουσιν
1710 4826 1963 4896 ἐθέλοντες
2005 4834 2132 4907 ἡμῖν

593 4912 924 4989 ῖσομοιρῆσαι
970 4915 1061 4983 τῆς
1101 4910 1311 4988 οὐσίας,
1340 4912 1466 4993 πρὸς
1493 4910 1548 4971 δὲ
1590 4913 1783 4982 τούτοις
1827 4919 1978 4993 ἡμεῖς
2014 4920 2134 4993 ὑμῖν

517 5023 572 5061 50
593 4996 946 5079 ἀποφαίνομεν
971 4996 1203 5065 ἐναντίας
1239 4997 1394 5065 οὔσας
1417 5000 1506 5058 καὶ
1547 5004 1620 5081 τῷ
1649 5000 1790 5083 νόμῳ
1813 5002 1902 5061 καὶ
1928 5010 2032 5069 τοῖς
2056 5006 2131 5061 δι·

592 5082 754 5151 καίοις
781 5083 871 5143 καὶ
899 5089 964 5165 τῇ
986 5090 1074 5143 τοῦ
1100 5086 1516 5158 τετελευτηκότος
1543 5088 1778 5170 διανοίᾳ,

672 5192 743 5232 8⁶.
773 5163 942 5250 Οἶμαι
958 5173 1005 5230 δ’
1021 5176 1155 5253 ὑμᾶς
1173 5170 1232 5230 τὸ
1250 5172 1368 5254 περὶ
1387 5176 1535 5251 ἡμῶν
1557 5172 1748 5233 δίκαιον
1770 5174 2052 5258 σαφέστατ’
2069 5174 2131 5235 ἂν

593 5264 718 5343 παρ’
748 5261 917 5320 αὐτῶν
948 5259 1140 5320 τούτων
1163 5259 1520 5325 πυνθάνεσθαι.
1603 5266 1668 5324 Εἰ
1697 5264 1797 5344 γάρ
1833 5289 1907 5332 τις
1950 5263 2132 5332 αὐτοὺς

2244 905 2478 957 ουΙῑιιῑιιπιι
2496 910 2633 961 nobis
2652 912 2866 976 dedisse;
2906 917 2995 966 hos
3017 930 3134 967 vero
3149 920 3358 982 {quibua
3376 923 3494 972 nulla
3518 925 3703 974 necessita

2242 992 2567 1045 benefaciendi
2584 1001 2657 1049 est
2680 1014 2836 1063 neque
2859 1003 2959 1053 ulla
2974 1018 3035 1053 ex
3054 1007 3269 1067 neglectu
3288 1008 3517 1070 ignominia
3530 1012 3701 1071 imminet,

2240 1081 2491 1133 nobiscnm
2528 1098 2585 1135 ea
2618 1087 2743 1137 bone
2766 1094 3125 1143 communicare
3140 1130 3157 1157 ,
3194 1109 3329 1159 quoe,
3352 1099 3403 1147 ut
3422 1098 3560 1161 aiunt,
3580 1098 3630 1148 ad
3648 1112 3705 1149 mi

2240 1180 2434 1229 promus
2448 1184 2545 1221 non
2570 1175 2811 1226 attinent?
2876 1180 3018 1241 llaee,
3040 1180 3265 1247 inquam,
3284 1196 3315 1231 o
3344 1184 3449 1247 viri,
3470 1198 3496 1234 a
3514 1184 3592 1233 tide
3604 1186 3704 1235 velie-

2240 1258 2427 1307 menter
2446 1259 2720 1313 abhorrent.

2300 1348 2378 1395 ³0.
2406 1348 2641 1399 Praeterea
2658 1351 2733 1412 si,
2754 1365 2909 1413 quum
2932 1355 3227 1419 cleonymus
3246 1358 3387 1421 obiit,
3416 1372 3469 1409 eo
3492 1360 3621 1408 adhuc
3636 1360 3705 1407 ani-

2238 1433 2319 1471 mo
2348 1436 2573 1486 erga-noa
2608 1429 2658 1477 et
2682 1427 2983 1482 adversarios
3016 1440 3209 1485 nostroe
3244 1436 3427 1497 luisset,
3460 1450 3583 1499 quem
3610 1437 3703 1497 gaesit

2236 1512 2385 1563 quum
2407 1506 2743 1559 testamentum
2760 1511 3031 1575 scrihebat,
3064 1528 3267 1578 aequum
3300 1517 3417 1566 foret
3436 1530 3513 1565 vos
3538 1516 3704 1565 sermoni·

2234 1582 2325 1633 bus
2342 1584 2723 1640 adversariorum
2736 1590 2880 1642 fldem
2898 1593 3157 1659 adjungere
3176 1617 3191 1647 ι
3211 1610 3340 1647 nunc
3352 1601 3501 1647 autem
3514 1598 3625 1660 plane
3634 1608 3704 1643 οοιι·

2234 1670 2432 1720 trarium
2453 1671 2831 1734 deprehendetis.
2903 1676 3033 1727 olim
3056 1680 3235 1742 quippe
3264 1681 3400 1731 nobis
3420 1682 3539 1730 tutor
3552 1682 3632 1729 erat
3654 1678 3705 1727 ni·
3737 1724 3738 1727 ,

2234 1745 2361 1808 nias,
2398 1746 2581 1799 invisus
2613 1751 2894 1815 Cleonymo,
2919 1754 3003 1817 qui
3028 1756 3236 1806 necdum
3253 1756 3569 1809 consuetudine
3594 1756 3706 1805 nesta
3737 1788 3738 1829 i

2238 1832 2482 1898 utebatur,
2502 1836 2550 1884 et
2568 1834 2643 1885 his
2658 1837 2883 1887 omnibus
2898 1839 3183 1891 adversariis
3200 1842 3374 1893 nostris
3388 1843 3483 1891 erat
3502 1840 3705 1890 familia-ist
3736 1834 3738 1883 4

2233 1919 2393 1978 postca
2416 1930 2530 1967 vero
2552 1921 2601 1969 et
2634 1920 2810 1970 borum
2844 1924 3089 1975 nonnullis
3109 1926 3268 1977 factus
3285 1928 3357 1977 eet
3384 1926 3583 1976 inimicus
3606 1924 3705 1973 cleo·

2235 2010 2440 2061 nymuS,
2466 2002 2516 2049 et
2536 2000 2675 2051 nobis
2702 2002 3220 2058 familiarissimuseese
3251 2008 3409 2072 coepit.
3468 2008 3553 2071 (31)
3575 2008 3621 2055 Et
3642 2016 3707 2066 qun

2209 2083 2427 2146 ⁵quidem
2444 2084 2505 2134 de
2522 2098 2665 2135 causa
2697 2086 2948 2151 cleonymi
2980 2089 3170 2140 animus
3200 2092 3265 2141 ab
3299 2092 3562 2143 adversariis
3588 2088 3708 2139 nostris

2230 2182 2426 2219 aversus
2455 2169 2544 2233 sit,
2570 2170 2779 2222 otiosum
2810 2176 2884 2223 est
2904 2173 3065 2225 dicere
3090 2194 3103 2225 =
3142 2176 3211 2225 rei
3242 2178 3403 2227 tamen
3436 2177 3565 2239 ipsius
3591 2184 3707 2232 W

2229 2250 2407 2301 indicia
2421 2254 2660 2304 exhibebo
2675 2291 2692 2318 ,
2716 2268 2827 2318 quoe
2848 2256 3045 2318 quidem
3064 2270 3149 2320 per
3170 2260 3319 2309 testeo
3340 2257 3614 2308 oonfimnbo.
3628 2256 3709 2304 lim
3736 2274 3738 2309 ι

2229 2336 2436 2398 primum
2454 2350 2605 2401 quum
2628 2338 2816 2389 Baccho
2832 2352 3025 2389 sacrum
3048 2340 3229 2391 faceret
3260 2342 3559 2405 cleonymus,
3578 2350 3708 2388 omna·

2229 2436 2327 2485 que
2360 2423 2652 2473 necessarios
2674 2422 2951 2485 multosque
2974 2437 3003 2474 e
3020 2424 3211 2475 civibus
3240 2426 3529 2487 advocasset,
3552 2420 3709 2473 Phemi-

2230 2522 2341 2558 cum
2372 2521 2568 2571 prorsus
2596 2522 2695 2558 non
2728 2508 2969 2560 invitavit.
3032 2512 3218 2561 Rursus
3258 2512 3417 2575 paullo
3446 2512 3548 2561 ante
3578 2508 3709 2557 obitum

2228 2607 2380 2657 quum
2400 2598 2695 2645 Panormum
2712 2595 2806 2645 iret
2819 2596 3013 2646 Simone
3030 2599 3207 2648 comite
3222 2634 3240 2659 ,
3266 2598 3613 2659 occurrissetqne
3628 2595 3709 2643 sorte

2228 2679 2383 2729 eidem
2406 2679 2691 2741 Pherenico,
2710 2692 2807 2730 non
2834 2681 2949 2731 tulit
2978 2694 3091 2731 eum
3123 2682 3354 2733 salutare.
3416 2684 3507 2747 (³²)
3538 2684 3711 2731 Praelem

2228 2775 2378 2824 quum
2396 2763 2459 2813 de
2474 2776 2531 2813 ea
2550 2763 2791 2815 simultate
2808 2766 3133 2817 sciscitaretur
3148 2768 3464 2831 Cleonymum
3484 2768 3621 2817 Simon
3632 2801 3645 2825 ,
3659 2762 3712 2811 ilie

2228 2850 2277 2897 et
2294 2846 2457 2897 odium
2476 2850 2639 2911 aperte
2656 2848 2807 2897 laneus
2830 2850 2904 2898 est
2916 2884 2931 2911 ,
2959 2849 3010 2899 et
3036 2850 3253 2900 minatus
3270 2851 3415 2900 etiam
3429 2862 3479 2900 se
3496 2862 3581 2913 qno
3598 2845 3711 2897 animo

2229 2931 2278 2980 in
2310 2923 2625 2983 Pherenicum
2658 2934 2782 2983 emet
2814 2933 3135 2983 ostenmrum.
3202 2936 3273 2984 Ut
3302 2936 3459 2984 autem
3486 2932 3711 2983 constetne

2228 3027 2342 3065 vera
2356 3014 2541 3076 dicere,
2564 3016 2708 3066 testes
2728 3028 2865 3067 voca.

2880 3142 3124 3186 TESTES.
3738 3136 3740 3177 ⁴

2290 3264 2369 3311 33.
2398 3260 2659 3323 Postquam
2694 3260 2837 3322 igitur
2852 3260 3141 3323 cognovistis
3153 3297 3169 3322 ,
3200 3273 3235 3309 o
3256 3260 3349 3309 viri
3360 3296 3377 3323 ,
3406 3256 3619 3322 quomodo
3639 3264 3713 3314 etv

2227 3359 2317 3397 nos
2332 3346 2719 3410 adversariosque
2734 3349 2923 3398 nostros
2938 3348 3147 3397 allectus
3164 3348 3313 3397 suerit
3330 3348 3616 3408 cleonymus,
3630 3352 3712 3391 num

2228 3434 2458 3498 putabitis
2486 3448 2599 3485 eum
2616 3434 2844 3485 adversus
2856 3448 2948 3484 noa
2955 3470 2972 3497 ,
2992 3435 3284 3496 quibuscum
3314 3434 3578 3485 amicissime
3598 3440 3712 3478 versa·

2228 3522 2388 3583 batur,
2412 3522 2478 3572 ita
2502 3535 2553 3572 se
2572 3522 2767 3585 gessisse
2786 3524 2843 3571 ut
2876 3535 2938 3571 ne
2968 3522 3233 3585 appellaret
3266 3522 3457 3585 quidem
3492 3520 3537 3568 in
3554 3514 3711 3573 tabulis3

2227 3610 2301 3660 bis
2316 3610 2479 3659 autem
2492 3646 2507 3672 ,
2522 3622 2731 3673 quorum
2746 3609 2989 3660 nonnullis
3004 3611 3109 3659 erat
3131 3610 3347 3660 infensus
3356 3646 3373 3672 ,
3391 3616 3642 3670 magnopere
3658 3612 3713 3649 tu·

2226 3710 2351 3747 rasse
2360 3699 2415 3747 ut
2424 3698 2693 3747 universam
2706 3695 3017 3747 hereditatem
3034 3699 3289 3746 assereret?
3302 3696 3571 3756 eosdemque
3585 3692 3655 3739 bac
3668 3688 3714 3735 si-

2226 3784 2427 3835 multate
2446 3783 2769 3835 intercedente
2784 3784 2979 3846 plurimi
2998 3782 3193 3847 fecisse3
3213 3797 3303 3835 nos
3325 3796 3435 3834 vero
3450 3819 3467 3845 ,
3482 3778 3715 3844 quibuscum

2224 3874 2328 3921 erat
2344 3872 2387 3921 ei
2406 3874 2539 3923 tanta
2568 3870 2870 3923 necessitudo
2890 3873 2939 3922 et
2968 3870 3333 3935 benevolentia,
3364 3870 3570 3921 maluisse
3582 3866 3717 3914 dmm

2222 3959 2447 4010 allicere?
2508 3960 2605 4023 (34)
2626 3964 2748 4011 Sane
2758 3996 2775 4023 ‚
2789 3958 2829 4009 si
2847 3959 2925 4009 isti
2937 3960 3114 4010 vellent
3130 3961 3217 4009 aut
3234 3960 3417 4010 tabulas
3428 3958 3507 4007 aut
3519 3954 3715 4005 mortuum

2225 4047 2495 4110 vituperare
2509 4086 2525 4109 ,
2544 4046 2671 4097 baud
2689 4047 2787 4097 scio
2804 4046 3031 4109 quidnam
3050 4045 3179 4095 aliud
3199 4045 3327 4109 apud
3346 4058 3431 4095 voe
3446 4043 3586 4094 essent
3603 4039 3719 4088 dictu-

2225 4135 2296 4193 ri,
2322 4148 2472 4197 quum
2491 4134 2714 4185 videlicet
2740 4136 2790 4184 et
2807 4132 2997 4184 tabulas
3022 4133 3151 4183 baud
3170 4135 3301 4183 recte
3330 4132 3555 4182 confectas
3578 4120 3716 4186 signiti-

2224 4222 2335 4271 cent
2350 4223 2400 4271 et
2414 4221 2505 4284 ipsi
2520 4220 2738 4271 testatori
2762 4233 2858 4270 non
2878 4220 3129 4283 probatas,
3149 4219 3357 4270 eundem
3380 4231 3490 4268 vero
3504 4220 3592 4265 tam
3610 4208 3719 4259 furio·

2222 4322 2331 4358 sum
2356 4307 2627 4371 declarent,
2658 4309 2718 4358 nt
2746 4306 2809 4356 ab
2834 4320 2892 4357 eo
2908 4305 3145 4376 ‘inimicos
3173 4306 3327 4369 pluris
3362 4305 3507 4355 factos
3526 4296 3715 4349 affirment

2222 4408 2369 4459 quam
2392 4395 2647 4445 familiam
2660 4431 2677 4457 ,
2700 4396 2749 4444 et
2766 4394 2822 4445 iis
2838 4407 2959 4456 quos
2980 4394 3145 4443 vivens
3160 4406 3258 4443 non
3274 4390 3587 4455 alloquebatur
3601 4380 3715 4435 iacul-

2222 4484 2347 4533 tates
2370 4482 2433 4532 ab
2450 4481 2619 4533 eodem
2636 4494 2739 4531 cese
2764 4481 2967 4544 legatae,
2986 4478 3331 4531 consuetudine
3354 4481 3511 4528 antem
3529 4467 3715 4523 devinctis

2222 4585 2284 4621 ne
2304 4572 2489 4634 partem
2506 4570 2701 4633 quidem
2718 4568 3015 4631 aliquantam
3034 4568 3176 4618 luisse
3192 4567 3436 4617 donatam.
3492 4564 3579 4625 (35)
3596 4562 3715 4617 Qum

2223 4660 2331 4723 quis
2350 4660 2565 4709 voetrum
2583 4670 2662 4707 eas
2678 4656 2864 4707 tabulas
2882 4670 2983 4706 esse
3004 4658 3128 4707 ratas
3152 4656 3407 4717 decernat,
3428 4664 3541 4715 quas
3560 4646 3716 4698 tezwor

2222 4748 2322 4809 ipsc
2354 4750 2411 4796 ut
2436 4746 2599 4809 inique
2618 4746 2766 4795 factas
2782 4744 3096 4807 improbavit,
3132 4742 3390 4793 adversarii
3417 4741 3567 4790 autem
3592 4742 3717 4793 mv&

2222 4834 2483 4897 abrogant,
2502 4846 2655 4897 quum
2678 4846 2707 4881 a
2733 4832 2871 4883 nobis
2888 4845 3083 4895 quoque
3100 4845 3287 4895 oequam
3306 4830 3559 4893 portionem
3576 4817 3719 4871 heredi-

2222 4923 2333 4971 tatis
2362 4921 2713 4985 percipiendam
2731 4920 2926 4970 censent
2956 4939 2968 4968 ι
3004 4918 3067 4967 ad
3091 4918 3195 4967 haec
3226 4916 3363 4965 vobis
3388 4914 3526 4963 etiam
3555 4908 3719 4957 demon·

2220 5010 2372 5059 strare
2390 5022 2478 5057 nos
2496 5020 2749 5069 pomumus
2766 5006 2907 5056 hasce
2925 5004 3112 5055 tabulas
3128 5006 3179 5054 et
3206 5002 3389 5065 legibus
3404 5003 3451 5051 et
3468 4992 3660 5060 aequitati
3682 4988 3718 5035 el

2222 5096 2367 5159 ipsius
2388 5095 2605 5145 toetantis
2626 5094 2775 5145 menti
2792 5092 3047 5143 adversari.
3695 5164 3702 5173 .

2284 5190 2357 5234 36.
2394 5184 2627 5235 Existimo
2652 5182 2911 5244 antemius
2932 5182 3150 5231 nostrum
3172 5192 3258 5229 vos
3274 5179 3337 5228 ab
3358 5178 3469 5241 ipsis
3480 5166 3723 5224 advesariis

2220 5270 2571 5323 evidentissime
2590 5284 2727 5335 posse
2746 5282 3044 5333 cognoscere.
3070 5271 3191 5319 Nam
3216 5268 3255 5318 si
3283 5266 3392 5333 quis
3413 5276 3491 5313 eos
3514 5258 3633 5324 roget
3655 5262 3721 5303 (²¹5
