3825 5842
529 471 569 525 Β
1667 460 2043 524 ΑΝΤΙΦΩΝ.
2076 464 2397 527 ΤΕΤΡΑΔ.
2440 466 2508 527 Α.
2537 488 2594 528 α.

555 589 568 599 ”
601 596 814 660 Ὁπόσα
843 595 940 677 μὲν
973 597 1078 656 τῶν
1111 595 1439 677 πραγμάτων
1466 593 1566 655 ὕπὸ
1596 597 1699 655 τῶν
1735 596 2085 677 ἐπιτυχόντων

525 685 911 749 ἐπιὸουλεύεται
929 731 948 764 ,
978 686 1036 745 οὔ
1071 682 1283 765 χαλεπά
1321 683 1624 765 ἐλέγχεσθαί
1653 686 1812 745 ἐστιν·
1846 684 1911 744 ἀν
1949 686 1994 745 δ’
2036 688 2084 745 οἱ

519 778 711 844 ἱκανῶς
739 774 836 853 μὲν
856 773 1168 856 πεφυκότες,
1195 773 1429 855 ἔμπειροι
1449 770 1502 832 δὲ
1527 776 1628 831 τῶν
1653 772 1981 887 πραγμάτων
2000 772 2083 835 ὄν-

519 887 629 938 τες,
651 867 704 923 ἐν
728 862 783 923 δὲ
800 862 968 944 τούτῳ
991 866 1082 935 τῆς
1103 860 1310 935 ἡλικίας
1332 864 1651 929 καθεστῶτες
1673 863 1726 921 ἐν
1749 886 1793 943 ῳ
1815 861 2084 942 κράτιστοι

450 972 478 1014 ⁵
522 954 723 1034 φρονεῖν
739 952 907 1010 αὑτῶν
923 947 1046 1027 εἶσί,
1062 947 1349 1029 πράττωσι,
1367 948 1590 1029 χαλεποὶ
1603 948 1692 1008 καὶ
1705 949 2085 1027 διαγνωσθῆναι

519 1039 612 1101 καὶ
639 1038 910 1119 δειχθῆναί
927 1040 1045 1097 εἰσι·
1095 1036 1160 1117 (2)
1186 1036 1271 1097 διὰ
1295 1038 1398 1118 γὰρ
1420 1037 1480 1097 τὸ
1503 1036 1714 1117 μέγεθος
1734 1042 1826 1098 τοῦ
1849 1035 2085 1099 κινδύνου

518 1130 580 1189 ἐκ
604 1130 801 1188 πολλοῦ
819 1126 912 1199 τὴν
939 1124 1226 1204 ἀσφάλειαν
1247 1116 1319 1184 ὧν
1341 1125 1734 1185 ἐπιδουλεύουσι
1753 1132 2082 1201 σκοποῦντες,

517 1226 576 1285 οὗ
619 1222 866 1304 πρότερον
908 1224 1258 1301 ἷπιχειροῦσιν
1286 1220 1321 1293 ἢ
1369 1220 1544 1293 πάσης
1575 1221 1801 1303 ὑποψίας
1843 1221 2082 1302 φυλακὴν

519 1312 858 1385 ποιήσωνται.
942 1309 1302 1376 Γινώσκοντας
1331 1299 1419 1369 οῦν
1447 1314 1583 1388 ὑμᾶς
1615 1309 1720 1391 χρὴ
1747 1314 1944 1384 ταῦτα,
1984 1308 2085 1369 κᾶν

517 1404 685 1461 ὁτιοῦν
701 1399 834 1467 εἰκὸς
845 1398 1191 1480 παραλάὸητε
1205 1444 1219 1471 ,
1245 1398 1442 1479 σφόδρα
1463 1397 1722 1457 πιστεύειν
1743 1400 1904 1479 αὔτίξὶ·
1930 1398 2083 1475 ἡμεῖς

517 1490 566 1549 δ’
587 1493 636 1549 οἱ
669 1486 1064 1567 ἐπεξερχόμενοι
1084 1486 1172 1547 τὸν
1197 1485 1348 1567 φόνον
1376 1488 1434 1545 οὔ
1462 1485 1550 1545 τὸν
1581 1485 1743 1547 α’ίτιον
1765 1484 1977 1569 ἀφέντες
1993 1486 2081 1547 τὸν

438 1600 490 1643 ιο
516 1574 743 1637 ἀναίτιον
763 1572 1034 1651 διώκομεν·
1066 1571 1134 1654 (3)
1154 1576 1330 1653 σαφῶς
1349 1572 1452 1654 γὰρ
1469 1572 1680 1652 οἴδαμεν
1701 1572 1778 1633 ὅτι
1795 1573 1973 1648 πάσης
1990 1578 2082 1647 τῆς

517 1664 718 1731 πόλεως
747 1658 1087 1739 μιαινομένης
1117 1663 1205 1719 ὑπ’
1236 1664 1426 1739 αὐτοῦ,
1460 1660 1556 1729 ἕως
1589 1665 1652 1725 ἂν
1681 1663 1877 1743 διωχθῇ
1897 1707 1915 1737 ,
1942 1661 2002 1723 τό
2032 1662 2081 1722 τ’

516 1753 761 1831 ἀσέὸημα
795 1751 1048 1835 ἡμέτερον
1076 1752 1302 1830 γίνεται,
1331 1757 1426 1825 τῆς
1461 1757 1508 1812 θ’
1536 1751 1793 1834 ἡμετέρας
1820 1753 2083 1836 ἁμαρτίας

515 1848 550 1917 ἡ
573 1840 726 1915 ποινὴ
753 1845 824 1910 εἰς
847 1844 986 1920 ἡμᾶς
1011 1840 1126 1909 τοὺς
1156 1840 1230 1919 μὴ
1261 1840 1469 1909 δικαίως
1491 1840 1769 1910 διώκοντας
1791 1844 2075 1925 ἀναχωρεῖ·

517 1931 745 1998 ἅπαντος
773 1930 828 1991 δὲ
855 1934 948 1991 τοῦ
976 1928 1276 2008 μιάσματος
1307 1932 1694 2011 ἀναχωροῦντος
1721 1932 1792 1997 εἰς
1811 1934 1984 2008 ἡμᾶς,
2012 1934 2083 1999 ὡς

517 2020 580 2081 ἃν
605 2020 877 2098 δυνώμεθα
911 2017 1243 2101 σαφέστατα,
1279 2017 1333 2088 ἐξ
1368 2008 1440 2078 ὧν
1470 2018 1810 2099 γινώσκομεν,
1833 2018 2081 2102 πειρασό-

517 2116 650 2189 μεθα
673 2110 794 2187 ὑμῖν
824 2110 1012 2181 δηλοῦν
1039 2111 1113 2176 ὡς
1134 2106 1402 2168 ἀπέκτεινε
1428 2106 1516 2167 τὸν
1545 2106 1730 2188 ἄνδρα.

437 2222 492 2267 15
596 2219 640 2259 s.
668 2196 810 2259 Οὔτε
831 2196 932 2277 γὰρ
955 2196 1270 2277 κακούργως
1293 2195 1425 2265 εἰκὸς
1447 2197 1752 2255 ἀποκτεῖναι
1771 2194 1860 2255 τὸν
1881 2194 2082 2277 ἅνθρω-

513 2310 630 2347 πον·
659 2285 864 2365 ἔχοντες
892 2283 993 2364 γὰρ
1023 2283 1088 2344 ἂν
1123 2282 1191 2343 τὰ
1216 2284 1403 2360 ἱμάτια
1440 2284 1741 2365 εὑρέθησαν·
1783 2282 1949 2351 οὐδεὶς
1978 2282 2080 2367 γὰρ

513 2374 578 2435 ἂν
595 2374 684 2434 τὸν
703 2374 925 2455 ἔσχατον
939 2372 1169 2433 κίνδυνον
1184 2370 1305 2454 περὶ
1323 2378 1414 2445 τῆς
1430 2375 1602 2455 ψυχῆς
1620 2370 1927 2433 κινδυνεύων
1949 2371 2082 2432 ἑτοί-

514 2487 621 2542 μην
663 2463 753 2523 καὶ
791 2460 1239 2543 κατειργασμένην
1276 2459 1369 2532 τὴν
1403 2458 1658 2542 ὠφέλειαν
1687 2462 1905 2540 ἀφῆκεν.
1994 2462 2077 2521 Οὐ

515 2551 622 2631 μὴν
649 2550 767 2611 οὐδὲ
793 2549 1118 2632 παροινήσας
1145 2547 1308 2614 οὖδεὶς
1340 2547 1638 2631 διέφθειρειν
1676 2547 1851 2608 αὐτόν·
1889 2546 2079 2627 ἐγινώ-

511 2664 664 2700 σκετο
691 2638 793 2722 γὰρ
821 2638 886 2699 ἂν
922 2636 1023 2697 ὑπὸ
1045 2640 1148 2697 τῶν
1179 2638 1480 2714 συμποτῶν.
1567 2634 1707 2696 Οὐδὲ
1740 2635 1845 2712 μὴν
1886 2637 1991 2696 οὐδ’
2022 2638 2082 2697 ἐκ

510 2727 783 2809 λοιδορίας·
813 2730 869 2787 οὐ
901 2724 1006 2807 γὰρ
1050 2724 1114 2785 ἂν
1145 2724 1276 2806 ἀωρὶ
1302 2727 1405 2783 τῶν
1433 2726 1632 2784 νυκτῶν
1659 2724 1764 2784 οὐδ’
1794 2726 1847 2783 ἐν
1882 2726 2081 2810 ἐρημία

512 2818 876 2897 ἐλοιδοροῦντο.
912 2813 1054 2876 Οὐδὲ
1075 2812 1179 2892 μὴν
1201 2812 1362 2873 ἄλλου
1385 2813 1761 2893 στοχαζόμενος
1783 2812 1939 2894 ἔτυχε
1960 2814 2079 2875 τού-

432 2928 488 2969 20
513 2928 620 2967 του·
650 2908 707 2965 οὗ
729 2902 832 2984 γὰρ
856 2901 921 2962 ἂν
949 2901 1040 2963 σὺν
1063 2906 1140 2984 τῷ
1165 2899 1431 2983 ἀκολούθῳ
1455 2901 1732 2983 διέφθειρεν
1755 2902 1931 2965 αὐτόν.
2016 2903 2079 2985 (5)

511 2993 905 3071 Ἀπολυομὲνης
939 2990 992 3050 δὲ
1021 2994 1114 3063 τῆς
1140 2988 1366 3071 ὑποψίας
1393 2989 1604 3063 ἁπάσης
1631 2989 1782 3059 αὖτὸς
1803 2994 1832 3050 ὁ
1865 2990 2081 3063 θάνατος

508 3078 564 3151 ἐξ
597 3081 878 3153 ἐπιὸουλῆς
918 3076 1244 3138 ἀποθανόντα
1275 3076 1461 3156 μηνύει
1507 3076 1680 3138 αὐτόν.
1764 3077 2079 3140 Ἐπιθέσθαι

511 3166 566 3229 δὲ
587 3170 702 3229 τίνα
727 3170 928 3245 μᾶλλον
957 3166 1088 3234 εἰκός
1111 3168 1250 3225 ἐστιν
1272 3166 1307 3237 ἢ
1327 3166 1418 3225 τὸν
1443 3166 1650 3245 μεγάλα
1675 3164 1768 3243 μὲν
1788 3166 1928 3226 κακὰ
1948 3192 2077 3249 προ·

511 3256 834 3327 πεπονθότα,
856 3254 933 3313 ἔτι
965 3253 1020 3313 δὲ
1043 3254 1253 3331 μείζονα
1273 3252 1506 3322 ἐπίδοξον
1530 3254 1656 3312 ὄντα
1677 3252 1933 3333 πάσχειν;
1965 3254 2077 3314 ἔστι

511 3344 567 3405 δὲ
589 3347 617 3401 ὃ
644 3341 949 3419 διωκόμενος
977 3333 1138 3408 οὗτος·
1163 3344 1222 3400 ἐκ
1245 3344 1474 3400 παλαιοῦ
1497 3338 1599 3420 γὰρ
1619 3339 1800 3421 ἐχθρὸς
1821 3340 1892 3399 ὢν
1921 3343 2077 3402 αὖτοῦ

509 3432 707 3497 πολλὰς
731 3428 824 3508 μὲν
854 3429 944 3488 καὶ
965 3428 1200 3508 μεγάλας
1220 3426 1425 3510 γραφὰς
1453 3427 1638 3497 διώξας
1656 3426 1902 3505 οὐδεμίαν
1922 3422 2075 3507 εἷλεν,

513 3518 574 3604 (c)
595 3518 672 3579 Iti.
695 3516 748 3577 δὲ
771 3517 974 3598 μείζους
993 3515 1084 3576 καὶ
1106 3517 1312 3585 πλείους
1336 3516 1570 3597 διωχθεὶς
1588 3515 1911 3577 οὐδεπώποτ’
1944 3520 2077 3579 ἀπο·

427 3629 482 3669 25
510 3606 684 3689 φυγὼν
714 3605 891 3666 ἱκανὸν
921 3604 1076 3686 μέρος
1101 3608 1204 3663 τῶν
1229 3604 1388 3665 ὄντων
1421 3603 1788 3685 ἀποὸέὸληκε,
1815 3603 1883 3665 τὰ
1905 3604 1952 3665 δ’
1974 3606 2074 3686 ἀγ·

509 3720 671 3778 χιστα
698 3697 851 3776 ἱερῶν
880 3694 1077 3765 κλοπῆς
1106 3693 1245 3752 δυοῖν
1281 3692 1558 3752 ταλάντοιν
1589 3692 1947 3773 γεγραμμένος
1985 3695 2073 3754 ὑπ’

511 3787 670 3846 αὐτοῦ
688 3829 705 3858 ,
735 3781 979 3849 συνειδὼς
1007 3780 1103 3859 μὲν
1130 3784 1273 3863 αὑτῷ
1294 3780 1354 3839 τὸ
1380 3780 1642 3859 ἀδίκημα,
1667 3780 1908 3862 ἔμπειρος
1931 3782 1977 3840 δ’
2004 3781 2077 3843 ὢν

508 3876 602 3945 τῆς
629 3872 810 3932 τούτου
852 3868 1149 3947 δυνάμεως,
1179 3872 1516 3947 μνησικακῶν
1543 3868 1598 3927 δὲ
1628 3872 1730 3929 τῶν
1759 3868 2074 3951 ἱμπροσθεν,

511 3960 723 4028 εἰκότως
750 3958 846 4038 μὲν
883 3956 1280 4037 ἐπεὸούλευσεν,
1315 3954 1522 4025 εἰκότως
1555 3958 1600 4016 δ’
1632 3956 1953 4035 ἀμυνόμενος
1980 3954 2074 4030 τὴν

510 4049 696 4131 ἔχθραν
710 4048 980 4109 ἀπέκτεινε
995 4044 1084 4106 τὸν
1101 4044 1283 4128 ἄνδρα.
1367 4046 1428 4125 (7)
1441 4044 1518 4106 Ἥ
1533 4068 1590 4104 τε
1605 4044 1707 4125 γὰρ
1717 4045 1965 4122 ἐπιθυμία
1984 4050 2077 4119 τῆς

509 4138 762 4219 τιμωρίας
789 4135 1069 4215 ἀμνήμονα
1095 4138 1200 4195 τῶν
1227 4132 1476 4195 κινδύνων
1504 4132 1728 4207 καθίστη
1755 4132 1934 4208 αὐτόν,
1961 4131 1994 4191 ὅ
2016 4157 2075 4195 τε

429 4251 484 4291 so
513 4226 668 4308 φόὸος
689 4230 792 4284 τῶν
821 4224 1202 4305 ἐπιφερομένων
1227 4226 1404 4283 κακῶν
1429 4223 1740 4297 ἐκπλήσσων
1765 4222 2073 4304 θερμότερον

510 4314 786 4395 ἐπιχειρεῖν
809 4316 996 4392 ἐπῆρεν
1011 4335 1025 4349 ·
1105 4311 1298 4383 ἤλπιζέ
1317 4334 1374 4370 τε
1392 4312 1518 4370 τάδε
1542 4313 1638 4388 μὲν
1661 4309 1855 4390 δράσας
1868 4308 1961 4368 καὶ
1978 4308 2077 4382 λή-

513 4426 619 4463 σειν
645 4400 956 4467 ἀποκτείνας
986 4398 1139 4458 αὗτὸν
1169 4397 1260 4457 καὶ
1299 4397 1676 4475 ἀποφεύξεσθαι
1714 4396 1811 4469 τὴν
1851 4396 2075 4479 γραφήν·

410 4492 572 4575 116(s)
608 4490 725 4550 οὔτε
751 4487 854 4570 γὰρ
883 4486 1138 4558 ἐπεξιέναι
1166 4484 1379 4563 οὐδένα,
1407 4485 1524 4563 ἀλλ’
1546 4482 1747 4567 ἐρήμην
1773 4483 1936 4556 αὖτὴν
1962 4483 2077 4543 ἔσε-

511 4584 649 4638 σθαι·
683 4574 733 4635 εἴ
764 4598 820 4633 τε
861 4574 952 4635 καὶ
990 4572 1142 4646 ἁλοίη
1157 4619 1172 4647 ,
1199 4570 1622 4653 τιμωρησαμένῳ
1655 4570 1868 4629 κάλλιον
1905 4568 2074 4641 ἔδοξεν

510 4668 654 4726 αὖτῶ
679 4669 846 4723 ταῦτα
867 4662 1116 4743 πάσχειν,
1147 4660 1182 4733 ἢ
1209 4660 1474 4741 ἀνάνδρως
1495 4656 1656 4737 μηδὲν
1684 4657 2068 4738 ἀντιδράσαντα

510 4724 729 4825 ὓπὸιτῆς
755 4756 958 4834 γραφῆς
980 4752 1340 4831 διαφθαρῆναι.
1424 4750 1617 4829 Σαφῶς
1644 4746 1690 4804 δ’
1718 4744 1836 4827 ᾔδει
1868 4744 2075 4804 ἁλωσό-

512 4866 662 4922 μενος
680 4838 861 4911 αὗτήν·
883 4840 942 4898 οὗ
960 4837 1063 4920 γὰρ
1085 4837 1146 4897 ἂν
1161 4834 1307 4896 τόνδε
1325 4835 1412 4895 τὸν
1433 4836 1610 4915 ἀγῶνα
1637 4834 1873 4913 ἐνόμισεν
1898 4835 2071 4916 ἀσφα·

509 4929 750 5011 λέστερον
779 4918 930 4987 εἶναι.

589 5041 636 5081 ο.
681 5016 768 5078 Τὰ
799 5014 894 5093 μὲν
920 5013 1218 5095 βιασάμενα
1244 5012 1413 5072 ταῦτά
1436 5014 1574 5072 ἐστιν
1604 5010 1863 5083 ἀσεὸἥσαι
1892 5009 2071 5072 αὐτόν.

437 5136 464 5176 5
509 5107 784 5189 Μάρτυρες
804 5106 849 5164 δ’
865 5106 910 5163 εἰ
933 5100 1028 5181 μὲν
1049 5101 1235 5162 πολλοὶ
1253 5100 1625 5181 παρεγένοντο,
1644 5098 1868 5167 πολλοὺς
1889 5098 1954 5158 ἂν
1976 5122 2076 5157 πα·

511 5195 823 5276 ρεσχόμεθα·
861 5191 970 5260 ἑνὸς
1005 5188 1062 5250 δὲ
1097 5195 1188 5250 τοῦ
1218 5188 1500 5250 ἀκολούθου
1527 5186 1984 5271 παραγενομένου,
2022 5184 2075 5246 οἳ

512 5283 692 5349 τούτου
714 5282 897 5359 ἤκουον
922 5277 1358 5363 μαρτυρήσουσιν·
1402 5276 1626 5359 ἱμπνους
1646 5275 1747 5357 γὰρ
1767 5274 1843 5334 ἔτι
1867 5273 2039 5356 ἀρθείς
2053 5318 2069 5349 ,

3398 478 3407 533 ,·
3432 436 3743 553 (ξιξ-ω.)

2236 613 2359 668 Quae
2376 608 2572 673 quidem
2592 608 2787 661 steudes
2802 610 2865 662 ab
2881 608 3158 665 bominibus
3174 614 3535 667 contemnendis
3549 628 3741 681 compa·

2172 682 2293 731 ratu
2320 682 2499 731 tuerint
2512 718 2527 743 ,
2554 694 2625 732 em
2646 681 2845 733 suntad
2872 684 3231 746 coarguendum
3251 697 3351 735 non
3367 686 3629 737 admodum
3654 687 3743 738 dii·-

2174 752 2327 803 iiciles
2348 766 2362 802 ε
2386 752 2579 805 iii-audes
2600 756 2767 803 autern
2789 754 2829 804 si
2852 768 2965 818 qum
2987 759 3277 807 constructas
3300 757 3476 807 tuerint
3499 758 3562 807 ab
3587 759 3745 809 homi·
3794 790 3796 813 ε

2172 822 2317 874 nibus
2340 824 2489 875 nobili
2516 826 2625 875 loco
2648 826 2777 875 natis
2796 839 3058 891 rerumque
3090 828 3305 879 civilium
3328 842 3421 879 usu
3442 828 3596 893 tritis,
3617 832 3669 880 et
3698 830 3747 879 id
3794 840 3796 843 ⁴

2171 896 2331 945 aetatis
2349 896 2601 959 egentibus
2620 910 2719 961 quo
2742 897 2949 961 quisquc
2969 898 3032 949 ad
3058 899 3369 961 prudentiam
3394 900 3749 953 valentissimus

2172 968 2273 1029 est,
2310 967 2545 1029 eiusmodi
2570 970 2863 1019 veteratores
2901 970 2952 1019 et
2986 971 3226 1021 noscitare
3268 975 3319 1021 et
3349 985 3606 1036 coarguere
3634 988 3743 1037 per-

2172 1050 2320 1099 quam
2346 1040 2419 1088 est
2434 1038 2659 1093 arduum.
2726 1040 2795 1101 (2)
2816 1038 3108 1090 Discriminis
3128 1042 3257 1091 enim
3278 1043 3353 1092 sui
3367 1044 3513 1106 probe
3532 1047 3747 1095 tenentes
3796 1091 3798 1111 ¹

2171 1108 2549 1170 magnitudinem
2562 1146 2577 1171 ,
2620 1122 2649 1160 e
2688 1110 2948 1174 longinquo
2995 1112 3269 1163 cautionem
3308 1113 3587 1163 insidiarum
3626 1130 3745 1178 quas

2174 1181 2347 1242 parent
2380 1180 2624 1242 meditati,
2646 1180 2779 1243 prius
2800 1182 2933 1245 operi
2960 1194 3159 1232 manum
3188 1196 3287 1233 non
3311 1184 3569 1235 admovent
3598 1199 3745 1248 quam

2176 1251 2435 1314 suspicioni
2473 1251 2607 1301 omni
2642 1252 2829 1303 editum
2862 1252 2927 1303 ad
2960 1266 3013 1303 se
3046 1254 3350 1305 occluserint.
3416 1259 3639 1314 Quorum
3666 1262 3750 1305 vos

2174 1334 2347 1384 gnaros
2378 1324 2571 1384 oportet
2605 1322 2683 1373 vel
2722 1323 2973 1373 minimam
3000 1326 3103 1374 veri
3126 1328 3333 1389 speciem
3358 1326 3531 1389 cupide
3556 1330 3750 1391 captare

2170 1391 2312 1453 eique
2330 1390 2477 1441 tidem
2502 1392 2745 1443 adbibere.
2810 1397 2908 1445 Nos
2944 1396 3109 1445 autem
3134 1396 3277 1459 buius
3308 1398 3454 1447 caedis
3482 1398 3747 1449 vindictam
3798 1406 3800 1433 ff

2171 1465 2462 1523 quaerentes,
2482 1475 2580 1512 non
2598 1462 2885 1514 dimittimus
2901 1468 3109 1528 sontem,
3120 1468 3454 1531 persequimur
3470 1470 3713 1519 insontem
3736 1490 3747 1518 :

2170 1536 2239 1595 (3)
2258 1532 2342 1595 qui
2362 1533 2558 1597 quidem
2580 1534 2731 1596 probe
2744 1538 3014 1595 teneamus,
3030 1548 3185 1599 quum
3215 1536 3457 1589 homicidii
3478 1544 3645 1589 matus
3674 1544 3749 1589 to·

2170 1605 2275 1653 tam
2291 1602 2535 1655 civitatem
2564 1607 2727 1655 teneat
2747 1604 2937 1668 piaculo
2960 1608 3271 1659 constrictam
3287 1646 3303 1671 ,
3326 1608 3482 1660 donec
3503 1611 3747 1667 homicida

2170 1674 2541 1739 demonstretur,
2561 1678 2671 1725 tum
2686 1678 2789 1727 sore
2806 1680 2863 1729 ut
2884 1680 3047 1733 reatus
3060 1678 3197 1744 illea
3226 1682 3421 1731 civitate
3440 1684 3489 1732 in
3508 1694 3599 1733 nos
3619 1685 3747 1734 solos
3801 1703 3802 1741 ff

2170 1747 2431 1811 relabatur,
2460 1750 2507 1797 et
2524 1747 2675 1798 nostri
2698 1749 2874 1799 erroris
2890 1749 2940 1798 in
2967 1762 3057 1799 nos
3077 1751 3277 1815 recidat,
3301 1753 3383 1815 qui
3406 1752 3582 1817 injuste
3604 1768 3747 1805 accu-

2170 1818 2392 1869 sar-imus.
2460 1818 2591 1869 certi
2610 1816 2774 1881 itaque
2789 1830 2944 1881 quum
2971 1820 3123 1870 simus
3156 1823 3279 1871 tunc
3303 1836 3449 1873 omne
3478 1824 3632 1887 hujus
3665 1826 3745 1875 ho-

2170 1888 2351 1939 micidii
2368 1888 2615 1952 piaculum
2638 1889 2687 1937 in
2713 1903 2802 1939 nos
2828 1888 2957 1941 solos
2982 1904 3085 1941 esse
3110 1892 3411 1957 relapsurum
3424 1932 3439 1958 ,
3459 1896 3749 1947 conabimur

2172 1960 2321 2023 exiis,
2338 1972 2447 2023 quoe
2475 1960 2625 2023 probe
2644 1961 2834 2023 cognita
2860 1961 3111 2025 babemus,
3134 1976 3281 2027 quam
3307 1966 3571 2027 poterimus
3598 1962 3751 2031 liqui:

2170 2030 2363 2082 dissime
2384 2032 2520 2082 vobis
2535 2031 2919 2083 demonstratum
2935 2032 3051 2084 dare
3065 2071 3081 2096 ,
3100 2034 3287 2085 caedem
3310 2037 3437 2087 hanc
3452 2036 3517 2089 ab
3536 2038 3637 2089 hoc
3658 2039 3746 2090 ho·
3802 2042 3804 2047 ‘

2179 2103 2337 2166 mine,
2368 2115 2513 2167 quem
2540 2102 2645 2165 eius
2668 2103 3028 2165 insimulemus,
3048 2108 3291 2169 peractam
3313 2121 3430 2159 me.

2240 2176 2288 2223 4.
2322 2174 2487 2237 Neque
2504 2174 2633 2223 enim
2650 2174 2897 2237 probabile
2922 2178 2995 2226 est
3019 2188 3128 2227 eam
3154 2191 3183 2227 a
3208 2178 3476 2229 latronibus
3498 2184 3753 2244 peractam

2176 2256 2279 2297 esse
2295 2260 2309 2303 ς
2339 2244 2455 2308 quia
2478 2246 2527 2294 et
2554 2244 2697 2295 herus
2714 2247 2763 2295 et
2794 2258 2961 2296 servus
2978 2259 3091 2296 cum
3104 2260 3161 2297 eo
3178 2251 3454 2311 peremptus
3469 2250 3569 2299 suis
3586 2252 3754 2303 adhuc

2168 2316 2333 2366 amicti
2358 2316 2571 2366 vestibus
2598 2316 2775 2380 reperti
2809 2319 2923 2367 sunt
2949 2339 2962 2369 ε
2988 2318 3111 2369 latro
3146 2322 3312 2370 autem
3344 2332 3487 2371 nemo
3526 2322 3635 2373 sine
3668 2324 3752 2375 illo
3805 2366 3806 2369 ,

2170 2386 2459 2450 compendio
2480 2386 2789 2451 discessisset,
2806 2388 2947 2450 cuius
2967 2388 3263 2453 adipiscendi
3292 2404 3437 2442 causa
3466 2396 3619 2455 caput
3650 2396 3753 2459 ipse

2168 2470 2315 2507 suum
2353 2452 2613 2508 discrimini
2641 2458 2842 2521 objecit;
2861 2474 3015 2523 quum
3045 2460 3259 2524 praedam
3280 2464 3557 2526 promptam
3586 2466 3641 2514 et
3672 2480 3755 2529 pa·

2176 2532 2329 2580 ratam
2362 2528 2577 2581 baberet.
2642 2534 2791 2581 Porro
2808 2544 2869 2581 ne
2888 2544 2973 2594 per
3004 2532 3159 2581 rixam
3191 2533 3387 2597 quidem
3410 2534 3535 2583 inter
3568 2539 3753 2599 pocula

2170 2603 2388 2651 coortam
2421 2600 2627 2651 confossi
2658 2602 2772 2652 sunt
2802 2621 2815 2651 ε
2840 2603 3001 2652 statim
3025 2603 3155 2656 enim
3182 2602 3417 2666 eiusmodi
3449 2604 3701 2658 homicida
3721 2622 3749 2657 a
3774 2664 3783 2675 .
3807 2664 3808 2673 χ

2169 2672 2528 2737 compotoribus
2545 2674 2669 2723 esset
2697 2674 2903 2736 agnitus.
2966 2676 3075 2724 Non
3092 2675 3242 2737 magis
3263 2674 3479 2737 iurgium
3505 2676 3550 2727 ei
3570 2690 3749 2728 necem
3807 2686 3808 2691 ’

2170 2746 2410 2795 contraxit
2430 2760 2445 2794 ε
2465 2758 2625 2807 neque
2646 2744 2773 2795 enim
2794 2744 2939 2795 nocte
2954 2744 3241 2808 intempesta
3256 2749 3308 2796 et
3346 2747 3397 2795 in
3414 2746 3523 2797 loco
3544 2747 3750 2801 deserto

2171 2818 2409 2881 quispiam
2426 2817 2505 2867 alii
2520 2817 2728 2879 cuipiam
2745 2816 2963 2867 convicia
2980 2816 3167 2879 ingerit.
3232 2818 3453 2881 Denique
3469 2831 3563 2869 nec
3574 2818 3751 2881 iaculo

2168 2888 2317 2938 alium
2334 2888 2494 2938 nescio
2520 2900 2669 2951 quem
2685 2888 2853 2949 petens
2876 2887 3051 2951 aliquis
3072 2888 3171 2939 telo
3189 2888 3440 2939 aberrante
3458 2888 3594 2939 bunc
3622 2903 3750 2941 con·
3809 2925 3810 2943 2

2168 2960 2290 3011 rodit
2315 2979 2328 3010 ε
2360 2960 2471 3009 tum
2508 2958 2638 3007 enim
2677 2956 3013 3021 pedissequum
3047 2972 3147 3009 non
3188 2958 3339 3009 simul
3371 2962 3605 3011 necasset.
3684 2966 3749 3025 (5'¹
3809 2960 3810 2963 ’

2173 3031 2398 3083 nemim
2432 3029 2575 3092 igitur
2609 3029 2876 3091 suspicione
2921 3029 3015 3079 alia
3048 3042 3385 3093 quacumque,
3424 3029 3494 3080 nil
3520 3036 3749 3094 superest

2170 3116 2317 3166 quam
2338 3103 2395 3151 ut
2410 3101 2487 3152 hic
2504 3102 2782 3165 peremptus
2795 3113 2855 3150 ex
2874 3100 3055 3151 insidiis
3070 3100 3249 3150 inimici
3269 3100 3493 3152 ceciderit
3510 3116 3527 3163 ;
3542 3101 3593 3152 id
3610 3106 3751 3167 quod

2171 3174 2328 3237 ipsum
2345 3172 2515 3222 mortis
2522 3183 2672 3233 genus
2682 3170 2874 3220 clamat.
2940 3169 3035 3221 Sed
3046 3170 3091 3221 ei
3105 3170 3379 3221 insidiatum
3392 3184 3495 3221 esse
3506 3184 3751 3235 ecquem-

2170 3256 2284 3294 nsm
2301 3244 2365 3294 sit
2377 3242 2651 3293 credibilius
2662 3278 2677 3304 ,
2692 3254 2840 3305 quam
2857 3254 2971 3291 eum
2982 3276 2998 3303 ,
3019 3240 3097 3290 cui
3111 3242 3220 3304 post
3232 3254 3429 3304 magnas
3444 3242 3609 3293 clades
3630 3247 3752 3296 oiim

2167 3328 2198 3364 a
2224 3317 2471 3377 perempto
2496 3315 2717 3376 acceptas
2732 3312 2891 3363 adbuc
2908 3312 3064 3363 multo
3084 3312 3292 3373 majores
3312 3312 3374 3362 ab
3392 3312 3565 3364 eodem
3584 3319 3753 3367 essent

2170 3384 2507 3435 inevitabiliter
2528 3380 2832 3433 metuendae?
2852 3386 2977 3441 Quae
2993 3384 3066 3432 est
3085 3382 3295 3433 conditio
3314 3382 3460 3445 buius
3482 3383 3705 3437 bominis
3723 3401 3751 3436 a

2166 3470 2246 3505 me
2276 3456 2343 3506 rei
2383 3454 2514 3506 iacti.
2580 3454 2669 3504 Hic
2704 3453 2857 3516 enim,
2890 3466 2919 3503 a
2952 3454 3213 3516 longinquo
3238 3454 3439 3504 infestus
3456 3462 3751 3521 perempto,

2170 3527 2351 3576 multas
2375 3524 2572 3590 quidem
2590 3523 2635 3574 ei
2662 3523 2887 3586 capitales
2906 3535 3073 3573 causas
3090 3522 3139 3573 in
3159 3525 3262 3574 i'oro
3290 3523 3513 3575 dicendas
3536 3526 3751 3592 obiecit,

2166 3598 2216 3646 in
2235 3608 2440 3660 quarum
2467 3596 2601 3645 nulla
2624 3607 2737 3643 eum
2756 3594 3123 3657 condemnavit;
3147 3595 3215 3656 (6)
3235 3598 3403 3645 contra
3420 3609 3539 3646 vero
3570 3610 3599 3645 e
3624 3612 3750 3660 per·

2164 3669 2327 3731 empto
2358 3666 2636 3717 criminibus
2672 3666 2939 3728 exagitatus
2972 3666 3020 3714 et
3057 3666 3354 3728 gravioribus
3390 3668 3441 3717 et
3484 3667 3721 3729 pluribus
3736 3708 3753 3735 ,

2165 3752 2353 3803 semper
2377 3739 2743 3799 condemnatus,
2767 3739 2835 3786 rei
2858 3737 3099 3787 familiaris
3118 3737 3305 3787 cladem
3340 3738 3573 3800 insignem
3592 3754 3753 3792 acce·

2164 3812 2263 3874 pit,
2300 3812 2351 3861 et
2376 3810 2632 3859 novissime
2653 3821 2765 3858 reus
2787 3807 3032 3870 sacrilegii,
3056 3807 3142 3857 lite
3162 3808 3355 3859 duobus
3380 3807 3577 3858 talentis
3614 3812 3751 3862 aesti-

2167 3884 2314 3943 mata‚
2334 3880 2547 3930 criminis
2564 3878 2767 3929 incusati
2785 3879 2935 3941 probe
2956 3878 3047 3929 sibi
3068 3878 3286 3928 conscius
3302 3914 3317 3940 ,
3346 3880 3648 3929 accusatoris
3680 3883 3753 3933 fa-

2168 3950 2397 4003 cundiam
2422 3952 2475 4000 et
2498 3950 2833 3999 auctoritatem
2856 3948 3097 4012 cognitam
3124 3948 3336 4019 babens,
3366 3947 3665 4010 injuriarum
3690 3954 3755 4003 ab

2166 4020 2335 4070 eodem
2368 4021 2647 4069 comestore
2682 4018 2869 4082 pridem
2904 4021 3212 4081 acceptarum
3240 4032 3393 4081 usque
3416 4032 3624 4083 memor,
3672 4024 3757 4073 laic

2167 4092 2309 4154 igitur
2326 4089 2457 4140 baud
2478 4089 2625 4139 dubie
2645 4088 2707 4139 de
2735 4090 2929 4141 inimico
2962 4088 3175 4139 tollendo
3200 4089 3397 4139 consilia
3424 4090 3550 4153 cepit
3568 4126 3582 4151 ‚
3610 4092 3755 4145 lualid

2164 4164 2311 4213 dubie
2328 4174 2441 4212 eum
2464 4161 2556 4210 hnc
2572 4174 2691 4211 nece
2706 4161 2839 4211 ultus
2858 4162 2947 4211 est.
3014 4160 3082 4222 (7)
3104 4162 3165 4209 Et
3180 4160 3327 4209 ardor
3342 4160 3470 4209 enim
3505 4161 3755 4216 vindiciae

2164 4234 2493 4285 discriminum
2513 4233 2563 4282 in
2584 4246 2697 4297 quie
2722 4246 2773 4282 se
2792 4232 3023 4281 induebat
3038 4231 3245 4280 oblitum
3264 4230 3487 4294 reddidit,
3507 4235 3559 4282 et
3576 4238 3757 4289 metus

2164 4306 2405 4357 maiorum
2430 4304 2495 4355 ab
2514 4304 2597 4355 illo
2624 4302 2978 4353 imminentium
2993 4338 3008 4363 ,
3026 4302 3095 4352 ita
3116 4303 3451 4364 exsufflabat,
3472 4303 3529 4352 ut
3552 4304 3651 4355 boc
3674 4322 3757 4358 ca.

2163 4376 2307 4427 lidius
2326 4389 2529 4426 manum
2558 4374 2754 4425 facinori
2786 4372 3039 4434 adjiceret,
3072 4385 3295 4435 sperans,
3324 4372 3462 4422 illum
3496 4374 3539 4422 si
3576 4380 3755 4427 sustu-

2164 4447 2293 4509 ierit,
2308 4448 2412 4497 fore
2428 4448 2552 4497 utet
2570 4446 2619 4495 in
2640 4442 2833 4495 occulto
2850 4444 3043 4493 maneat
3059 4442 3259 4505 facinus,
3280 4445 3331 4492 et
3349 4444 3447 4506 ipse
3464 4443 3603 4494 litem
3624 4450 3755 4498 snb-

2162 4518 2421 4580 termgiat=
2507 4518 2573 4579 (8)
2600 4515 2674 4565 Ab
2715 4513 2909 4565 nemine
2936 4513 3067 4563 enim
3106 4514 3267 4565 actam
3280 4550 3294 4575 ,
3319 4513 3449 4563 haud
3472 4513 3627 4564 dubie
3668 4519 3757 4571 de-
3807 4562 3809 4565 ,

2162 4590 2347 4638 sertum
2369 4587 2429 4636 iri
2450 4606 2465 4637 z
2483 4588 2583 4635 imo
2598 4586 2785 4636 etiamsi
2802 4586 3131 4645 damnaretur,
3152 4584 3309 4633 multo
3344 4596 3447 4633 esse
3483 4583 3757 4647 gloriosius

2163 4670 2261 4709 non
2273 4658 2483 4707 inultum
2506 4658 2611 4707 haec
2626 4656 2726 4720 pati
2750 4669 2897 4720 quam
2914 4654 3158 4705 imbellem
3180 4668 3243 4704 ex
3258 4654 3476 4717 judicum
3492 4660 3753 4709 sententia

2162 4731 2369 4780 mortem
2396 4728 2611 4791 accipere
2634 4727 2801 4789 jugulo
2828 4728 2957 4776 ultro
2973 4725 3153 4775 oblato.
3219 4728 3419 4775 certum
3436 4728 3607 4777 autem
3622 4742 3754 4781 eum

2164 4802 2334 4865 fuisse,
2358 4800 2543 4851 crimen
2571 4800 2663 4849 boc
2688 4798 2750 4848 de
2788 4796 3031 4860 sacrilegio
3068 4796 3155 4861 ipsi
3184 4796 3389 4858 capitale
3426 4797 3559 4859 fore,
3586 4812 3655 4847 ex
3686 4814 3755 4851 eo

2164 4873 2379 4934 constet,
2410 4869 2543 4933 quod
2576 4868 2703 4918 hanc
2743 4868 2984 4917 actionem
3012 4866 3075 4919 de
3109 4866 3368 4917 homicidio
3404 4880 3519 4917 cum
3548 4869 3758 4923 minore

2162 4956 2312 5007 quam
2328 4942 2463 4992 illam
2482 4940 2697 5005 periculo
2724 4940 3036 5001 conjunctam
3058 4952 3161 4989 esse
3180 4938 3390 5001 putavit.

2230 5021 2278 5065 9.
2312 5016 2401 5063 liae
2430 5014 2545 5061 sunt
2580 5010 2677 5059 illae
2702 5012 3007 5061 necessitates
3026 5046 3041 5070 ,
3070 5022 3182 5072 quoe
3208 5022 3323 5059 eum
3345 5008 3407 5057 ed
3428 5012 3759 5064 committen-

2162 5081 2276 5131 dum
2298 5078 2481 5129 casdem
2498 5076 2771 5141 adegerunt-
2832 5079 2996 5127 Testes
3018 5078 3180 5125 autem
3199 5076 3238 5125 si
3258 5074 3399 5125 multi
3420 5076 3527 5125 tum
3553 5076 3759 5132 adfuis-

2162 5150 2289 5209 sent,
2316 5146 2497 5195 multos
2522 5144 2928 5207 produxissemus.
2995 5144 3058 5191 At
3076 5154 3202 5191 unus
3216 5140 3561 5191 tantummodo
3580 5141 3759 5199 adfuit

2162 5213 2473 5279 pedissequus
2500 5229 2515 5262 ι
2547 5212 2679 5260 hunc
2711 5209 2797 5273 qui
2829 5206 3159 5257 testimonium
3180 5206 3403 5257 edentem
3420 5205 3753 5274 audiverunt,

2162 5278 2483 5337 testabuntur.
2562 5280 2683 5334 Nam
2723 5276 2907 5345 spirans
2936 5272 3099 5328 adhuc
3120 5272 3204 5327 ille
3228 5286 3259 5323 a
3284 5272 3755 5337 supervenientibus
