3825 5842
67 507 358 590 (rsa—ras)

59 641 220 722 ρεύειν
261 637 534 718 εἴργεσθαι
575 639 684 696 τῶν
725 635 974 715 νομίμων.

54 729 326 794 πείσαντες
371 724 592 798 αὖτούςς
616 724 710 784 καὶ
736 725 871 795 τίνος
907 726 1060 786 ἕνεκα
1091 726 1184 784 καὶ
1223 727 1482 807 πρόθυμοι
1508 725 1621 805 ἐγέ-

21 855 28 878 ›
51 840 192 878 νοντο
222 817 416 874 πεῖσαι
443 813 654 888 αὐτούς
679 816 762 874 δεῖ
786 814 888 896 γάρ
911 839 975 893 με
998 815 1087 875 καὶ
1117 821 1284 874 ταῦτα
1313 820 1448 893 ὑμᾶς
1480 815 1626 875 διδά-

53 907 150 974 ξαι.
181 907 276 982 (35)
299 901 709 984 Κατηγορήσειν
729 902 944 982 ἔμελλον
959 902 1279 984 Ἀριστίωνος
1295 903 1385 962 καὶ
1401 902 1624 964 Φιλίνου

51 993 140 1052 καὶ
166 991 491 1068 Ἀμπελίνου
529 989 620 1049 καὶ
646 995 740 1049 τοῦ
769 989 1220 1072 ὑπογραμματέως
1251 994 1354 1050 τῶν
1380 995 1626 1070 θεσμοθε-

53 1084 150 1138 τῶν
168 1125 184 1152 ,
213 1083 332 1156 μεθ’
367 1071 528 1160 οὗπερ
569 1077 936 1157 συνέκλεπτον,
977 1078 1098 1159 περὶ
1122 1069 1192 1137 ὧν
1223 1077 1521 1158 εἰσήγγειλα
1547 1080 1618 1146 εἰς

53 1169 144 1240 τὴν
171 1167 398 1247 βουλήν.
487 1167 598 1228 Καὶ
632 1167 807 1233 αὐτοῖς
843 1168 904 1225 ἐκ
950 1163 1044 1244 μὲν
1086 1169 1189 1224 τῶν
1235 1189 1346 1225 πεπ
1381 1165 1620 1246 αγμένων

53 1257 264 1334 οὐδεμία
293 1247 371 1327 ἦν
396 1255 544 1323 ἐλπὶς
579 1253 954 1335 ἀποφεύξεσθαι
978 1255 1226 1334 (τοιαῦτα
1242 1254 1325 1336 ἄρ’
1382 1279 1408 1314 ν
1426 1254 1493 1313 τὰ
1511 1256 1624 1327 ἠδι·

55 1343 302 1424 κημένα)
331 1344 612 1412 πείσαντες
634 1342 690 1403 δὲ
705 1342 912 1410 τοῦτους
933 1341 1327 1425 ἀπογράφεσθαι
1356 1342 1446 1402 καὶ
1467 1366 1623 1424 προα-

56 1431 284 1514 γορεύειν
333 1433 458 1509 ἐμοὶ
487 1431 749 1514 εἴργεσθαι
777 1434 880 1490 τῶν
915 1430 1180 1509 νομίμων,
1202 1431 1472 1512 ἡγήσαντο
1498 1431 1624 1491 ταύ·

19 1547 30 1584 ι
53 1545 144 1592 την
161 1521 346 1602 σφίσιν
368 1520 578 1580 ἔσεσθαι
595 1518 858 1600 σωτηρίαν
881 1519 973 1578 καὶ
1005 1520 1322 1600 ἀπαλλαγὴν
1349 1524 1454 1580 τῶν
1493 1543 1626 1602 πρα·

54 1609 268 1689 γμάτων
295 1610 572 1668 ἁπάντων.
601 1607 691 1690 (as)
713 1606 782 1668 ‘0
795 1605 894 1687 γὰρ
917 1606 1072 1685 νόμος
1092 1606 1254 1676 οὕτως
1272 1607 1403 1688 ἔχει,
1417 1609 1626 1668 ἐπειδάν

59 1723 128 1765 τις
169 1701 466 1779 ἀπογραφῇ
493 1696 650 1779 φόνου
691 1695 870 1769 δίκην,
917 1695 1178 1776 εἴργεσθαι
1217 1698 1321 1755 τῶν
1368 1696 1627 1776 νομίμων·

53 1787 140 1846 καὶ
170 1785 278 1846 οὔτ’
329 1786 398 1845 ἂν
429 1784 535 1864 ἐγὼ
562 1777 667 1852 οἶός
695 1784 740 1842 τ’
769 1775 832 1856 ἦν
876 1782 1162 1852 ἐπεξελθεῖν
1198 1785 1489 1865 εἰργόμενος
1522 1789 1625 1844 τῶν

52 1875 292 1952 νομίμων
307 1921 328 1948 ,
348 1872 538 1934 ἐκεῖνοί
549 1897 608 1932 τε
627 1875 754 1950 ἐμοῦ
768 1876 858 1931 τοῦ
880 1871 1295 1954 εἰσαγγείλαντος
1313 1871 1402 1932 καὶ
1417 1875 1626 1932 ἐπιστα-

55 1963 206 2042 μένου
235 1963 312 2022 τὰ
330 1962 625 2043 πράγματα
645 1959 722 2039 μὴ
746 1959 1031 2030 ἐπεξιόντος
1053 1959 1240 2042 ῥᾳδίως
1258 1959 1474 2038 ἔμελλον
1499 1963 1626 2021 ἀπο·

55 2051 340 2130 φεύξεσθαι
359 2050 454 2112 καὶ
481 2049 628 2122 δίκην
657 2051 714 2107 οὗ
742 2046 922 2108 δώσειν
956 2052 1078 2126 ὑμῖν
1108 2040 1181 2108 ὧν
1209 2048 1485 2120 ἠδίκησαν.
1517 2047 1624 2108 Καὶ

17 2140 192 2206 ιτοῦτ’
216 2142 320 2200 οὐκ
351 2141 431 2200 ἐπ’
463 2137 582 2215 ἐμοὶ
618 2141 826 2218 πρῶτον
850 2123 1258 2217 ἐμηχαῗνήσαντο
1296 2139 1510 2204 Φιλῖνος
1534 2135 1626 2196 καὶ

57 2233 104 2288 οἱ
138 2227 313 2309 ἕτεροι
333 2273 352 2301 ,
399 2225 538 2286 ἀλλὰ
587 2225 681 2287 καὶ
730 2225 816 2285 ἐπὶ
855 2225 1202 2308 Λυσιστράτῳ
1241 2225 1514 2307 πρότερον,
1557 2229 1628 2292 ὡς

57 2318 206 2376 αὐτοὶ
235 2317 392 2394 ὑμεῖς
428 2312 710 2387 ἠκούσατε.
797 2314 890 2395 (37)
925 2314 1036 2374 Καὶ
1070 2305 1210 2373 οὗτοι
1247 2311 1342 2391 μὲν
1373 2337 1416 2372 π
1447 2313 1629 2391 όθυμοι

55 2406 170 2465 τότε
199 2398 345 2478 ἦσαν
370 2401 762 2484 ἀπογράφεσθαί
777 2425 844 2480 με
868 2401 1014 2469 εὐθὺς
1036 2405 1103 2481 τῇ
1124 2401 1373 2485 ὑστεραίᾳ
1407 2465 1418 2482 ·
1457 2405 1485 2460 ὁ
1506 2405 1630 2469 παῖς

54 2495 350 2566 ἐθάπτετο,
392 2492 515 2573 πρὶν
559 2492 654 2563 ’.ἣν
687 2489 856 2550 οἰκίαν
901 2494 1129 2572 καθᾶραι
1179 2490 1272 2549 καὶ
1306 2489 1373 2548 τὰ
1408 2489 1628 2568 νομιζό-

56 2605 188 2658 μενα
243 2583 506 2652 ποιῆσαι,
549 2579 712 2649 αὐτὴν
765 2575 960 2648 ταύτην
1003 2575 1318 2658 φυλάξαντες
1358 2576 1452 2648 τὴν
1490 2576 1628 2654 ἡμέ-

57 2694 148 2750 ραν
172 2672 228 2728 ἐν
255 2661 296 2750 ᾗ
320 2667 538 2744 ἔμελλεν
565 2671 594 2727 ὁ
620 2669 822 2746 πρῶτος
844 2665 1052 2726 ἐκείνων
1080 2663 1416 2747 κριθήσεσθαι
1434 2709 1452 2742 ,
1482 2665 1622 2735 ὅπως

56 2758 192 2835 μηδὲ
241 2760 366 2816 καθ’
416 2757 524 2824 ἑνὸς
573 2757 742 2816 αὗτῶν
791 2744 893 2822 οἶός
934 2778 991 2813 τε
1039 2753 1286 2834 γενοίμην
1334 2752 1623 2822 ἐπεξελθεῖν

15 2873 34 2912 0
59 2847 182 2922 μηδ’
233 2844 458 2914 ἐνδεῖξαι
506 2846 583 2926 τῷ
626 2841 948 2923 δικαστηρίῳ
989 2840 1058 2900 τὰ
1107 2841 1428 2920 ἀδικήματα·
1527 2843 1618 2921 (33)

59 2932 242 3004 ἐπειδὴ
275 2933 332 2992 δὲ
369 2934 544 2998 αὐτοῖς
587 2935 616 2990 ὁ
660 2928 901 3010 βασιλεὺς
939 2927 1055 2996 τούς
1084 2951 1142 2987 τε
1175 2927 1363 3007 νόμους
1398 2929 1596 3007 ἀνέγνω
1613 2974 1629 3004 ,

59 3023 150 3080 καὶ
179 3019 405 3101 χρόνους
443 3018 708 3091 ἀπέδειξε,
731 3017 781 3076 τί
811 3019 904 3076 οὐκ
935 3015 1192 3098 ἐγχωροίη
1228 3017 1632 3099 ἀπογράψασθαι

59 3109 148 3168 καὶ
167 3108 268 3176 τὰς
287 3107 504 3180 κλήσεις
521 3102 794 3165 καλεῖσθαι
807 3103 930 3172 ὅσας
949 3103 1083 3183 ἔδει,
1099 3105 1189 3164 καὶ
1210 3103 1314 3183 ἐγὼ
1328 3104 1446 3172 τοὺς
1464 3111 1628 3165 ταῦτα

61 3196 480 3279 μηχανωμένους
500 3194 722 3272 εἰσάγων
755 3195 826 3261 εἰς
853 3195 912 3252 τὸ
938 3193 1270 3276 δικαστήριον
1293 3183 1429 3254 εἷλον
1461 3194 1629 3254 ἅπαν·

60 3310 184 3358 τας,
207 3287 304 3346 καὶ
325 3283 547 3364 ἐτιμήθη
573 3285 747 3350 αὖτοῖς
769 3273 840 3341 ὧν
865 3283 1012 3360 ὑμεῖς
1041 3282 1320 3342 ἐπίστασθε
1336 3326 1352 3354 ,
1377 3283 1466 3342 καὶ
1491 3273 1633 3342 οὗτοι

62 3367 134 3434 ὧν
161 3373 316 3434 ἕνεκα
336 3373 634 3451 ἐλάμὸανον
652 3369 906 3454 χρήματα
925 3371 1072 3431 οὐδὲν
1095 3373 1268 3438 αὐτοῖς
1290 3361 1388 3429 οἶοί
1414 3395 1470 3430 τε
1498 3364 1630 3445 ἦσαν

15 3463 371 3542 Ιὸὧφελῆσαι,
415 3458 533 3520 τότε
583 3457 646 3532 δὴ
685 3457 981 3538 προσιόντες
1008 3459 1150 3541 αὐτῷ
1176 3457 1226 3517 τ’
1257 3455 1372 3536 ἐμοὶ
1410 3458 1502 3518 καὶ
1528 3468 1634 3528 τοῖς

61 3551 232 3631 φίλοις
255 3549 460 3608 ἐδέοντο
483 3548 860 3626 διαλλαγῆναι,
890 3546 982 3605 καὶ
1005 3546 1153 3620 δίκην
1179 3543 1378 3624 ἕτοιμοι
1399 3537 1535 3620 ἦσαν
1560 3548 1634 3606 δι-

65 3639 214 3696 δόναι
254 3640 360 3696 τῶν
391 3633 796 3716 ἡμαρτημένων.
901 3635 991 3715 (ον)
1020 3634 1130 3696 Καὶ
1153 3635 1258 3715 ἐγὼ
1283 3633 1505 3704 πεισθεὶς
1533 3633 1634 3694 ὑπὸ

65 3729 168 3784 τῶν
182 3725 350 3807 φίλων
365 3723 654 3804 διηλλάγην
669 3721 864 3790 τούτοις
874 3724 928 3782 ἐν
941 3726 1008 3802 τῇ
1026 3724 1176 3783 πόλει
1193 3722 1422 3783 ἐναντίον
1443 3721 1635 3804 μαρτύ-

71 3835 172 3892 ρων
186 3859 202 3888 ,
239 3811 392 3893 οἵπερ
416 3811 724 3883 διήλλαττον
747 3816 884 3888 ἡμᾶς
908 3812 1038 3893 πρὸς
1057 3815 1132 3892 τῷ
1155 3814 1256 3892 νεῷ
1279 3816 1372 3884 τῆς
1397 3811 1632 3883 Ἀθηνᾶς·

73 3901 166 3959 καὶ
189 3899 326 3979 μετὰ
348 3905 506 3959 τοῦτο
529 3899 757 3972 συνῆσάν
788 3922 878 3978 μοι
915 3895 1008 3958 καὶ
1036 3900 1324 3980 διελέγοντο
1345 3903 1399 3959 ἐν
1425 3908 1530 3969 τοῖς
1555 3903 1638 3960 ἱε-

15 4023 36 4060 5
79 3991 208 4070 ροῖς,
237 3991 294 4050 ἐν
319 3993 388 4070 τῇ
411 3991 604 4070 ἀγορᾷ,
638 3989 692 4046 ἐν
712 3990 774 4068 τῇ
795 3989 898 4068 ἐμῇ
925 3986 1063 4069 οἰκία
1082 4032 1098 4065 ,
1129 3989 1182 4047 ἐν
1209 3991 1275 4068 τῇ
1295 3988 1518 4068 σφετέρα
1541 3991 1636 4047 αὖ·

71 4083 174 4137 τὶἶιν
192 4078 284 4138 καὶ
307 4077 522 4156 ἑτέρωθι
540 4080 828 4157 πανταχοῦ.
913 4075 1005 4156 (⁴0)
1030 4078 1080 4136 Τ
1081 4075 1109 4134 ὸ
1125 4077 1444 4150 τελευταῖον,
1465 4047 1510 4136 ὅ
1531 4080 1638 4138 Ζεῦ

73 4168 163 4226 καὶ
192 4165 300 4226 θεοὶ
321 4165 516 4232 πάντες
535 4209 554 4240 ,
585 4163 920 4246 Φιλοκράτης
960 4163 1114 4230 αὐτὸς
1137 4163 1309 4223 οὑτοσὶ
1337 4166 1390 4224 ἐν
1416 4167 1491 4244 τῷ
1517 4169 1637 4246 βου-

75 4253 332 4336 λευτηρίῳ
375 4251 606 4312 ἐναντίον
651 4257 742 4324 τῆς
779 4254 965 4331 βουλῆς
979 4297 997 4326 ,
1036 4251 1196 4320 ἑστὼς
1225 4254 1340 4331 μετ’
1383 4255 1513 4330 ἐμοῦ
1551 4254 1638 4314 ἐπὶ

77 4349 164 4403 τοῦ
211 4341 481 4423 βήματος,
523 4339 814 4418 ἁπτόμενος
855 4344 986 4419 ἐμοῦ
1030 4340 1312 4422 διελέγετο,
1352 4339 1568 4419 ὀνόματι
1611 4352 1639 4406 ὁ

79 4437 308 4498 τοιοῦτος
347 4429 442 4506 ἐμὲ
491 4427 922 4510 προσαγορεύων,
975 4428 1067 4488 καὶ
1107 4429 1210 4509 ἐγὼ
1237 4435 1415 4489 τοῦτον
1434 4474 1450 4503 ,
1501 4428 1636 4489 ὥστε

81 4521 238 4580 δεινὸν
263 4517 410 4588 δόξαι
438 4507 571 4577 εἶναι
597 4521 664 4598 τῇ
702 4518 896 4598 βουλῇ,
929 4517 1107 4590 ἐπειδὴ
1145 4517 1364 4578 ἐπύθετο
1397 4540 1640 4599 προειρη-

83 4611 228 4684 μένον
277 4606 546 4690 εἶργεσθαί
587 4629 676 4684 μοι
712 4610 816 4665 τῶν
862 4606 1099 4686 νομίμων
1145 4605 1248 4666 ὑπὸ
1292 4606 1512 4680 τούτων,
1557 4605 1642 4674 οὒς

15 4725 58 4764 ιο
83 4701 213 4782 ἑώρα
252 4722 345 4777 μοι
373 4701 440 4778 τῇ
481 4692 770 4777 προτεραίᾳ
817 4694 1063 4762 συνόντας
1101 4693 1192 4753 καὶ
1228 4695 1636 4774 διαλεγομένους.

85 4792 162 4868 (41)
192 4785 473 4869 xxi-{ancos
499 4783 555 4845 δὲ
578 4785 669 4844 καί
694 4806 782 4862 μοι
821 4782 1117 4861 μνήσθητε,
1148 4771 1192 4842 εἷ
1239 4782 1435 4865 ἄνδρες·
1474 4789 1642 4843 ταῦτα

83 4876 175 4956 γὰρ
213 4876 274 4934 οὗ
319 4874 478 4952 μόνον
508 4871 764 4955 μάρτυσιν
808 4874 930 4950 ὑμῖν
972 4869 1264 4949 ἀποδείξω,
1308 4870 1444 4930 ἀλλὰ
1473 4872 1564 4932 καὶ
1592 4870 1645 4941 ἐξ

83 4965 248 5022 αὑτῶν
273 4965 378 5020 τῶν
401 4959 572 5042 ἔργων
593 4958 628 5018 ἃ
655 4959 852 5027 τούτοις
868 4957 1169 5042 πέπρακται
1189 4957 1375 5042 ῥαδίως
1388 4957 1644 5038 γνώσεσθε

81 5051 154 5109 ὅτι
177 5053 348 5123 ἀληθῆ
375 5047 536 5128 λέγω.
623 5047 734 5108 Καὶ
769 5052 974 5130 πρῶτον
1000 5047 1036 5106 ἃ
1070 5053 1162 5108 τοῦ
1204 5047 1456 5128 βασιλέως
1477 5071 1644 5121 κατη-

81 5144 284 5220 γοροῦσι
301 5137 396 5198 καὶ
423 5136 513 5197 διὰ
540 5135 639 5210 τὴν
666 5134 799 5213 ἐμὴν
828 5135 1060 5210 σπουδὴν
1083 5135 1142 5196 οὔ
1165 5159 1321 5217 φασιν
1352 5134 1506 5196 αὐτὸν
1536 5135 1646 5196 ἐθέ-

79 5228 182 5286 λειν
235 5225 646 5308 ἀπογράφεσθαι
688 5221 783 5296 τὴν
811 5224 988 5299 δίκην,
1015 5228 1167 5283 τοῦτο
1205 5223 1260 5283 δὲ
1307 5224 1425 5284 κατ’
1471 5225 1640 5284 αὐτῶν

79 5315 266 5376 τούτων
287 5315 445 5376 ἔσται
472 5311 762 5396 τεκμήριον
790 5309 868 5372 ὅτι
891 5313 985 5372 οὐκ
1007 5314 1176 5387 ἀληθῆ
1204 5312 1464 5393 λέγουσιν.
1551 5314 1643 5394 (ιιι)

870 509 1386 570 ANTIPHONTIS
1428 509 1658 570 ORAT.
1706 507 1951 573 SUPER
1995 512 2437 578 CHOREUTA.
3168 523 3267 586 '⁴5

1079 637 1232 706 Τίνες
1282 628 1371 697 οὖν
1411 629 1547 711 ἦσαν
1574 641 1621 698 οἱ
1703 647 1967 703 solvendis.
2015 651 2227 709 Quinam
2258 653 2421 702 autem
2451 651 2502 710 hi
2528 652 2643 702 sunt
2666 652 2873 718 Inimici,
2894 667 3104 720 quorum
3126 671 3271 710 suasu

1714 741 1808 790 hoc
1825 743 2077 793 fecerunt?
2112 745 2161 794 et
2182 745 2413 809 quidnam
2446 745 2666 797 inimicos
2698 761 2833 798 meos
2861 749 3054 812 impulit
3088 754 3145 800 ut
3180 750 3273 800 hoc

1712 832 1804 882 iilis
1824 833 2111 885 suaderent?
2140 850 2257 887 nam
2274 838 2381 888 haec
2416 851 2611 901 quoque
2640 851 2730 889 vos
2746 839 2919 890 docere
2936 840 3104 892 debeo.
3171 842 3270 905 (35)

1714 931 2035 979 Accusaturus
2052 943 2184 981 eram
2211 931 2497 982 Aristionem
2534 933 2583 981 et
2608 932 2849 982 Philinum
2876 935 2926 984 et
2963 935 3271 998 Ampelinum

1712 1024 1762 1072 et
1797 1024 2273 1076 commentariensem
2293 1025 2741 1078 Tbesmotbetsrum
2754 1063 2770 1090 ,
2794 1030 3039 1079 conscium
3068 1025 3205 1080 iilum
3225 1030 3274 1081 et

1713 1117 1985 1184 consortem
2020 1117 2288 1182 furtorum,
2320 1132 2431 1182 quae
2452 1121 2639 1170 senatui
2676 1119 3017 1173 indicaveram.
3052 1128 3121 1173 Ac
3140 1123 3274 1173 tanta

1713 1209 1849 1258 erant
1872 1223 2043 1260 eorum
2078 1209 2232 1273 furta,
2254 1212 2459 1262 utnulla
2481 1225 2589 1276 spes
2609 1213 2722 1276 ipsis
2738 1217 3003 1277 superesset
3019 1215 3271 1267 evadendi.
3290 1203 3295 1207 ⁹

1715 1300 1864 1363 igitur
1897 1308 2238 1366 persuaserunt
2260 1305 2335 1356 his
2362 1306 2418 1355 ιιι
2452 1319 2629 1356 nomen
2670 1319 2833 1357 meum
2870 1308 2934 1358 ad
2974 1311 3277 1374 magistratus

1713 1393 1981 1459 deferrent,
2018 1397 2231 1462 mihique
2270 1398 2608 1450 denuntiarent
2638 1401 2693 1450 ιιι
2725 1401 2843 1451 locis
2864 1402 3024 1452 vetitis
3058 1416 3137 1454 me
3162 1404 3275 1454 aba·

1713 1485 1919 1537 tinerem
1957 1507 1970 1537 =
2000 1487 2125 1538 hanc
2156 1502 2306 1540 unam
2322 1490 2579 1554 sperabant
2618 1492 2707 1542 sibi
2730 1495 2897 1556 patere
2930 1495 3099 1548 salutis
3115 1497 3245 1548 viam
3258 1535 3274 1562 ,

1713 1577 1839 1629 banc
1881 1593 2031 1630 unam
2066 1582 2191 1644 mgoe
2217 1595 2280 1632 ex
2322 1581 2545 1633 universo
2586 1583 2679 1633 isto
2704 1583 2990 1637 discrimine.
3055 1588 3152 1652 (36)
3174 1591 3277 1640 Lex

1713 1670 1842 1721 enim
1885 1671 1957 1722 sic
1982 1672 2126 1723 edicit
2161 1693 2173 1723 :
2219 1673 2305 1723 ubi
2338 1673 2448 1738 quis
2478 1674 2623 1725 caedis
2647 1679 2901 1728 accusatus
2932 1678 3104 1746 ruerit,
3146 1683 3203 1732 ut
3237 1681 3279 1734 is

1713 1767 1822 1817 loca
1843 1767 1993 1817 vetita
2010 1765 2207 1816 devitet.
2276 1768 2544 1819 Exclusum
2562 1770 2725 1834 itaque
2737 1771 2855 1822 locis
2873 1773 3053 1836 vetitis,
3072 1788 3153 1826 me
3176 1789 3275 1825 non

1716 1867 1854 1922 posse
1871 1862 2079 1924 coeptam
2099 1860 2337 1912 actionem
2357 1864 2583 1925 prosequi
2600 1864 2853 1930 putabant,
2876 1865 3003 1930 ipsos
3019 1881 3154 1931 vero,
3180 1883 3279 1919 non

1715 1950 1925 1999 exeunte
1952 1951 2257 2013 accusatore,
2285 1949 2371 2014 qui
2397 1950 2530 2002 solus
2551 1950 2681 2001 i'urta
2706 1966 2877 2004 eorum
2903 1958 3089 2019 nosset,
3117 1956 3291 2008 defen·-

1716 2035 1863 2088 sionis
1896 2039 2171 2101 periculum
2211 2051 2473 2102 poenasque
2510 2039 2795 2092 delictorum
2834 2043 2972 2094 facile
3000 2045 3281 2110 effugiturus

1717 2137 1836 2174 esse.
1901 2128 2010 2176 Non
2043 2126 2092 2176 in
2112 2140 2191 2177 me
2212 2127 2369 2190 primo
2390 2127 2608 2179 Philinus
2637 2130 2879 2194 ceterique
2907 2131 3123 2184 fraudem
3157 2131 3281 2184 banc

1717 2211 1977 2264 machinati
1999 2215 2111 2264 sunt
2124 2251 2139 2277 ,
2172 2213 2257 2265 sed
2281 2213 2384 2277 iam
2418 2214 2604 2266 dudum
2644 2219 2757 2268 ante
2788 2218 2841 2272 in
2879 2220 3140 2282 Lysistrato
3175 2222 3283 2272 fue-

1717 2302 1852 2362 rant;
1877 2311 1976 2364 qua
2009 2300 2072 2352 de
2110 2315 2163 2354 re
2184 2305 2374 2354 vosmet
2400 2303 2491 2368 ipsi
2527 2304 2841 2356 inaudivistis.
2903 2307 3003 2372 (37)
3028 2309 3181 2372 Atque
3207 2310 3283 2360 his

1717 2387 2098 2440 obsecundantes
2120 2393 2420 2442 accusatores
2452 2394 2549 2444 mei
2580 2395 2745 2446 statim
2780 2394 2933 2446 altero
2950 2373 3035 2446 die
3067 2399 3175 2460 post
3200 2385 3281 2447 fu—⁸

1717 2493 1810 2530 nus
1853 2481 2022 2544 pueri,
2058 2483 2193 2544 prius
2244 2483 2366 2536 adeo
2379 2520 2395 2546 ,
2438 2498 2587 2548 quam
2627 2486 2803 2537 domus
2836 2488 3041 2539 lustrata
3074 2491 3125 2539 et
3150 2489 3281 2551 iusta

1720 2567 1846 2618 iacta
1887 2571 2045 2620 essent
2060 2607 2075 2632 ,
2110 2583 2275 2621 meum
2311 2584 2491 2624 nomen
2530 2573 2715 2625 deterre
2740 2574 2999 2626 voluerunt
3041 2577 3104 2628 ad
3130 2579 3279 2640 magi-

1719 2657 1953 2720 stratum,
1982 2657 2235 2708 observata
2254 2659 2337 2709 ilia
2368 2660 2471 2724 ipsa
2501 2660 2607 2716 die,
2631 2675 2729 2724 qua
2756 2664 2884 2714 actio
2921 2663 3153 2716 adversus
3181 2667 3284 2729 pri-

1719 2757 1855 2794 mum
1893 2745 2055 2795 furum
2094 2746 2297 2798 istorum
2335 2761 2366 2798 a
2390 2761 2471 2798 me
2506 2748 2689 2812 agenda
2718 2751 2875 2814 esset3
2927 2765 3028 2815 quo
3067 2766 3129 2804 ne
3160 2767 3288 2804 unus

1718 2836 1914 2900 quidem
1940 2849 2109 2887 eorum
2134 2852 2165 2888 a
2188 2851 2267 2888 me
2293 2840 2523 2902 postulari
2552 2843 2603 2891 et
2634 2842 2894 2893 criminum
2922 2843 3145 2896 convinci
3170 2857 3279 2909 pos-

1718 2927 1808 2976 set.
1863 2926 1962 2991 (38)
1983 2927 2043 2976 At
2064 2940 2217 2990 quum
2240 2940 2327 2976 rex
2344 2927 2469 2992 leges
2494 2928 2607 2993 ipsis
2637 2931 2909 2994 recitasset,
2948 2931 3286 2996 docuissetque

1718 3015 1937 3080 tempora
1966 3029 2065 3066 non
2098 3015 2319 3068 sufficere
2334 3053 2350 3079 ,
2370 3017 2497 3067 utet
2520 3030 2697 3069 nomen
2718 3019 2959 3070 deferrent
2994 3022 3044 3071 et
3077 3034 3197 3085 quas
3215 3025 3286 3074 fas

1719 3106 1842 3155 esset
1860 3103 2111 3155 citationes
2138 3105 2375 3168 tacerent,
2404 3109 2455 3156 et
2472 3118 2625 3167 quum
2657 3119 2744 3170 ego
2774 3109 2995 3160 auctores
3012 3109 3157 3172 hujus
3178 3123 3285 3158 ma-

1720 3192 2005 3244 chinationis
2034 3193 2085 3244 in
2101 3193 2339 3256 iudicium
2372 3197 2639 3258 pertractos
2676 3208 2845 3246 omnes
2870 3196 3285 3264 condemnassem,
3317 3238 3330 3249 .

1719 3281 1874 3345 iisque
1891 3281 2074 3332 mulcta
2088 3318 2104 3344 ,
2132 3283 2365 3346 quantam
2408 3283 2586 3346 nostis,
2603 3283 2779 3348 scripta
2810 3286 2961 3348 esset,
2993 3285 3286 3343 Philocrates

1721 3371 1886 3419 autem
1914 3368 2119 3434 ejusque
2144 3371 2261 3421 socii
2296 3384 2381 3422 eos
2396 3384 2607 3435 quorum
2630 3371 2851 3423 mercede
2866 3371 3095 3424 conducti
3130 3377 3285 3438 erant,

1720 3457 1840 3508 nibil
1858 3456 2029 3520 iuvare
2046 3461 2267 3522 possent:
2289 3461 2397 3510 tum
2413 3459 2463 3524 hi
2481 3460 2719 3523 congressi
2737 3473 2930 3512 mecum
2952 3462 3001 3512 et
3026 3475 3138 3512 cum
3162 3465 3285 3514 ami-

1717 3545 1791 3600 eis
1817 3547 1938 3596 meis
1950 3583 1965 3609 ,
1994 3547 2225 3610 rogabant
2247 3549 2300 3598 nt
2319 3548 2555 3600 vellemus
2568 3561 2679 3598 cum
2698 3548 2811 3612 ipsis
2828 3551 2879 3604 in
2895 3552 3095 3616 gratiam
3114 3553 3287 3616 redire,

1721 3634 2084 3699 offerebantque
2107 3649 2277 3699 poenas
2298 3637 2623 3688 offensionum
2656 3650 2687 3686 a
2703 3650 2757 3688 se
2788 3639 2905 3688 mihi
2926 3639 3125 3692 dandas.
3188 3640 3289 3706 (39)

1725 3729 1825 3789 Ego
1837 3762 1852 3788 ‚
1871 3740 2125 3792 persuasus
2141 3727 2205 3778 ab
2234 3727 2429 3792 amicis,
2458 3727 2805 3778 reconciliabar
2828 3729 2943 3794 ipsis
2961 3731 3012 3781 in
3034 3745 3145 3782 arce
3160 3731 3290 3794 apud

1723 3813 1878 3868 oedem
1895 3815 2125 3871 Minerva>
2137 3853 2151 3879 ,
2170 3815 2333 3867 coram
2350 3816 2555 3868 testibus
2573 3815 2633 3866 iis
2659 3815 2749 3878 qui
2764 3819 3095 3870 conciliatores
3124 3820 3291 3883 gmuae

1724 3905 1862 3953 erant
1907 3922 1922 3954 =
1953 3903 2261 3966 postmodum
2286 3903 2719 3968 congrediebantur
2750 3918 2941 3956 mecum
2972 3909 3023 3958 et
3050 3908 3291 3971 colloquia

1724 3991 1991 4042 miscebant
2010 3991 2061 4042 in
2080 3993 2279 4056 templis
2292 4030 2306 4055 ,
2324 3992 2376 4041 in
2398 3993 2505 4043 foro
2520 4029 2535 4056 ,
2557 3992 2691 4043 domi
2704 4041 2710 4048 ,
2724 4007 2943 4058 meaeque
2960 3996 3287 4060 ipsorumque,

1725 4081 1778 4137 et
1804 4079 2083 4143 ubicunque
2116 4080 2335 4130 locorum
2371 4081 2755 4133 conveniremus.
2820 4083 2918 4144 (40)
2956 4085 3233 4146 Postremo,
3258 4101 3290 4134 o

1727 4171 1754 4219 J
1759 4169 1948 4232 uppiter
1968 4167 2133 4231 diique
2146 4171 2336 4219 omnes!
2359 4169 2439 4217 hic
2455 4169 2555 4231 ipse
2584 4169 2876 4220 Philocrates
2894 4171 2944 4220 in
2973 4171 3107 4220 curia
3126 4184 3289 4223 coram

1726 4259 1892 4306 senatu
1907 4292 1925 4319 ,
1952 4257 2085 4306 stans
2105 4268 2297 4308 mecum
2332 4256 2383 4306 in
2407 4259 2630 4320 suggestu
2643 4295 2659 4320 ,
2689 4269 2838 4307 manu
2872 4271 2986 4308 cum
3024 4272 3134 4310 mea
3169 4273 3288 4311 con·
3370 4309 3385 4334 ὦ

1726 4347 1878 4408 serta,
1893 4343 2177 4397 nominatim
2196 4357 2275 4394 me
2288 4343 2558 4408 appellans,
2576 4358 2822 4396 sermones
2839 4345 3056 4398 caedebat
3076 4361 3288 4414 mecum,

1727 4437 1812 4500 qui
1851 4437 2034 4500 pariter
2068 4450 2181 4487 eum
2206 4449 2405 4501 quoque
2438 4437 2725 4487 nominatim
2759 4438 3111 4502 compellabam
3137 4456 3151 4491 ε
3188 4456 3289 4506 quo

1730 4526 1909 4575 tactum
1940 4529 1997 4577 ut
2017 4527 2213 4579 senatus
2234 4525 2361 4576 idem
2382 4524 2691 4588 postmodum
2722 4525 2924 4578 audiens
2950 4528 3067 4580 mihi
3102 4530 3291 4582 denun-

1728 4613 1903 4665 tiatum
1925 4628 2056 4678 esse,
2092 4616 2150 4664 ut
2168 4614 2277 4665 loca
2294 4615 2443 4665 vetita
2473 4614 2679 4665 vitarem
2694 4652 2710 4678 ,
2744 4615 3003 4666 miraretur
3026 4617 3077 4667 id
3110 4619 3291 4670 tactum

1729 4702 1793 4753 ab
1813 4703 1873 4753 iis
1888 4715 2013 4766 quos
2034 4703 2230 4754 vidisset
2254 4704 2356 4753 tam
2380 4703 2681 4753 familiariter
2716 4717 2911 4754 mecum
2933 4709 3290 4758 conversantes.

1733 4790 1832 4855 (41)
1854 4791 2166 4842 considerate
2184 4790 2331 4854 igitur
2345 4827 2362 4854 ,
2384 4791 2510 4854 viri,
2544 4793 2595 4842 et
2617 4791 2971 4844 recordamini:
2995 4806 3093 4843 non
3112 4795 3241 4844 enirn
3264 4809 3293 4847 e

1731 4880 2015 4930 testimoniis
2034 4878 2337 4929 solummodo
2358 4878 2655 4930 confirmabo
2668 4893 2779 4944 quae
2795 4879 2929 4944 dico,
2954 4881 3038 4932 sed
3065 4883 3209 4932 etiam
3231 4897 3293 4934 ex

1733 4969 1847 5032 ipsis
1889 4967 2276 5018 adversariorum
2306 4967 2447 5018 factis
2476 4967 2615 5018 facile
2632 4968 2907 5032 intelligetis
2932 4983 3011 5020 me
3033 4983 3147 5022 vera
3172 4983 3292 5033 prae-
3332 4991 3341 4998 ·

1733 5055 1910 5106 dicare.
1975 5057 2048 5106 De
2078 5067 2189 5118 rege
2226 5068 2471 5106 sacrorum
2504 5058 2561 5106 ιιι
2598 5057 2753 5120 primo
2794 5055 2903 5108 loco
2932 5056 3107 5121 dicam,
3145 5069 3291 5121 quem

1734 5145 1873 5196 aiunt
1891 5143 2055 5195 studio
2076 5144 2173 5194 mei
2206 5157 2384 5196 nomen
2420 5159 2585 5196 meum
2605 5147 2667 5196 ab
2702 5146 2818 5208 ipsis
2848 5144 3061 5196 delatum
3076 5146 3294 5208 accipere

1736 5233 1949 5285 noluisse
1964 5267 1981 5296 ,
2000 5234 2222 5297 apertum
2257 5233 2309 5284 id
2341 5236 2415 5284 est
2437 5233 2770 5297 mendacium,
2794 5246 2892 5296 quo
2912 5245 3057 5284 causa
3078 5234 3291 5298 ipsorum

1735 5320 2030 5373 debilitatur.
2096 5321 2195 5388 (42)
2218 5323 2395 5386 negem
2431 5335 2709 5389 sacrorum,
2738 5321 2944 5375 admissa
2964 5323 3063 5374 mei
3084 5323 3294 5376 nominis
