3825 5842
524 429 633 482 102

516 578 630 614 πων
658 551 815 613 ἐστίν.
888 551 950 631 (7)
967 549 1125 613 Οὕτω
1146 548 1248 632 γὰρ
1269 547 1593 631 ἐξηρτήμεθα
1611 552 1714 608 τῶν
1740 547 1963 608 ἐλπίδων
1986 546 2078 608 καὶ

518 641 646 724 πρὸς
665 641 759 709 τὰς
788 637 1037 707 δοκούσας
1060 627 1192 698 εἶναι
1224 635 1522 706 πλεονεξίας
1556 635 1837 710 ἀπλήστως
1866 634 2076 716 ἔχομεν,

520 729 647 790 ὥστ’
672 729 777 789 οὔδ’
801 732 849 788 οἱ
867 725 1176 806 κεκτημένοι
1193 725 1311 794 τοὺς
1331 725 1603 806 μεγίστους
1632 725 1883 792 πλούτους
1906 723 2077 804 μένειν

522 819 607 880 ἐπὶ
631 819 827 886 τούτοις
855 815 1137 894 ἐθέλουσιν,
1163 817 1281 875 ἀλλ’
1315 814 1398 875 ἀεὶ
1424 821 1517 876 τοῦ
1549 813 1759 882 πλέονος
1784 812 2078 895 ὀρεγόμενοι

451 929 474 966 5
521 907 642 991 περὶ
690 911 794 967 τῶν
846 902 1184 988 ὑπαρχόντων
1219 901 1618 965 κινδυνεύουσιν.
1718 901 1897 984 Ὅπερ
1938 901 2077 972 ἄξιόν

520 999 633 1058 ἐστι
661 993 913 1068 δεδιέναι,
944 993 1022 1074 μὴ
1048 992 1139 1054 καὶ
1162 998 1252 1053 νῦν
1277 997 1429 1071 ἡμεῖς
1452 993 1623 1074 ἔνοχοι
1647 990 1918 1071 γενώμεθα
1943 989 2077 1050 ταύ-

517 1107 632 1152 ταις
648 1092 763 1152 ταῖς
780 1083 995 1150 ἀνοίαις·
1024 1082 1091 1162 (e)
1112 1081 1230 1141 λίαν
1251 1081 1355 1163 γάρ
1380 1080 1513 1150 τινές
1537 1103 1626 1158 μοι
1640 1081 1877 1140 δοκοῦσιν
1896 1083 2078 1160 ὣρμῆ-
2097 1075 2140 1139 b

522 1179 640 1233 σθαι
686 1172 815 1255 πρὸς
860 1171 949 1231 τὸν
1007 1170 1261 1249 πόλεμον,
1312 1169 1492 1252 ὥσπερ
1552 1171 1609 1228 οὗ
1662 1173 1768 1228 τῶν
1814 1167 2079 1248 τυχόντων

524 1257 1075 1341 συμὸεὸουλευκότων,
1145 1257 1283 1319 ἀλλὰ
1327 1263 1431 1319 τῶν
1498 1262 1625 1318 θεῶν
1674 1255 1954 1330 ἀκηκοότες
2001 1255 2080 1317 ὅτι

446 1373 497 1412 10
523 1349 921 1433 κατορθώσομεν
958 1348 1168 1408 ἅπαντα
1190 1345 1283 1406 καὶ
1320 1347 1507 1431 ῥαδίως
1532 1345 1949 1429 ἐπικρατήσομεν
1977 1350 2080 1406 τῶν

522 1445 741 1524 ἐχθρῶν.
830 1437 954 1521 Χρὴ
978 1438 1035 1497 δὲ
1059 1436 1177 1505 τοὺς
1198 1442 1315 1496 νοῦν
1338 1436 1551 1517 ἔχοντας
1567 1437 1687 1519 περὶ
1716 1433 1810 1514 μὲν
1834 1427 1907 1494 ὧν
1935 1434 2082 1495 ἴσασι

524 1531 598 1609 μὴ
632 1526 968 1608 βουλεύεσθαι
1014 1525 1317 1608 (περίεργον
1345 1525 1507 1606 γάρ),
1545 1523 1681 1584 ἀλλὰ
1716 1524 1964 1606 πράττειν
2009 1526 2080 1591 ὡς

523 1617 809 1698 ἐγνώκασι,
830 1615 951 1697 περὶ
982 1607 1056 1676 ὧν
1084 1616 1129 1674 δ’
1154 1613 1218 1675 διν
1248 1611 1621 1695 βουλεύωνται,
1652 1609 1726 1691 μὴ
1753 1611 1978 1691 νομίζειν
2000 1613 2080 1670 εἰ-

524 1707 667 1768 δέναι
687 1704 749 1766 τὸ
776 1702 1201 1784 συμὸησόμενον,
1232 1703 1349 1761 ἀλλ’
1378 1704 1447 1771 ὥς
1474 1700 1595 1782 δόξῃ
1625 1699 1719 1779 μὲν
1746 1700 2078 1781 χρωμένους,

440 1820 490 1860 ιε
521 1799 553 1855 8
581 1820 633 1856 τι
662 1795 727 1855 ἂν
764 1793 902 1874 τύχῃ
944 1790 1001 1852 δὲ
1044 1789 1409 1870 γενησόμενον,
1444 1787 1583 1850 οὕτω
1625 1790 1937 1850 διανοεῖσθαι
1963 1789 2084 1870 περὶ
2107 1808 2142 1850 c

524 1888 711 1945 αὐτῶν.
794 1885 855 1960 (ο)
884 1872 992 1942 Ὧν
1019 1884 1167 1960 ὑμεῖς
1192 1877 1457 1962 οὐδέτερον
1482 1878 1767 1959 τυγχάνετε
1786 1885 2074 1956 ποιοῦντες,

524 1974 638 2035 ἀλλ’
666 1977 734 2040 ὣς
752 1961 916 2031 οἷόντε
934 1966 1379 2051 ταραχωδέστατα
1404 1967 1681 2030 διάκεισθε.
1787 1965 2078 2041 Συνεληλύ-

524 2070 647 2123 θατε
676 2061 773 2140 μὲν
799 2058 900 2142 γὰρ
926 2061 995 2126 ὣς
1022 2057 1135 2118 δέον
1172 2061 1307 2136 ὑμᾶς
1338 2056 1391 2127 ἐξ
1418 2056 1662 2117 ἁπάντων
1689 2059 1793 2116 τῶν
1823 2055 2076 2138 ῥηθέντων

526 2151 833 2220 ἐκλέξασθαι
858 2147 919 2207 τὸ
936 2145 1224 2228 βέλτιστον,
1240 2143 1418 2229 ὥσπερ
1438 2147 1484 2206 δ’
1508 2147 1610 2221 ἤδη
1635 2149 1813 2228 σαφῶς
1837 2145 2025 2213 εἰδότες
2048 2143 2076 2203 ὃ

443 2259 496 2300 20
523 2237 784 2321 πρακτέον
830 2235 986 2309 ἐστίν,
1038 2236 1133 2296 οὐκ
1170 2234 1361 2296 ἐθέλετ’
1396 2234 1600 2295 ἀκούειν
1648 2234 1786 2320 πλὴν
1820 2238 1925 2294 τῶν
1951 2233 2080 2316 πρὸς

523 2327 710 2402 ἡδονὴν
748 2322 1200 2406 δημηγορούντων.
1286 2324 1599 2402 (10)·Καίτοι
1623 2328 1884 2405 προσῆκεν
1916 2327 2079 2402 ὑμᾶς,

1497 409 1992 477 ῙΣΟΚΡΑΤΟΥΣ
2033 413 2083 474 Ο
2129 413 2314 476 ΠΕΡΙ
2357 415 2717 477 ΕΙΡΗΝΗΣ.

2167 556 2279 607 lius.
2343 557 2415 621 (7)
2438 556 2517 609 Sic
2549 557 2680 608 enim
2701 569 2731 609 e
2754 570 2844 622 spe
2865 557 3080 623 plerique
3099 559 3347 624 pendemus
3363 563 3410 614 et
3435 564 3630 616 inntiahili

2168 648 2432 713 cupiditate
2471 663 2661 714 rerum,
2685 663 2798 715 qum
2835 650 3047 715 aliquam
3078 651 3153 702 vel
3187 651 3341 714 injusti
3361 653 3635 720 lueispeu'em

2171 741 2347 792 babent
2363 777 2379 805 ‚
2421 746 2656 806 tenemur,
2694 747 2832 794 utne
2862 745 3224 810 locupletissimi
3259 748 3432 811 quidem
3455 763 3526 800 sua
3545 758 3636 802 sorte

2167 835 2378 886 nomenti
2403 836 2525 899 sint,
2550 836 2707 886 sedin
2723 837 3017 902 appetitione
3039 839 3268 902 maiorum
3289 841 3502 904 copiarum
3518 845 3638 906 parus

2169 941 2286 992 opes
2307 929 2358 978 in
2375 927 2634 979 discrimen
2653 929 2913 982 adducant.
2977 935 3040 983 Et
3052 933 3246 996 quidem
3267 935 3564 998 providendum
3577 937 3639 987 boe

2167 1025 2258 1084 est,
2275 1035 2336 1072 ne
2357 1023 2406 1072 in
2443 1021 2650 1073 similem
2675 1037 2764 1074 nos
2795 1037 2992 1090 quoque
3023 1027 3276 1078 amentiam
3302 1027 3547 1080 incidamus.
3593 1029 3638 1094 (8)

2167 1114 2320 1167 Nimis
2342 1115 2472 1166 enim
2509 1115 2630 1166 mibi
2661 1116 2858 1180 quidam
2875 1116 2938 1168 ad
2961 1117 3138 1169 bellum
3159 1119 3374 1170 videntur
3389 1121 3642 1183 incitati,mn
3734 1178 3743 1191 Ι

2166 1211 2305 1274 quasi
2343 1209 2558 1274 plebeius
2597 1210 2773 1275 aliquis
2813 1213 3159 1276 consuluisset,
3198 1215 3284 1265 sed
3315 1219 3516 1280 tauquam
3557 1217 3641 1268 deus

2173 1303 2412 1366 quispiam
2446 1303 2768 1367 prosperrima
2802 1317 3012 1368 quoeque
3045 1304 3184 1356 nobis
3215 1307 3263 1356 et
3291 1305 3461 1356 facilem
3493 1307 3644 1356 bostium

2170 1396 2420 1448 victoriam
2443 1397 2758 1459 promisisset.
2825 1401 2910 1449 Est
2930 1399 3094 1449 autem
3127 1398 3426 1462 prudentium
3447 1399 3646 1461 hominum,

2167 1489 2230 1540 de
2265 1489 2341 1539 his
2367 1503 2477 1553 quoe
2497 1495 2745 1553 comperta
2767 1489 2975 1548 babent,
3001 1503 3099 1541 non
3133 1490 3390 1542 deliberare
3407 1492 3647 1556 (supervaca-

2167 1595 2312 1632 neum
2327 1581 2454 1632 enim
2467 1581 2654 1646 fuerit),
2666 1582 2749 1633 sed
2760 1596 2872 1648 quoe
2880 1583 3180 1635 decreverint
3189 1586 3380 1648 exsequi
3393 1603 3408 1647 ;
3421 1585 3564 1649 quibus
3573 1598 3648 1634 veto

2167 1676 2230 1728 de
2246 1675 2392 1728 rebus
2412 1677 2710 1739 consultant,
2729 1691 2894 1728 earum
2921 1683 3152 1730 eventum
3184 1693 3282 1729 non
3314 1680 3646 1744 exploratumsihi

2169 1782 2276 1820 esse
2309 1772 2503 1834 putare,
2542 1769 2628 1820 sed
2663 1771 2732 1820 ita
2763 1775 2974 1822 statuere
3015 1771 3222 1836 debent,
3249 1774 3408 1839 utqui
3444 1774 3652 1836 conjectura
3746 1804 3756 1819 .

2169 1866 2381 1926 utantur,
2417 1866 2467 1915 et
2501 1866 2788 1948 eventurum
2805 1865 2960 1916 sciant
2978 1867 3108 1931 quod
3131 1867 3230 1918 sors
3249 1868 3380 1918 serat.
3421 1868 3480 1930 (9)
3497 1871 3652 1926 Quonim

2166 1970 2256 2006 vos
2293 1957 2518 2007 neutrum
2549 1956 2728 2019 facitis,
2757 1957 2844 2008 sed
2873 1957 2922 2008 in
2962 1961 3144 2022 quanta
3177 1961 3382 2010 maxima
3419 1958 3508 2010 fieri
3540 1963 3652 2022 potest

2170 2048 2424 2099 versamini
2460 2049 2831 2112 perturbatione.
2911 2051 3034 2100 Nam
3067 2051 3135 2101 ita
3179 2052 3374 2115 quidem
3411 2051 3654 2107 convenistis.

2165 2138 2304 2202 quasi
2325 2151 2385 2188 ex
2417 2139 2632 2188 omnium
2673 2139 2924 2190 sententiis
2963 2139 3012 2189 id
3050 2139 3117 2191 sit
3155 2139 3446 2204 eligendum,
3481 2139 3586 2204 quud
3613 2137 3656 2187 sit
3749 2129 3756 2144 “

2165 2239 2194 2276 e
2217 2227 2461 2290 republica
2487 2227 2720 2289 maxime;
2745 2228 2817 2278 sic
2850 2233 3041 2291 autem,
3067 2231 3302 2294 tanquam
3331 2231 3442 2280 satis
3459 2231 3544 2296 jam
3559 2241 3662 2278 nove·

2168 2313 2272 2364 ritis
2301 2315 2418 2378 quid
2455 2315 2583 2366 sactu
2623 2316 2690 2367 sit
2721 2318 2986 2381 optimum,
3009 2319 3178 2371 audire
3215 2335 3310 2371 non
3340 2321 3478 2371 vultis
3503 2321 3578 2369 uisi
3603 2331 3662 2368 ens

525 2417 671 2499 εἴπερ
692 2413 979 2488 ἠὸούλεσθε
1010 2415 1181 2486 ζητεῖν
1202 2411 1265 2472 τὸ
1291 2416 1358 2493 τῇ
1386 2410 1537 2472 πόλει
1573 2411 1852 2495 συμφέρον,
1878 2412 2077 2490 μᾶλλον
2104 2399 2146 2465 d
2170 2403 2254 2466 ‘1⁸¹5
2275 2402 2338 2453 δᾶ
2367 2404 2568 2467 mmm
2587 2406 2946 2458 ⁰⁰¹¹C¹⁰¹¹⁸¹¹⁸¹¹f·
3013 2408 3116 2474 (¹0)
3134 2410 3394 2460 Εὓῖῐῦῖθῑθ
3409 2409 3661 2466 ἅωώδῑῐῠδ,

522 2510 632 2574 τοῖς
656 2501 1063 2582 ἐναντιουμένοις
1101 2502 1213 2568 ταῖς
1244 2499 1517 2582 ὑμετέραις
1544 2498 1776 2583 γνώμαις
1801 2498 2081 2583 προσέχειν

524 2595 613 2655 τὸν
629 2600 749 2654 νοῦν
764 2593 798 2667 ἢ
812 2594 916 2661 τοῖς
931 2589 1447 2672 καταχαριζομένοις,
1470 2587 1669 2657 εἰδότας
1682 2587 1760 2649 ὅτι
1774 2593 1875 2648 τῶν
1900 2589 2079 2650 ἐνθάδε

445 2708 499 2748 25
525 2682 813 2765 παριόντων
838 2683 885 2740 οἱ
914 2678 1009 2760 μὲν
1039 2679 1074 2738 ἃ
1104 2679 1349 2761 βούλεσθε
1384 2676 1619 2759 λέγοντες
1657 2677 1848 2760 ῥαδίως
1876 2677 2080 2748 ἐξαπα-

523 2781 619 2831 τᾶν
649 2771 893 2831 δύνανται
936 2768 1021 2848 (τὸ
1049 2767 1151 2849 γὰρ
1182 2767 1311 2848 πρὸς
1344 2767 1500 2848 χάριν
1530 2764 1681 2849 ῥηθὲν
1714 2768 1976 2827 ἐπισκοτεῖ
2001 2769 2078 2849 rt}

522 2865 749 2941 καθορᾶν
782 2861 917 2936 ὖμᾶς
946 2857 1005 2916 τὸ
1037 2854 1364 2937 βέλτιστον),
1388 2855 1491 2916 ὑπὸ
1508 2856 1563 2915 δὲ
1583 2859 1687 2915 τῶν
1712 2853 1787 2935 μὴ
1816 2855 1946 2937 πρὸς
1964 2857 2080 2928 ἡδο·

522 2949 616 3022 νὴν
644 2945 1102 3027 συμὸουλευόντων
1124 2943 1267 3006 οὐδὲν
1297 2943 1361 3004 ἂν
1385 2944 1598 3005 πάθοιτε
1627 2950 1869 3005 τοιοῦτον·
1901 2944 1994 3027 (n)
2019 2946 2077 3004 οὐ

523 3037 625 3120 γὰρ
646 3037 783 3097 ἔστιν
794 3035 946 3124 §wc
976 3035 1037 3094 ἂν
1067 3042 1383 3114 μεταπεῖσαι
1410 3034 1669 3106 δυνηθεῖεν
1700 3037 1860 3112 ὑμᾶς,
1886 3032 1962 3112 μὴ
1989 3057 2082 3116 φα·

444 3155 499 3194 30
525 3125 667 3207 νερὸν
689 3123 748 3185 τὸ
778 3123 1036 3206 συμφέρον
1056 3122 1383 3194 ποιήσαντες.
1466 3121 1643 3204 Χωρὶς
1670 3121 1725 3181 δὲ
1745 3120 1942 3182 τούτων
1970 3125 2081 3191 πῶς

2171 2491 2214 2541 si
2237 2491 2478 2555 publicam
2517 2492 2776 2545 utilitatem
2809 2475 3116 2561 speum-etii,
3159 2498 3392 2550 attentius
3431 2509 3505 2548 eos
3522 2495 3662 2552 audire.

2171 2580 2254 2645 qui
2277 2581 2606 2632 voluntatibus
2627 2583 2800 2634 vestris
2821 2584 3152 2649 adversantur,
3173 2601 3320 2651 quam
3341 2587 3444 2637 illos
3461 2586 3534 2650 qui
3547 2599 3662 2635 asseu-

2169 2671 2334 2720 tantur
2371 2670 2550 2720 omnia.
2615 2673 2714 2722 Nec
2734 2671 2864 2722 enim
2907 2673 3138 2735 ignoratis
3177 2675 3242 2725 ab
3277 2676 3352 2726 his
3385 2675 3463 2740 qui
3497 2687 3564 2734 ea,
3589 2685 3666 2735 qm

2169 2756 2342 2819 vultis,
2360 2771 2422 2808 ex
2444 2758 2540 2808 boc
2570 2759 2678 2810 loco
2697 2759 2896 2824 dicunt,
2920 2762 3059 2813 facile
3099 2775 3192 2813 vos
3231 2777 3372 2828 posse
3403 2763 3538 2827 decipi
3575 2763 3666 2824 (nau

2168 2845 2232 2896 ad
2249 2847 2544 2912 voluptatem
2563 2848 2804 2900 audientis
2827 2850 3048 2900 instituta
3063 2853 3224 2904 oratio
3245 2853 3380 2917 quasi
3405 2851 3594 2903 tenebras
3605 2849 3666 2897 dr·

2167 2936 2436 2988 cnml'undlt
2448 2972 2465 2998 ,
2485 2951 2585 3001 quo
2607 2938 2768 2990 minus
2791 2939 2839 2989 id
2863 2940 2994 3003 qnod
3017 2942 3258 3004 optimum
3285 2943 3374 3003 sit,
3395 2939 3670 3006 pcm1iei³¹i⁵i3

2167 3025 2230 3076 ab
2249 3025 2325 3075 liis
2341 3030 2502 3076 autem
2519 3027 2602 3091 qui
2621 3029 2916 3079 consulendo
2937 3034 3148 3080 vestram
3163 3033 3364 3094 gratiam
3381 3045 3470 3082 non
3488 3041 3672 3091 aucupan-

2168 3116 2266 3175 tur,
2284 3114 2404 3167 nibil
2425 3127 2530 3166 esse
2549 3115 2648 3166 tale
2673 3116 3005 3168 metuendum.
3043 3119 3144 3182 (11)
3169 3121 3314 3171 Nullo
3335 3120 3459 3171 enim
3479 3117 3598 3168 modo
3611 3129 3672 3164 ves

526 3213 589 3274 ἂν
622 3213 885 3294 ἅνθρωποι
909 3215 1082 3281 καλῶς
1106 3212 1365 3282 δυνηθεῖεν
1388 3209 1423 3282 ἢ
1452 3219 1623 3292 κρῖναι
1650 3209 1768 3294 περὶ
1795 3213 1898 3269 τῶν
1925 3231 2078 3288 γεγε-
2109 3229 2144 3270 e
2168 3214 2198 3250 Β
2215 3203 2724 3265 ”ntenffiffluoemn
2743 3204 2988 3269 flissfv‘llfid
3000 3207 3261 3272 expediat,
3281 3207 3604 3260 evidentissime
3619 3204 3674 3252 ⁶⁰·

523 3301 756 3380 νημένων
780 3300 815 3372 ἢ
858 3301 1235 3380 βουλεύσασθαι
1268 3299 1389 3382 περὶ
1433 3302 1537 3357 τῶν
1578 3299 1889 3377 μελλόντων,
1919 3303 1964 3359 εἷ
2001 3298 2075 3378 μὴ

521 3391 639 3458 τοὺς
658 3390 751 3469 μὲν
779 3389 959 3467 λόγους
974 3387 1091 3456 τοὺς
1116 3392 1219 3446 τῶν
1236 3385 1639 3465 ἐναντιουμένων
1664 3386 1791 3469 παρ’
1822 3386 2081 3460 ἀλλήλους

2166 3291 2490 3342 monstrarint.
2556 3295 2795 3343 Praeterea
2811 3297 2896 3356 qut
2919 3293 3020 3344 fleri
3047 3297 3213 3358 potest
3249 3299 3308 3346 ut
3341 3295 3407 3346 illi
3430 3295 3502 3346 vel
3525 3293 3674 3356 deum

2169 3377 2324 3428 teritis
2346 3380 2474 3428 recte
2490 3377 2735 3440 judicent,
2758 3378 2836 3429 vel
2857 3379 2918 3429 de
2945 3380 3125 3431 suturis
3159 3383 3421 3446 prudenter
3441 3382 3673 3436 deliberent,

424 3497 489 3546 16
496 3479 827 3552 ιέξετάζοιεν,
858 3477 1004 3537 αὐτοὶ
1028 3476 1081 3537 δὲ
1112 3475 1295 3545 αὖτοὺς
1321 3475 1518 3543 κοινοὺς
1542 3473 1851 3560 ἀμφοτέροις
1879 3481 2076 3558 ἀκροα-
2105 3497 2140 3539 a
2168 3466 2261 3516 ⁰¹⁸¹
2279 3467 2541 3516 ⁰⁰⁰²¹²fi³⁸
2555 3465 2680 3517 3⁰²&
2699 3479 2752 3517 ⁸⁶
2767 3467 2974 3519 mmm
2993 3469 3246 3522 ⁰⁰¹¹f0¹⁸¹¹²
3267 3472 3320 3523 0²
3339 3485 3496 3536 oe(lim
3510 3469 3676 3531 ”⁸5⁵4oe

444 3593 495 3632 as
522 3567 616 3635 τὰς
638 3567 960 3648 παράσχοιεν
974 3587 993 3642 ;

607 3676 676 3719 ια.
720 3655 995 3732 Θαυμάζω
1024 3653 1079 3714 δὲ
1115 3656 1219 3712 τῶν
1252 3677 1309 3712 τε
1345 3652 1735 3736 πρεσὸυτέρων,
1790 3657 1836 3715 εἰ
1884 3653 2076 3734 μηκέτι

524 3742 929 3824 μνημονεύουσι,
970 3741 1062 3802 καὶ
1102 3745 1207 3802 τῶν
1252 3743 1531 3824 νεωτέρων,
1574 3747 1619 3802 εἰ
1665 3743 1883 3822 μηδενὸς
1939 3747 2074 3818 ἀκη-

522 3833 722 3907 κόασιν,
772 3831 851 3892 ὅτι
889 3830 973 3892 διὰ
1010 3829 1104 3912 μὲν
1163 3829 1281 3899 τοὺς
1333 3837 1713 3914 παραινοῦντας
1764 3831 2077 3914 ἀντέχεσθαι

520 3929 613 3998 τῆς
643 3921 847 4006 εἰρήνης
870 3919 1014 3981 οὐδὲν
1042 3918 1254 3980 πώποτε
1279 3919 1439 3982 κακὸν
1469 3920 1748 3996 ἐπάθομεν,
1778 3920 1863 3979 διὰ
1890 3921 1945 3980 δὲ
1961 3920 2076 3989 τοὺς

435 4029 492 4068 ιο
522 4013 710 4096 ῥαδίως
736 4011 822 4071 τὸν
847 4009 1074 4088 πόλεμον
1103 4007 1435 4090 αἱρουμένους
1473 4011 1691 4076 πολλαῖς
1719 4009 1820 4082 ἤδη
1858 4008 1950 4069 καὶ
1979 4034 2073 4088 με·

522 4103 708 4182 γάλαις
734 4101 1021 4183 συμφοραῖς
1042 4099 1437 4181 περιεπέσομεν.
1520 4089 1629 4158 Ὧν
1657 4104 1807 4178 ἡμεῖς
1834 4097 2078 4177 οὐδεμίαν

522 4189 809 4268 ποιούμεθα
856 4187 1061 4266 μνείαν,
1104 4187 1221 4246 ἀλλ’
1261 4186 1478 4266 ἑτοίμως
1530 4185 1741 4267 ἔχομεν,
1798 4185 1962 4264 μηδὲν
2005 4187 2078 4254 εἷς

520 4279 876 4359 τοῦμπροσθεν
923 4280 1049 4354 ἡμῖν
1091 4278 1263 4344 αὐτοῖς
1296 4275 1639 4358 πράττοντες,
1684 4275 1907 4357 τριήρεις
1939 4275 2075 4347 πλη·

2165 3555 2409 3606 auditores
2426 3567 2480 3606 se
2507 3554 2783 3619 pmbeaut?

2231 3649 2306 3694 12.
2335 3644 2482 3695 Miror
2501 3643 2726 3708 equidem
2747 3659 2902 3710 neque
2923 3659 3062 3697 senes
3084 3646 3248 3699 adhuc
3271 3650 3533 3700 meminisse
3549 3659 3670 3710 neque

2169 3739 2494 3792 adolescentes
2519 3755 2578 3792 ex
2601 3756 2842 3807 quoquam
2871 3743 3132 3807 audivisse,
3157 3759 3248 3810 per
3269 3760 3355 3798 eos
3377 3748 3456 3812 qni
3473 3757 3612 3810 pacem
3629 3756 3681 3791 τε·

2167 3844 2410 3895 tinendam
2441 3857 2547 3895 esse
2581 3849 2904 3908 monuerunt,
2943 3846 3064 3897 nibil
3097 3861 3322 3912 unquam
3353 3851 3487 3901 nobis
3505 3847 3682 3900 accid'use

2165 3951 2276 4001 mali
2289 3967 2307 4014 3
2341 3963 2425 4000 eos
2460 3950 2623 4000 autem
2657 3949 2742 4012 qui
2773 3948 2903 3999 bella
2940 3951 3124 4000 temere
3166 3955 3508 4016 susceperunt,
3539 3963 3612 4000 nos
3647 3948 3684 3996 in

2169 4056 2347 4108 multas
2359 4056 2459 4119 jam
2477 4057 2526 4108 et
2549 4068 2746 4118 magnas
2763 4054 2923 4105 clades
2939 4054 3220 4119 coniecisse.
3287 4061 3409 4116 Quae
3426 4071 3510 4108 uos
3529 4055 3686 4106 minime

2165 4157 2216 4208 in
2229 4158 2511 4210 memoriam
2531 4169 2834 4222 revocamus,
2849 4157 2932 4208 sed
2951 4171 3100 4221 quum
3115 4159 3264 4210 rebus
3283 4161 3458 4212 nostris
3472 4173 3523 4210 eu
3541 4159 3686 4210 ratione

2164 4256 2533 4320 haudquaquam
2547 4255 2840 4318 consulatur,
2860 4259 3023 4307 tamen
3038 4258 3192 4322 parati
3208 4271 3384 4310 sumus
3397 4259 3626 4310 etclasoem
3643 4257 3684 4307 iu

524 4373 641 4449 ροῦν
696 4365 788 4425 καὶ
832 4387 870 4443 χ
875 4364 1122 4458 ρημάτων
1173 4364 1410 4447 εἰσφορὰς
1442 4369 1702 4425 ποιεῖσθαι
1732 4364 1822 4424 καὶ
1870 4365 2074 4444 βοηθεῖν
2095 4353 2138 4418 b
2163 4369 2294 4406 mere
2307 4355 2544 4407 deducere
2557 4357 2604 4405 et
2623 4356 2799 4407 tributa
2816 4359 3030 4410 conferre
3048 4363 3096 4412 et
3110 4361 3336 4413 auxiliari
3349 4365 3400 4413 et
3416 4363 3531 4413 bella
3545 4363 3684 4412 inferre

441 4486 495 4525 45
522 4457 613 4516 καὶ
650 4456 898 4532 πολεμεῖν
936 4459 1008 4521 οἱς
1043 4453 1115 4513 ἂν
1134 4453 1399 4536 τύχωμεν,
1429 4453 1607 4534 ὥσπερ
1636 4457 1689 4513 ἐν
1720 4453 1970 4537 ἀλλοτρίᾳ
2009 4457 2076 4534 τῇ

520 4545 671 4604 πόλει
701 4541 1090 4610 κινδυνεύοντες.
1180 4545 1269 4624 (13)
1306 4543 1523 4604 Τούτων
1547 4545 1593 4602 δ’
1624 4541 1788 4602 αἴτιόν
1816 4545 1972 4616 ἐστιν,
1996 4541 2074 4601 ὅτι

522 4638 785 4714 προσῆκον
834 4635 968 4710 ὑμᾶς
1006 4631 1195 4709 ὁμοίως
1227 4631 1355 4713 ὑπὲρ
1378 4635 1481 4691 τῶν
1518 4635 1702 4690 κοινῶν
1736 4629 1915 4713 ὥσπερ
1946 4629 2076 4713 ὑπὲρ

520 4726 622 4782 τῶν
668 4719 811 4780 ἰδίων
849 4719 1177 4798 σπουδάζειν,
1221 4723 1277 4778 οὗ
1321 4717 1415 4791 τὴν
1460 4718 1622 4791 αὐτὴν
1673 4718 1887 4799 γνώμην
1930 4719 2078 4800 ἔχετε

520 4809 639 4892 περὶ
668 4811 856 4882 αὐτῶν,
878 4808 993 4867 ἀλλ’
1012 4808 1135 4867 ὅταν
1164 4807 1259 4884 μὲν
1287 4806 1415 4888 ὑπὲρ
1436 4812 1539 4868 τῶν
1563 4806 1703 4867 ἰδίων
1736 4807 2074 4888 βουλεύησθε,

436 4925 489 4962 ευ
518 4903 719 4973 ζητεῖτε
769 4896 1097 4976 συμὸούλους
1134 4895 1252 4964 τοὺς
1296 4896 1507 4974 ἄμεινον
1563 4903 1873 4978 φρονοῦντας
1929 4901 2074 4975 ὗμῶν

521 4991 709 5061 αὐτῶν,
739 4986 861 5048 ὅταν
910 4990 953 5046 δ’
989 4984 1121 5068 ὑπὲρ
1158 4990 1252 5058 τῆς
1291 4985 1490 5052 πόλεως
1516 4985 1892 5060 ἐκκλησιάζητε
1912 5032 1930 5065 ,
1969 4994 2075 5055 τοῖς
2100 5005 2135 5046 c

520 5078 616 5158 μὲν
640 5075 884 5146 τοιούτοις
911 5079 1177 5136 ἀπιστεῖτε
1204 5073 1295 5136 καὶ
1314 5080 1570 5158 φθονεῖτε,
1601 5074 1721 5142 τοὺς
1744 5075 1798 5134 δὲ
1835 5099 2074 5158 πονηρο-

2165 4454 2266 4506 sine
2280 4454 2554 4505 discrimine
2571 4454 2823 4517 quibusvis
2838 4492 2855 4519 ,
2869 4457 3005 4522 quasi
3024 4458 3192 4509 alienae
3217 4459 3354 4511 urbis
3369 4460 3564 4525 periculo
3573 4459 3682 4510 dimi·

2164 4570 2347 4608 cemus.
2367 4557 2464 4621 (13)
2483 4556 2637 4619 Hujus
2652 4558 2716 4608 rei
2731 4571 2874 4609 causa
2893 4560 2998 4610 baee
3017 4565 3110 4624 est,
3131 4561 3282 4625 quod,
3299 4577 3449 4626 quum
3464 4561 3684 4626 respublica

2164 4679 2261 4716 non
2279 4665 2452 4715 minori
2475 4677 2605 4716 curae
2622 4665 2760 4716 nobis
2780 4679 2886 4717 esse
2909 4667 3082 4719 debeat
3103 4682 3250 4732 qnam
3287 4683 3368 4722 res
3391 4671 3586 4736 privata,
3616 4682 3688 4720 ros

2163 4777 2274 4828 erga
2291 4765 2378 4816 has
2395 4779 2492 4816 non
2515 4765 2684 4817 eodem
2705 4766 2864 4818 animo
2878 4767 3034 4819 effecti
3054 4769 3185 4832 estis,
3201 4771 3287 4821 sed
3303 4785 3454 4836 quum
3471 4770 3626 4821 vestris
3637 4767 3688 4816 de

2164 4868 2310 4920 rebus
2329 4867 2604 4918 deliberatis
2621 4905 2637 4930 ,
2663 4869 2710 4918 in
2728 4869 2981 4920 consilinm
2999 4870 3236 4921 adhibetis
3257 4886 3347 4923 eos
3369 4874 3452 4937 qni
3472 4871 3687 4936 prudentia

2162 4967 2300 5020 vobis
2336 4969 2658 5034 antecellunt3
2681 4984 2832 5034 quum
2856 4973 3016 5022 autem
3049 4971 3110 5023 de
3131 4974 3374 5037 republica
3407 4971 3686 5030 convenistis,

2161 5069 2339 5120 talibus
2365 5070 2560 5135 quidem
2598 5071 2815 5123 diffiditis
2843 5075 2892 5123 et
2913 5071 3167 5136 invidetis,
3192 5074 3565 5137 improbissimos
3593 5085 3685 5122 rem

516 5167 702 5237 τάτους
738 5171 841 5227 τῶν
872 5164 961 5226 ἐπὶ
994 5165 1055 5225 τὸ
1100 5169 1248 5246 βῆμα
1280 5163 1573 5248 παριόντων
1612 5165 1852 5238 ἀσκεῖτε,
1876 5163 1968 5223 καὶ
2001 5188 2075 5224 νο-
2155 5181 2322 5220 eorum
2347 5171 2431 5234 qui
2455 5177 2736 5236 suggestum
2770 5172 3119 5235 conscendunt,
3139 5173 3290 5224 colitis
3318 5181 3370 5226 et
3391 5173 3686 5239 popularium

519 5255 693 5342 μίζετε
724 5254 1165 5337 δημοτικωτέρους
1194 5244 1325 5318 ἐἶναι
1363 5252 1480 5322 τοὺς
1508 5253 1788 5334 μεθύοντας
1822 5253 1928 5311 τῶν
1979 5277 2070 5330 νη-
2149 5286 2258 5326 esse
2281 5272 2457 5326 ducitis
2479 5275 2637 5328 ebrios
2667 5288 2812 5345 quam
2839 5274 3026 5329 sobrios
3043 5312 3058 5338 ,
3097 5280 3148 5327 et
3183 5280 3398 5328 amentes
3418 5289 3555 5342 quam
3577 5276 3680 5324 bene
