3825 5842
184 475 443 557 ‹nv-m)

175 609 340 670 τούτου
371 606 540 685 λόγοις
570 604 660 667 τὸν
693 610 832 680 νοῦν,
877 606 984 667 οὐδ’
1025 607 1340 691 ἐπιτρέπειν,
1378 612 1484 671 οὔδ’
1524 612 1704 684 ἐθίζειν

175 690 292 758 εἶναι
311 695 506 778 γραφὰς
528 696 648 776 περὶ
671 686 742 755 ὧν
773 693 901 763 ἰδίας
924 693 1068 764 δίκας
1095 698 1142 755 οἱ
1167 696 1316 775 νόμοι
1337 699 1704 771 πεποιήκασιν.

174 787 322 848 ilum
351 784 450 865 γὰρ
491 782 560 843 τὰ
589 784 765 843 δίκαια
805 783 1140 844 παντάπασίν
1183 788 1294 845 ἔστι
1336 787 1426 846 καὶ
1465 788 1706 870 γνώριμα

114 894 154 934 15
176 881 354 956 μαθεῖν·
381 873 414 933 ἃ
433 872 536 953 ἐγὼ
556 872 641 932 διὰ
664 871 904 954 βραχέων
923 872 1080 933 εἰπὼν
1105 874 1194 934 καὶ
1216 876 1708 955 παρακαταθέμενος

176 970 282 1041 ὑμῖν
308 960 660 1041 μνημονεύειν,
690 961 774 1021 ἐπὶ
811 959 909 1033 τὴν
947 961 1112 1033 ἄλλην
1143 961 1426 1040 ἀπολογίαν
1459 963 1560 1037 ἤδη
1591 964 1708 1046 τρέ-

174 1056 322 1133 ψομαι
349 1054 448 1109 τῶν
473 1047 951 1130 κατηγορηθέντων.
1035 1052 1085 1110 Τ
1090 1048 1108 1107 ί
1134 1040 1220 1108 οὖν
1250 1048 1360 1109 ἔστι
1390 1056 1587 1127 ταῦτα,
1617 1053 1707 1113 καὶ

172 1138 217 1198 τί
241 1138 544 1220 διορίζομαι;
575 1136 666 1218 (aa)
700 1139 765 1197 Εἰ
791 1136 885 1215 μὲν
910 1140 1030 1197 κατ’
1056 1138 1358 1217 ἀγχιστείαν
1382 1142 1485 1198 τῶν
1508 1140 1707 1220 Ἁγνίου

174 1226 382 1305 μετεῖναί
407 1248 537 1307 φησι
567 1228 643 1307 τῷ
666 1224 816 1283 παιδὶ
847 1229 939 1284 τοῦ
969 1225 1311 1306 ἡμικληρίου,
1338 1226 1548 1307 λαχέτω
1579 1228 1708 1309 πρὸς

174 1312 249 1373 τὸν
291 1312 544 1394 ἄρχοντα,
585 1312 684 1372 κᾶν
724 1315 870 1391 ὑμεῖς
905 1312 1229 1395 ψηφίσησθε,
1258 1314 1494 1375 λαὸέτω·
1537 1322 1706 1377 ταῦτα

171 1401 258 1482 γὰρ
284 1404 326 1460 οἱ
352 1401 500 1480 νόμοι
533 1399 852 1463 κελεύουσιν.
939 1402 1008 1462 Εἰ
1039 1399 1092 1461 δὲ
1131 1401 1205 1480 μὴ
1245 1400 1384 1462 κατὰ
1418 1410 1568 1464 τοῦτο
1595 1406 1706 1484 ἀμ·-

173 1488 414 1570 φισὸητεῖ,
437 1489 566 1569 φησὶ
590 1486 644 1549 δὲ
667 1488 990 1567 ὁμολογῆσαί
1011 1512 1076 1568 με
1096 1492 1172 1569 τῷ
1195 1490 1344 1549 παιδὶ
1367 1491 1706 1571 μεταδώσειν,

109 1603 152 1641 a·
173 1576 432 1657 φάσκοντος
469 1578 600 1655 ἐμοῦ
645 1574 842 1636 τούτων
883 1566 1018 1637 εἶναι
1055 1576 1216 1657 μηδὲν
1245 1579 1578 1657 δικασάσθω,
1606 1578 1704 1643 κᾶν

172 1663 382 1745 ἐξελέγξῃ
398 1686 464 1743 με
479 1664 880 1745 ὣςὼμολόγησα
893 1710 910 1739 ,
929 1665 1034 1725 τότ’
1053 1666 1155 1739 ἤδη
1175 1665 1458 1748 πραξάσθω
1473 1689 1487 1705 ·
1509 1667 1704 1729 δίκαιον

170 1752 258 1835 γὰρ
285 1752 438 1820 οὕτως
465 1752 626 1813 ἐστίν.
709 1753 796 1831 (³¹)
825 1755 894 1813 Ei
917 1752 972 1813 δὲ
1002 1752 1135 1833 μήτε
1155 1753 1282 1835 πρὸς
1310 1754 1401 1831 ἐμὲ
1427 1755 1560 1833 μήτε
1584 1759 1703 1817 κατ’

171 1844 280 1919 ἐμοῦ
312 1840 454 1914 δίκην
485 1831 621 1900 εἶναί
647 1864 776 1923 φησι
802 1844 878 1921 τῷ
921 1840 1097 1915 παιδί,
1124 1840 1212 1900 τὸν
1241 1842 1508 1903 κωλύοντα
1549 1841 1703 1922 νόμον

173 1928 380 2003 εἰπάτω,
417 1928 521 1987 κᾶν
549 1928 649 2009 ἔχῃ
689 1928 882 2004 δεῖξαι,
922 1928 1134 1989 λαθέτω
1159 1929 1250 1989 καὶ
1289 1928 1426 1990 οὕτω
1461 1932 1522 1991 τὸ
1552 1931 1708 2013 μέρος

171 2020 258 2075 τῶν
297 2016 600 2097 χρημάτων.
683 2020 752 2079 Εἰ
797 2018 844 2077 δ’
873 2007 940 2076 αἰῖ
977 2016 1100 2093 μήτ’
1139 2017 1548 2079 ἐπιδικάσασθαί
1579 2042 1706 2101 φησι

173 2106 260 2163 δεῖν
295 2109 380 2164 τοῦ
415 2104 736 2187 ἡμικληρίου
767 2104 900 2182 μήτε
941 2102 1046 2183 μὴν
1084 2104 1430 2179 δικάσασθαι,
1459 2107 1575 2167 ἀλλ’
1598 2108 1704 2183 ἤδη

173 2184 284 2251 εἶναι
306 2197 467 2252 ταῦτα
511 2196 600 2253 τοῦ
643 2192 857 2267 παιδός,
889 2192 1284 2274 ἂπογραψάσθω
1325 2194 1452 2275 πρὸς
1479 2194 1568 2254 τὸν
1603 2195 1704 2277 ἄρ-

105 2308 148 2346 25
169 2304 312 2360 χοντα
329 2282 398 2347 εἰς
413 2278 511 2353 τὴν
529 2279 778 2357 μίσθωσιν
797 2284 900 2340 τῶν
918 2280 1112 2341 ἐκείνου
1131 2280 1441 2361 χρημάτων,
1462 2282 1524 2355 ἣν
1541 2286 1570 2342 ὁ
1589 2306 1706 2362 μισ·

169 2369 440 2447 θωσάμενος
479 2368 748 2451 εἰσπράξει
789 2392 855 2447 με
892 2375 1058 2428 ταῦτα
1088 2373 1156 2437 ὡς
1195 2370 1321 2430 ὄντα
1360 2375 1452 2429 τοῦ
1497 2370 1698 2439 παιδός.

172 2454 246 2535 (as)
271 2459 446 2517 Ταῦτα
478 2456 690 2536 μεγάλα
720 2456 896 2517 δίκαιά
937 2459 1066 2518 ἐστι.
1151 2460 1338 2517 Ταῦτα
1367 2456 1456 2517 καὶ
1483 2460 1529 2517 οἱ
1556 2458 1703 2536 νόμοι

169 2540 459 2622 κελεύουσιν,
485 2546 548 2603 οὗ
575 2543 654 2623 μὰ
683 2543 784 2605 Δία
813 2546 871 2603 οὗ
899 2542 1102 2625 γραφὰς
1131 2542 1224 2622 ἐμὲ
1253 2542 1456 2627 φεύγειν
1481 2544 1603 2629 περὶ
1631 2536 1702 2605 ὧν

169 2631 302 2699 δίκας
330 2631 448 2699 ἰδίας
477 2622 617 2691 εἶναι
655 2630 1029 2710 πεποιήκασιν,
1077 2630 1193 2691 οὐδὲ
1233 2631 1540 2693 κινδυνεύειν
1582 2634 1704 2717 περὶ

167 2724 246 2777 τοῦ
283 2720 550 2798 σώματος,
577 2720 659 2779 ὅτι
687 2722 746 2779 οὗ
785 2720 1110 2797 μεταδίδωμι
1137 2724 1212 2801 τῷ
1238 2720 1386 2781 παιδὶ
1414 2718 1632 2802 τούτων,
1667 2722 1704 2783 ἃ

165 2808 307 2889 ψήφῳ
345 2808 614 2889 κρατήσας
655 2809 759 2887 ἐγὼ
799 2807 916 2875 τοὺς
956 2806 1170 2887 ἔχοντας
1210 2806 1346 2866 οὕτω
1384 2812 1514 2889 παρ’
1557 2813 1704 2888 ὑμῶν

166 2896 351 2955 ἔλαὸον·
380 2898 500 2955 ἀλλ’
533 2896 580 2955 εἴ
603 2920 653 2954 τι
680 2900 783 2956 τῶν
811 2894 1236 2975 ὁμολογουμένων
1261 2884 1392 2955 εἶναι
1412 2901 1502 2955 τοῦ
1521 2895 1704 2964 παιδὸς

101 3002 144 3040 ao
167 2974 288 3063 εἶχον
309 2984 396 3043 καὶ
417 2986 596 3051 κακῶς
624 2983 838 3056 διέθηκα
865 2980 990 3041 ὥστ’
1016 2984 1206 3042 ἐκεῖνον
1235 2986 1556 3061 κακοῦσθαι,
1585 2982 1704 3043 τότε

165 3072 218 3129 ἄν
240 3096 320 3149 μοι
347 3070 484 3133 κατὰ
512 3070 706 3143 ταύτην
727 3075 962 3149 προσῆκε
991 3070 1254 3153 κρίνεσθαι
1277 3070 1374 3145 τὴν
1398 3070 1619 3152 γραφήν,
1643 3072 1702 3130 οὔ

164 3158 230 3227 μὰ
252 3158 328 3219 Δί’
356 3162 447 3219 οὒκ
471 3158 562 3219 ἐπὶ
584 3168 689 3227 τοῖς
709 3158 872 3237 ἐμοῖς.

231 3270 296 3309 ss.
333 3247 458 3310 Ὅτι
495 3246 594 3325 μὲν
621 3238 707 3307 οὖν
741 3246 858 3307 οὔτε
899 3248 1020 3329 περὶ
1067 3246 1261 3307 τούτων
1315 3244 1459 3305 οὐδὲν
1505 3244 1702 3306 δίκαιον

163 3336 422 3411 πεποίηκεν
451 3337 572 3397 οὔτε
600 3335 719 3417 περὶ
745 3339 850 3395 τῶν
877 3334 1050 3395 ἄλλων
1090 3334 1276 3406 ἀληθὲς
1303 3335 1446 3395 οὐδὲν
1474 3333 1700 3415 εἴρηκεν,

163 3430 354 3485 ἅπαντα
379 3425 434 3485 δὲ
471 3428 652 3493 δεινῶς
685 3424 955 3507 πλεονεξία
994 3423 1366 3505 μεμηχάνηται
1405 3422 1701 3482 διαὸάλλων

161 3514 240 3574 καὶ
266 3514 375 3583 τοὺς
397 3514 586 3593 νόμους
613 3513 866 3594 παράγων
894 3514 985 3572 καὶ
1014 3517 1156 3591 ὑμῶν
1187 3512 1278 3573 καὶ
1311 3514 1437 3589 ἐμοῦ
1468 3511 1614 3592 παρὰ
1641 3510 1702 3572 τὸ

162 3602 338 3664 δίκαιον
371 3601 735 3684 περιγενέσθαι
770 3606 955 3675 ζητῶν,
981 3592 1129 3679 οἶμαι
1175 3600 1250 3678 μὰ
1277 3598 1393 3667 τοὺς
1419 3598 1561 3667 θεοὺς
1590 3602 1699 3659 οὐδ’

100 3710 140 3745 ιι
161 3694 276 3767 ὑμᾶς
305 3694 502 3767 ἀγνοεῖν
533 3690 651 3747 ἀλλ’
676 3688 866 3767 ὁμοίοις
889 3688 1078 3748 εἰδέναι
1101 3688 1323 3760 πάντας,
1347 3685 1472 3747 ὥστ’
1495 3690 1588 3745 οὐκ
1608 3679 1700 3747 οἷδ’

162 3778 190 3837 ὅ
200 3803 242 3835 τι
258 3780 329 3837 δεῖ
342 3776 510 3837 πλείω
523 3776 646 3858 περὶ
664 3776 856 3836 τούτων
874 3774 1062 3856 λέγειν.
1151 3776 1240 3854 (³7)
1267 3774 1412 3855 Ὃρῶ
1439 3773 1524 3847 δέ,
1544 3764 1587 3834 ὦ
1609 3774 1701 3834 ἄν·

161 3868 288 3941 δρες,
316 3866 410 3938 τὴν
453 3865 707 3937 πλείστην
737 3863 1007 3945 διατριὸὴν
1039 3866 1140 3923 τῶν
1182 3863 1351 3943 λόγων
1394 3860 1700 3941 ποιούμενον

158 3953 262 4034 περὶ
290 3953 382 4026 τὴν
407 3959 497 4013 τοῦ
524 3952 706 4019 παιδὸς
733 3951 911 4011 οὐσίαν
935 3951 1026 4011 καὶ
1054 3951 1172 4032 περὶ
1207 3950 1300 4023 τὴν
1337 3949 1488 4027 ἐμήν,
1516 3949 1606 4009 καὶ
1633 3949 1700 4011 τὰ

160 4041 242 4115 μὲν
291 4041 485 4101 ἐκείνου
532 4040 868 4099 παντάπασιν
921 4042 990 4107 ὣς
1038 4038 1212 4119 ἄπορα
1254 4036 1504 4107 διεξιόντα
1522 4082 1540 4112 ,
1579 4036 1701 4118 περὶ

157 4128 196 4185 δ’
227 4130 314 4208 ἐμὲ
337 4128 562 4190 πλοῦτόν
577 4154 694 4191 τινα
709 4128 940 4209 τῷλόγῳ
955 4125 1450 4200 κατασκευάσαντα,
1474 4126 1565 4186 καί
1584 4150 1698 4185 τινα

155 4219 332 4276 κακίαν
357 4222 776 4298 κατηγοροῦντα,
803 4218 874 4284 ὣς
903 4214 1006 4295 ἐγὼ
1034 4214 1297 4295 τεττάρων
1323 4216 1488 4274 οὐσῶν
1519 4218 1699 4294 Στραι-

90 4317 131 4357 ⁴0
154 4304 379 4374 τοκλέους
443 4303 740 4386 θυγατέρων
799 4306 1018 4380 οὗδεμιᾶ
1075 4304 1256 4382 τολμῶ
1321 4307 1700 4383 συνευπορῆσαι

155 4396 375 4474 προικός,
401 4394 494 4455 καὶ
513 4396 662 4452 ταῦτ’
682 4391 817 4473 ἔχων
843 4394 931 4470 (ὡς
949 4366 1093 4460 οῦτός
1111 4395 1257 4473 φησι)
1273 4390 1338 4451 τὰ
1357 4396 1448 4451 τοῦ
1470 4391 1699 4455 παιδίου.

159 4483 238 4561 (38)
266 4484 536 4560 Βούλομαι
563 4480 625 4553 δὴ
654 4484 744 4540 καὶ
784 4479 904 4561 περὶ
929 4478 1126 4539 τούτων
1161 4482 1340 4539 εἰπεῖν·
1365 4477 1557 4548 ἐλπίζει
1598 4477 1700 4561 γὰρ

156 4571 232 4627 διὰ
258 4575 356 4629 τῶν
390 4570 561 4650 λόγων
588 4568 705 4647 ἐμοὶ
747 4566 843 4647 μέν
869 4591 985 4627 τινα
1014 4566 1196 4650 φθόνον
1221 4566 1529 4647 γενήσεσθαι
1569 4570 1696 4649 παρ’

157 4662 286 4733 ὑμῶν
315 4658 436 4737 περὶ
468 4662 568 4716 τῶν
611 4654 1100 4738 προσγεγενημένων
1139 4656 1448 4735 χρημάτων,
1475 4654 1602 4730 ,τοῖς
1643 4653 1698 4714 δὲ

157 4746 326 4805 παισὶν
373 4746 535 4817 ἔλεον,
587 4742 648 4804 ἂν
703 4744 888 4826 ἄποροι
939 4748 1062 4824 παρ’
1106 4746 1226 4819 ὑμῖν
1285 4734 1416 4801 εἶναι
1465 4741 1695 4811 δόξωσιν.

153 4832 344 4891 Οὔκουν
392 4836 645 4911 ἀγνοῆσαι
687 4833 762 4890 δεῖ
809 4830 932 4913 περὶ
978 4834 1148 4890 αὐτῶν
1192 4834 1326 4907 ὑμᾶς
1369 4830 1531 4901 οὐδέν,
1579 4832 1696 4889 ἀλλ’

155 4922 368 4999 ἂκριὸῶς
415 4921 508 4979 καὶ
557 4924 724 4979 ταῦτα
774 4922 976 4996 μαθεῖν,
1004 4917 1070 4977 ἵν’
1111 4920 1270 4991 εἰδῆθ’
1302 4916 1380 4976 ὅτι
1415 4918 1693 4999 ψεύδεται,

84 5014 141 5065 88
157 5005 321 5089 ὥσπερ
349 5008 439 5067 καὶ
479 5008 594 5087 περὶ
619 5009 722 5065 τῶν
748 5008 918 5067 ἄλλοιν
949 5006 1216 5065 ἁπάντων.
1301 5002 1447 5084 Ἐγὼ
1479 5003 1580 5084 γὰρ
1614 5004 1694 5077 ἄν,

158 5083 196 5152 ὦ
240 5094 434 5175 ἄνδρες,
459 5094 667 5153 πάντων
713 5092 1098 5171 ὁμολογήσαιμι
1145 5083 1276 5151 εἶναι
1329 5091 1595 5165 κάκιστος,
1651 5094 1696 5151 εἰ

159 5181 531 5261 Στρατοκλέους
551 5181 718 5263 ἄπορα
743 5179 810 5241 τὰ
835 5183 1124 5262 πράγματα
1148 5180 1524 5248 καταλιπόντος
1545 5179 1696 5247 αὐτὸς

159 5268 358 5351 εὔπορος
383 5268 456 5330 ὢν
495 5270 586 5331 καὶ
613 5270 874 5349 μηδεμίαν
902 5268 1202 5349 ἐπιμέλειαν
1246 5269 1546 5347 ποιούμενος
1571 5290 1696 5350 φαι-

1085 473 1258 537 lsAEI
1297 476 1418 539 OB.
1459 476 1564 541 DE
1605 478 1931 546 HAGNIAE
1973 484 2483 551 HEREDITATE.

3236 506 3345 559 sis

1794 616 1869 669 nis
1893 620 2193 671 causationes
2217 620 2351 671 baud
2370 620 2645 685 attendere,
2678 632 2839 686 neque
2860 624 3163 677 committere
3182 628 3239 679 ιιι
3268 628 3349 680 hic

1795 702 1902 739 mos
1939 690 1991 739 in
2024 691 2266 753 republica
2299 692 2498 755 gliscat,
2538 692 2713 757 quibus
2751 692 2811 743 de
2844 695 2990 746 rebus
3018 696 3145 760 leges
3169 696 3349 760 judicia

1795 760 1983 822 privata
2022 764 2348 825 constituunt,
2382 776 2463 811 eas
2507 776 2582 813 res
2613 762 2673 811 ad
2708 776 2875 815 causas
2907 767 3131 830 capitales
3160 773 3347 832 pertra-

1795 830 1957 881 hendi.
2022 832 2236 895 Simplex
2269 834 2465 883 omnino
2496 834 2579 896 jus
2610 836 2877 899 notumque
2914 838 3137 888 omnibus
3172 840 3223 889 in
3257 841 3349 891 hac

1796 921 1938 958 causa
1962 910 2279 961 constitutum
2310 914 2409 974 εει,
2434 912 2563 975 quod
2584 913 2665 962 ubi
2692 927 2780 976 ego
2798 916 2934 967 vobis
2955 918 3016 967 ad
3037 922 3249 970 mentem
3266 922 3347 971 tri·

1795 985 1886 1035 bus
1903 986 2065 1036 verbis
2083 1000 2371 1038 revocavere
2398 992 2668 1052 vestra-que
2698 994 2943 1043 memoriae
2963 994 3315 1048 demandavero
3330 1035 3347 1062 ,

1794 1060 1856 1110 ad
1905 1064 2157 1113 renitanda
2206 1078 2318 1128 quse
2360 1070 2618 1129 supersunt
2664 1082 2789 1119 meae
2832 1072 3150 1121 accusationis
3192 1076 3351 1137 capita

1793 1135 2084 1197 progrediar.
2150 1137 2349 1200 Ecquod
2380 1138 2522 1200 igitur
2548 1139 2670 1189 illud
2696 1143 2796 1201 est,
2831 1142 2963 1204 quod
2990 1143 3130 1207 dico,
3159 1145 3273 1207 jus?
3298 1150 3349 1199 et

1794 1226 2005 1275 quanam
2020 1226 2107 1275 ego
2124 1212 2427 1265 distinctione
2441 1228 2544 1265 rem
2580 1216 2704 1265 banc
2738 1216 2946 1267 definio?
2970 1220 3067 1283 (33)
3090 1223 3279 1286 Pupillo
3308 1226 3349 1275 si

1795 1288 1860 1339 ait
1892 1288 2251 1355 [adversarius]
2267 1294 2537 1355 competere
2551 1290 2630 1355 jus
2651 1291 2713 1343 ad
2732 1293 3047 1345 hereditatem
3068 1298 3263 1359 naguiae
3286 1314 3347 1353 ex

1795 1363 1939 1413 titulo
1965 1366 2332 1429 propinquitatis
2346 1405 2360 1430 ,
2398 1370 2640 1417 semissem
2660 1367 2722 1417 ab
2746 1368 2976 1419 archonte
2998 1372 3175 1435 petit03
3200 1386 3347 1435 quam

1793 1442 1832 1491 si
1850 1455 1937 1493 vos
1957 1442 1998 1493 ei
2020 1442 2310 1505 addixeritis,
2320 1444 2495 1495 habeto
2521 1465 2531 1495 :
2558 1444 2625 1494 sic
2638 1445 2765 1495 enim
2788 1445 2889 1495 fieri
2904 1447 3028 1509 leges
3045 1450 3345 1513 praecipiunt.

1793 1520 1876 1571 Sin
1903 1522 2069 1571 autem
2092 1534 2151 1571 ex
2176 1520 2271 1571 hoc
2298 1521 2441 1571 titulo
2472 1524 2635 1585 petere
2670 1534 2921 1586 recusans,
2958 1526 3247 1576 asseverabit
3270 1540 3349 1577 me

1792 1595 1977 1658 pupillo
1998 1597 2185 1658 partem
2218 1596 2465 1647 dimidiam
2498 1595 2771 1661 promisisse
2806 1598 3173 1661 impertiendam
3189 1638 3205 1664 ,
3238 1602 3347 1665 iure

1793 1684 1989 1721 mecum
2021 1672 2291 1737 expet-iton
2324 1687 2423 1738 quo
2444 1674 2597 1735 facto,
2630 1674 2713 1724 ubi
2744 1687 2823 1724 me
2842 1678 3097 1738 negantem
3118 1677 3167 1727 id
3202 1692 3233 1728 a
3268 1693 3347 1731 me

1793 1748 2081 1811 promissum
2103 1764 2204 1801 esse
2221 1750 2513 1814 coarguerit,
2534 1752 2639 1800 tum
2658 1748 2853 1799 demum
2871 1752 3113 1801 semissem
3132 1753 3309 1817 exigito
3328 1767 3342 1798 ι

1792 1824 1862 1877 sic
1892 1826 2023 1877 enim
2037 1828 2225 1891 justum
2256 1829 2346 1878 est.
2412 1826 2511 1889 (34)
2536 1828 2617 1878 Sin
2639 1828 2801 1877 autem
2828 1828 3011 1892 pupillo
3032 1836 3176 1895 negat
3201 1833 3346 1883 actio-

1792 1916 1905 1953 nem
1924 1903 1975 1953 in
1996 1916 2076 1953 me
2097 1916 2199 1955 esse
2223 1917 2379 1967 neque
2402 1916 2459 1953 ex
2491 1902 2634 1953 titulo
2656 1902 2933 1953 hereditatis
2950 1917 3107 1968 neque
3123 1919 3187 1956 ex
3206 1908 3346 1959 titulo

1793 1991 1891 2027 non
1907 1978 2083 2029 servati
2104 1978 2349 2043 promissi,
2368 1977 2525 2041 legem
2558 1978 2768 2028 indicato
2804 1978 2855 2028 id
2872 1980 3134 2043 vetantem,
3155 1982 3205 2031 et
3220 1982 3345 2034 indi-

1793 2065 1902 2104 care
1920 2054 1960 2103 si
1982 2054 2221 2119 habuerit,
2241 2053 2387 2104 etiam
2412 2054 2506 2104 hoc
2531 2054 2672 2117 pacto
2698 2054 2941 2105 semissem
2966 2054 3241 2107 hereditatis
3263 2071 3345 2108 au·

1793 2132 1931 2183 ferat.
1953 2130 2036 2181 Sin
2059 2132 2222 2183 autem
2253 2131 2490 2195 pupillum
2511 2130 2681 2181 decere
2710 2131 2901 2194 negabit
2930 2133 2984 2181 ut
3005 2132 3099 2183 illis
3120 2146 3177 2183 ex
3195 2134 3347 2183 titulis

1793 2210 2077 2273 contendat,
2119 2210 2203 2261 sed
2238 2210 2334 2260 aiet
2368 2210 2589 2259 universa
2622 2211 2822 2273 Hagnioe
2838 2210 2965 2261 bona
2992 2210 3139 2274 ipsius
3150 2211 3212 2261 de
3238 2212 3347 2275 iure

1792 2300 1894 2338 esse
1907 2324 1923 2351 ,
1941 2287 2147 2337 indicem
2172 2299 2341 2338 eornm
2356 2286 2516 2337 tradat
2546 2286 2765 2337 archonti
2779 2324 2795 2349 ,
2814 2290 2870 2337 ut
2882 2288 2945 2337 ab
2960 2288 3054 2338 hoc
3070 2288 3345 2352 elocentur3

1791 2363 1898 2411 tum
1946 2361 2009 2411 ad
2050 2375 2131 2413 me
2170 2362 2434 2413 conductor
2468 2362 2633 2412 locarii
2678 2362 2923 2413 auferendi
2975 2376 3123 2413 causa
3164 2366 3343 2416 venito.

1793 2434 1890 2495 (35)
1911 2436 2029 2483 llaec
2046 2433 2323 2495 aequissima
2340 2437 2483 2495 sunt3
2506 2433 2609 2483 haec
2639 2447 2669 2482 a
2686 2433 2870 2496 legibus
2892 2434 3211 2497 imperantur,
3232 2449 3345 2487 neu·

1791 2508 1979 2571 tiquam
2002 2510 2163 2559 autem
2177 2544 2192 2569 ,
2212 2508 2280 2558 ita
2298 2508 2483 2559 medius
2497 2506 2666 2570 fidius,
2688 2508 2866 2573 quibus
2883 2509 2945 2559 de
2969 2510 3114 2560 rebus
3137 2510 3347 2565 actiones

1792 2585 2001 2649 privatas
2030 2599 2131 2637 esse
2162 2586 2401 2648 legislator
2436 2586 2618 2647 voluit,
2658 2600 2738 2636 eas
2767 2586 2973 2649 publicis
3011 2591 3343 2646 commutare.

1791 2674 1951 2725 neque
1975 2675 2055 2712 me
2078 2660 2128 2711 in
2146 2661 2400 2711 discrimen
2423 2662 2588 2725 capitis
2600 2662 2835 2712 deducere
2851 2698 2867 2723 ,
2888 2662 2995 2711 ideo
3010 2663 3141 2725 quod
3164 2664 3345 2728 pupillo

1792 2738 1905 2787 huic
1932 2751 1990 2787 ea
2007 2738 2119 2787 nolo
2149 2737 2422 2800 impertire,
2450 2752 2561 2800 quae
2592 2751 2679 2800 ego
2697 2751 2726 2788 a
2749 2737 2887 2787 vobis
2918 2737 3193 2800 adjudicata
3227 2740 3345 2789 mibi

1793 2814 2007 2879 possideo
2020 2852 2035 2875 ,
2056 2815 2367 2877 posteaquam
2398 2814 2579 2877 priores
2608 2826 2899 2877 possessores
2923 2826 3065 2863 causa
3091 2814 3185 2863 vici
3211 2834 3225 2863 ι
3254 2815 3344 2865 bo·

1791 2899 1967 2936 norum
1988 2884 2155 2948 pupilli
2176 2884 2217 2933 si
2234 2883 2352 2946 quid
2378 2896 2465 2947 ego
2482 2882 2710 2933 haberem
2737 2882 2867 2946 quod
2894 2882 2997 2944 eius
3018 2896 3121 2933 esse
3152 2885 3341 2933 consta-

1792 2964 1866 3011 ret
1883 2961 2029 3023 idque
2048 2959 2177 3009 male
2201 2956 2580 3008 administrarem
2599 2993 2613 3018 ,
2634 2958 2700 3007 ita
2718 2958 2773 3007 ιιι
2792 2958 2995 3007 sortunoe
3014 2958 3117 3019 eius
3138 2958 3344 3009 deterio-

1793 3045 1895 3080 rem
1915 3029 2139 3080 inlocum
2151 3028 2531 3090 deducerentur,
2551 3029 2657 3077 tum
2679 3042 2874 3091 aequum
2904 3028 3067 3079 suisset
3095 3029 3219 3078 hanc
3238 3041 3343 3079 ma-

1787 3101 1971 3163 Jaetatis
1990 3112 2185 3149 causam
2200 3100 2318 3149 mibi
2336 3098 2561 3149 intentari
2574 3136 2588 3161 ,
2613 3111 2711 3148 non
2728 3101 2894 3148 autem
2916 3100 3131 3163 profecto
3142 3134 3157 3162 ,
3173 3100 3213 3149 si
3236 3113 3344 3149 mea

1791 3172 1908 3221 mihi
1928 3185 2088 3222 servo.

1853 3256 1933 3299 36.
1972 3248 2308 3299 Adversarium
2330 3247 2497 3311 itaque
2518 3260 2673 3311 neque
2694 3247 2787 3299 bac
2812 3246 2863 3297 in
2886 3260 2939 3297 re
2958 3246 3079 3310 iuris
3103 3246 3230 3309 oequi
3254 3245 3344 3297 ob-

1789 3340 2059 3389 servantem
2092 3338 2234 3389 fuisse
2264 3350 2421 3401 neque
2454 3337 2517 3388 de
2555 3338 2727 3387 ceteris
2752 3336 2898 3387 rebus
2926 3349 3045 3386 vera
3064 3335 3342 3399 protulisse,

1789 3429 1873 3479 sed
1892 3429 2056 3479 omnia
2074 3428 2335 3492 cupiditate
2351 3429 2515 3477 actum
2532 3440 2635 3477 esse
2657 3426 2987 3477 machinatum
3002 3440 3100 3489 quo
3117 3438 3196 3477 me
3216 3429 3346 3491 apud

1790 3526 1878 3563 vos
1899 3513 1949 3562 in
1972 3512 2201 3563 invidiam
2232 3512 2521 3574 adduceret,
2543 3510 2767 3575 legesque
2795 3510 3048 3561 detorsisse
3080 3523 3343 3563 summum·

1791 3610 1886 3660 que
1903 3610 1991 3660 per
2021 3597 2154 3648 nefas
2179 3596 2374 3647 studere
2392 3608 2565 3659 meque
2583 3607 2766 3658 vosque
2789 3594 3162 3655 circumvenire,
3187 3596 3342 3645 nemi-

1789 3692 1901 3729 nem
1927 3681 2169 3741 vestrum,
2190 3678 2257 3729 ita
2274 3691 2354 3728 me
2372 3677 2438 3727 dii
2458 3677 2649 3737 ament,
2674 3675 2882 3726 arbitror
2908 3688 3012 3726 esse
3028 3676 3111 3739 qui
3131 3676 3341 3740 ignoret,

1789 3765 1872 3815 sed
1894 3764 2093 3828 perinde
2108 3764 2259 3814 nostis
2288 3776 2487 3823 omnes3
2516 3764 2808 3826 quapropter
2827 3774 2983 3811 causave
3004 3762 3071 3811 nil
3098 3762 3238 3812 video
3256 3777 3343 3812 cur

1791 3850 1865 3899 his
1882 3849 1943 3899 de
1958 3850 2100 3899 rebus
2119 3848 2261 3911 plura
2291 3847 2547 3911 disputem.
2614 3847 2713 3909 (³7)
2735 3845 2830 3896 Sed
2856 3846 2997 3895 video
3016 3859 3129 3895 eum
3147 3845 3343 3909 [adver-

1788 3934 1995 3999 sarium]
2010 3934 2277 3985 orationem
2294 3932 2551 3997 plurimam
2572 3932 2623 3981 in
2636 3930 2902 3981 rationibus
2918 3930 3216 3995 substantiae,
3236 3933 3342 3983 tum

1789 4024 1892 4081 ejus
1927 4032 2039 4083 quae
2067 4020 2250 4084 pupillo
2282 4021 2355 4070 est
2392 4020 2497 4071 tum
2517 4016 2713 4067 alterius
2744 4028 2857 4079 quoe
2884 4016 3023 4077 mihi,
3046 4018 3343 4080 exponendis

1789 4116 2095 4163 consumere,
2130 4104 2180 4153 et
2214 4101 2447 4167 pupillum
2492 4100 2689 4164 quidem
2732 4100 2871 4164 plane
2905 4098 3094 4148 nudum
3137 4100 3344 4151 fortunis

1788 4189 1973 4251 dicere,
1996 4187 2117 4237 mihi
2143 4188 2305 4240 autem
2324 4186 2485 4250 copias
2504 4185 2665 4236 nescio
2686 4196 2833 4246 quam
2862 4184 3078 4245 ingentes
3096 4183 3341 4235 animum-

1789 4286 1883 4337 que
1900 4270 2126 4335 affingere
2148 4272 2249 4321 tam
2279 4269 2559 4332 degenerem
2576 4305 2591 4330 ,
2622 4268 2681 4317 ιιι
2704 4266 2951 4317 Stratoclis
2968 4266 3176 4317 filiarum
3190 4305 3206 4331 ‚
3231 4283 3343 4333 quae

1787 4370 1989 4409 numero
2019 4358 2134 4406 sunt
2160 4356 2406 4419 quattuor,
2422 4353 2541 4403 nulli
2574 4351 2737 4401 dotem
2759 4350 3085 4411 contribuam,
3120 4353 3343 4414 quamvis

1788 4444 1916 4494 bona
1938 4440 2095 4493 fratris
2123 4451 2289 4489 earum
2308 4436 2529 4486 habeam.
2594 4434 2694 4495 (38)
2715 4431 2997 4483 consultum
3020 4433 3185 4495 itaque
3214 4434 3341 4484 duco

1788 4535 1817 4572 a
1839 4537 1918 4573 me
1942 4523 2047 4572 haec
2065 4534 2259 4585 quoque
2284 4518 2477 4583 exponi.
2544 4518 2719 4581 Sperat
2742 4516 2869 4566 enim
2898 4530 2949 4566 se
2975 4516 3077 4566 istis
3108 4519 3340 4568 orationi·

1787 4608 1877 4658 bus
1899 4607 1991 4657 hoc
2008 4608 2378 4657 consecuturum
2392 4642 2407 4667 ,
2428 4606 2485 4654 ut
2504 4602 2633 4667 apud
2654 4599 2741 4652 v'os
2759 4600 2989 4652 invidiam
3016 4601 3136 4649 mihi
3168 4602 3337 4663 saciat,

1786 4697 2016 4758 tanquam
2051 4692 2231 4744 homini
2257 4691 2396 4743 bonis
2422 4692 2587 4743 alienis
2605 4691 2845 4754 saginato,
2868 4689 3128 4739 liberorum
3158 4690 3338 4739 Strato·

1787 4780 1872 4829 elis
1909 4779 2071 4827 autem
2120 4776 2365 4827 miseratio
2401 4788 2488 4825 vos
2519 4774 2749 4836 incassat,
2790 4773 2830 4823 si
2867 4772 2999 4835 egeni
3056 4772 3168 4821 facti
3199 4770 3339 4821 vobis

1785 4861 2037 4911 videantur
2055 4873 2171 4910 esse.
2237 4856 2651 4910 committendum
2686 4856 2849 4918 itaque
2888 4854 3007 4904 mihi
3039 4866 3137 4902 non
3176 4854 3249 4903 est
3282 4856 3338 4904 ut

1789 4958 1870 4993 vos
1893 4944 1999 4993 liaec
2016 4942 2271 5006 ignoretis,
2294 4942 2379 4993 sed
2403 4954 2545 5003 opera
2562 4939 2723 5003 potius
2741 4938 2898 4987 danda
2930 4940 2987 4987 ut
3018 4936 3124 4985 hoec
3141 4948 3337 4999 quoque

1783 5026 1931 5091 probe
1970 5026 2196 5088 teneatis,
2231 5038 2329 5088 quo
2368 5024 2484 5074 certi
2523 5022 2625 5072 sitis
2657 5034 2768 5072 enm
2794 5020 2901 5071 lioec
2927 5032 3125 5082 quoque
3156 5019 3336 5081 pariter

1783 5110 1930 5172 atque
1982 5108 2167 5171 reliqua
2211 5106 2466 5157 mentitum
2511 5118 2631 5155 esse.
2710 5106 2809 5167 Ego
2840 5102 3081 5166 profecto,
3122 5100 3331 5164 iudices,

1781 5191 1911 5242 haud
1930 5204 2146 5248 recusem
2163 5190 2413 5240 hominnm
2430 5188 2646 5237 omnium
2663 5185 2898 5249 possimus
2925 5184 3106 5247 baberi,
3125 5184 3185 5247 si,
3206 5184 3333 5235 Stra·

1783 5273 1916 5325 tocie
1932 5274 1985 5324 in
2002 5286 2057 5325 re
2076 5272 2338 5327 domestica
2366 5268 2543 5321 amicta
2570 5268 2840 5331 exstincto,
2864 5281 2951 5333 ego
2985 5268 3155 5332 opibus
3181 5266 3329 5319 abun-
