3825 5842
164 564 409 643 (nu-m)

160 720 235 777 ρου
260 694 349 767 τὴν
372 691 787 775 ἆμιρισὸήτησιν.
876 692 937 773 (a)
959 692 1073 765 Τὴν
1097 689 1191 773 μὲν
1209 684 1297 753 οῧν
1328 692 1494 775 κρίσιν
1513 696 1570 752 οὗ
1602 686 1698 752 δεῖ

160 808 239 861 μοι
271 782 485 861 νομίζειν
514 772 647 841 εἶναι
673 780 869 854 ταύτην
896 780 1023 862 πρὸς
1048 780 1136 841 τὸν
1162 782 1409 862 εἰληχότα
1432 787 1526 842 τοῦ
1549 780 1680 851 κλή-

158 896 240 941 ρου
264 870 349 943 τὴν
378 870 553 945 δίκην,
596 868 734 928 ἀλλὰ
777 868 905 949 πρὸς
943 868 1170 929 Διοκλέα
1201 868 1290 928 τὸν
1330 868 1545 943 Φλυέα,
1590 868 1679 929 τὸν

74 960 137 1009 69
160 942 395 1038 Ὀρέστην
414 956 846 1036 ἐπικαλούμενον·
868 947 1011 1025 οὗτος
1027 957 1130 1038 γάρ
1156 960 1296 1017 ἐστιν
1324 961 1351 1017 ὁ
1372 964 1553 1017 τοῦτον
1574 980 1677 1017 πα·

160 1048 461 1127 ρασκευάσας
500 1046 767 1127 πράγμαθ’
805 1047 931 1125 ἡμῖν
960 1044 1209 1128 παρέχειν
1225 1092 1243 1124 ,
1284 1048 1583 1127 ἀποστερῶν
1615 1044 1680 1105 τὰ

156 1136 389 1217 χρήματα
421 1135 455 1194 ἃ
484 1135 661 1216 Κίρων
699 1138 729 1193 ὃ
754 1134 969 1203 πάππος
996 1134 1334 1207 ἀποθνήσκων
1368 1134 1677 1213 κατέλιπεν,

159 1228 277 1299 ἡμῖν
313 1222 364 1281 δὲ
404 1224 614 1290 τούτους
656 1221 774 1290 τοὺς
814 1220 1077 1290 κινδύνους
1120 1222 1355 1299 ἐπάγων,
1394 1220 1479 1282 ἵνα
1520 1220 1681 1301 μηδὲν

162 1312 371 1392 ἀποδιδῷ
406 1309 631 1389 τούτων,
674 1309 763 1370 ἐὰν
800 1312 946 1390 ὖμεῗς
988 1310 1348 1384 ἐξαπατηθῆτε
1391 1309 1683 1377 πεισθέντες

161 1398 255 1458 ὑπὸ
286 1403 377 1459 τῶν
418 1400 601 1459 τούτου
640 1398 829 1479 λόγων.
920 1400 983 1479 (ε)
1020 1404 1118 1461 Δεῖ
1142 1399 1205 1472 δὴ
1228 1398 1425 1460 τούτων
1464 1404 1681 1460 τοιαῦτα

102 1504 125 1542 5
160 1487 531 1567 μηχανωμένων
554 1486 705 1548 πάνθ’
726 1490 863 1566 ὑμᾶς
883 1488 951 1548 τὰ
984 1486 1331 1571 πεπραγμένα
1364 1492 1573 1567 μαθεῖν,
1594 1485 1682 1547 ἵνα

160 1572 305 1649 μηδὲν
331 1574 673 1654 ἀγνοήσαντες
698 1577 800 1634 τῶν
830 1574 1212 1655 γεγενημένων,
1244 1574 1380 1635 ἀλλὰ
1406 1578 1583 1659 σαφῶς
1610 1576 1681 1633 εἷ-

158 1662 287 1729 edre<
308 1662 423 1743 περὶ
444 1664 617 1722 αὐτῶν
633 1707 650 1736 ,
673 1660 832 1731 οὕτως
851 1664 1088 1743 ἐνέγκητε
1110 1662 1203 1735 τὴν
1218 1666 1411 1746 ψῆφον.
1496 1662 1567 1725 Εἴ
1585 1686 1685 1723 τινι

157 1740 239 1807 ὧν
272 1750 353 1809 καὶ
392 1750 527 1832 άλλη
556 1750 767 1811 πώποτε
814 1751 933 1831 δίκῃ
968 1751 1287 1833 προσέσχετε
1324 1751 1555 1834 ἀκριὸῶς
1592 1750 1683 1811 τὸν

154 1840 289 1915 νοῦνζ,
310 1837 488 1915 δέομαι
506 1842 654 1916 tui-32
674 1839 767 1898 καὶ
789 1838 957 1919 ταύτῃ
978 1838 1252 1921 προσέχειν
1270 1840 1485 1919 ὁμοίως,
1508 1838 1685 1922 ὥσπερ

155 1925 317 1984 καὶτὸ
342 1926 538 1987 δίκαιόν
565 1930 697 1987 ἐστι.
785 1928 1009 1988 Πολλῶν
1044 1927 1099 1988 δὲ
1140 1930 1299 1987 δικῶν
1332 1931 1385 1988 ἐν
1426 1932 1493 2009 τῇ
1537 1928 1687 1988 πόλει

153 2013 457 2091 γενομένων,
497 2014 698 2080 οὐδένες
739 2014 1096 2097 ἀναιδέστερον
1142 2011 1337 2075 τούτων
1364 2014 1481 2075 οὐδὲ
1520 2038 1687 2076 κατα-

158 2100 445 2183 φανέστερον
494 2102 951 2181 ἀντιποιησάμενοι
1002 2100 1321 2185 φανήσονται
1370 2106 1474 2164 τῶν
1526 2104 1685 2164 ἀλλο-

156 2188 317 2267 τρίων.
400 2188 461 2269 (ε)
488 2186 651 2251 Ἔστι
692 2188 787 2269 μὲν
822 2182 911 2251 οὖν
932 2190 1195 2271 χαλεπόν,
1234 2182 1279 2252 ὦ
1306 2190 1515 2273 ἄνδρες,
1558 2193 1689 2274 πρὸς

94 2290 133 2330 ιο
156 2278 473 2356 παρασκευὰς
499 2278 665 2356 λόγων
708 2278 797 2338 καὶ
836 2279 1107 2362 μάρτυρας
1146 2284 1205 2341 οὗ
1242 2281 1445 2355 τάληθῆ
1480 2304 1687 2363 μαρτυ-

156 2370 351 2443 ροῦντας
380 2368 449 2432 εἷς
476 2368 655 2443 ἀγῶνα
673 2366 1017 2428 καθίστασθαι
1044 2368 1162 2451 περὶ
1187 2368 1533 2445 τηλικούτων,
1554 2392 1689 2429 παν·

154 2452 363 2512 τάπασιν
402 2452 627 2534 ἀπείρως
652 2453 841 2535 ἔχοντα
884 2456 1259 2538 δικαστηρίων·
1300 2459 1358 2517 οὗ
1408 2456 1514 2535 μὴν
1552 2454 1717 2533 ἄλλά

155 2540 337 2608 πολλὰς
364 2540 579 2609 ἐλπίδας
605 2540 713 2622 ἔχω
740 2540 833 2601 καὶ
858 2542 983 2624 παρ’
1018 2547 1160 2622 ὑμῶν
1188 2542 1455 2614 τεύξεσθαι
1480 2548 1583 2605 τῶν
1610 2546 1691 2604 δι-

154 2626 305 2686 καίων
341 2628 434 2688 καὶ
478 2626 637 2709 μέχρι
661 2651 722 2708 γε
762 2632 853 2688 τοῦ
894 2628 961 2689 τὰ
1006 2630 1183 2691 δίκαια
1229 2634 1391 2692 εἰπεῖν
1420 2632 1510 2692 καὶ
1540 2631 1690 2701 αὐτὸς

154 2714 432 2795 ἀρκούντως
458 2718 618 2795 ἐρεῖν,
653 2714 717 2775 ἂν
748 2716 823 2795 μή
852 2740 903 2776 τι
943 2718 1123 2797 συμὸῇ
1150 2726 1381 2781 τοιοῦτον
1410 2718 1439 2781 δ
1474 2726 1563 2780 νῦν
1596 2722 1685 2780 ὑπ’

156 2806 273 2881 ἐμοῦ
308 2804 553 2885 τυγχάνει
602 2805 1052 2886 προσδοκώμενον.
1136 2806 1335 2887 Δέομαι
1387 2800 1474 2869 οὗν
1517 2812 1689 2888 ὑμῶν,

155 2882 195 2951 ὦ
222 2894 418 2975 ἄνδρες,
439 2896 555 2971 μετ’
576 2894 774 2963 εὐνοίας
792 2894 855 2955 τί
874 2918 974 2975 μου
1002 2898 1221 2958 ἀκοῦσαι
1238 2944 1253 2972 ,
1290 2896 1388 2959 κᾶν
1410 2900 1690 2973 ἠδικῆσθαι

92 2996 131 3034 ιε
156 2980 306 3055 δοκῶ,
332 2979 587 3059 βοηθῆσαί
616 3004 704 3060 μοι
730 2980 797 3042 τὰ
819 2982 1017 3046 δίκαια.

222 3090 267 3130 ε.
312 3072 532 3151 Πρῶτον
554 3070 649 3146 μὲν
675 3062 761 3130 οὖν
780 3117 795 3143 ,
822 3072 892 3139 ὥς
920 3065 985 3146 ἦν
1008 3077 1041 3146 ἡ
1071 3073 1247 3156 μήτηρ
1275 3079 1307 3148 ἠ
1337 3074 1429 3155 ’μὴ
1460 3074 1690 3158 Κίρωνος

152 3158 369 3240 θυγάτηρ
410 3158 631 3239 γνησία,
666 3158 902 3230 ἐπιδείξω
926 3166 1075 3222 τοῦτο
1104 3166 1253 3240 ὖμῖν,
1299 3162 1365 3223 τὰ
1404 3162 1497 3239 μὲν
1524 3164 1691 3225 πάλαι

150 3246 458 3325 γεγενημένα
498 3246 666 3325 λόγων
712 3248 841 3329 ἀκοῇ
874 3248 965 3308 καὶ
1008 3249 1316 3331 μαρτύρων,
1358 3251 1425 3311 τὰ
1466 3252 1511 3312 δ’
1553 3252 1690 3311 ὥστε

151 3332 233 3391 καὶ
276 3332 721 3412 μνημονεύεσθαι,
748 3343 853 3403 τοῖς
894 3335 1055 3397 εἰδόσι
1094 3335 1363 3420 χρώμενος
1404 3340 1689 3422 μάρτυσιν,

154 3420 223 3479 ἔτι
258 3422 313 3480 δέ
352 3420 655 3503 τεκμηρίοις
690 3421 725 3481 ἃ
763 3423 989 3503 κρείττω
1036 3428 1141 3485 τῶν
1185 3432 1479 3508 μαρτυριῶν
1524 3430 1689 3489 ἐστιν·

152 3508 347 3569 ἐπειδὰν
370 3508 429 3569 δέ
449 3516 615 3571 ταῦτα
638 3510 835 3593 φανερὰ
860 3512 1205 3588 καταστήσω,
1225 3515 1333 3576 τόθ’
1352 3519 1423 3584 ὡς
1448 3516 1539 3575 καὶ
1562 3518 1691 3591 κλη-

154 3607 373 3677 ρονομεῖν
404 3600 609 3677 μᾶλλον
632 3602 762 3677 ἡμῖν
787 3600 823 3673 ἢ
846 3607 1027 3661 τοῦτον
1052 3602 1305 3682 προσήκει
1326 3608 1431 3665 τῶν
1458 3605 1691 3687 Κίρωνος

90 3686 447 3765 ιοχρημάτων.
528 3686 693 3749 εὈθεν
719 3680 807 3749 οὖν
834 3689 1057 3771 ἤρξαντο
1079 3690 1199 3773 περὶ
1226 3694 1429 3773 αὐτῶν,
1460 3698 1689 3755 ἐντεῦθεν

152 3774 276 3849 θμᾶς
296 3774 447 3855 κάγὼ
476 3776 795 3856 πειράσομαι
818 3778 1095 3838 διδάσκειν.

222 3882 265 3925 7.
307 3862 377 3925 Ὁ
402 3864 505 3943 γὰρ
530 3864 745 3933 πάππος
771 3868 801 3924 ὁ
821 3866 970 3944 ἐμός,
1011 3858 1057 3927 ὦ
1084 3867 1293 3950 ἄνδρες,
1322 3868 1499 3952 Κίρων
1528 3870 1692 3950 ἔγημε

152 3950 237 4022 τὴν
263 3952 399 4029 ἐμὴν
422 3950 587 4025 τήθην
611 3944 773 4013 οὖσαν
800 3954 1039 4037 ἀνεψιάν,
1072 3956 1125 4026 ἐξ
1157 3958 1383 4040 ἀδελφῆς
1412 3964 1505 4032 τῆς
1533 3962 1691 4019 αὑτοῦ

154 4040 337 4121 μητρὸς
356 4040 523 4113 αὐτὴν
548 4042 913 4120 γεγενημένην.
999 4042 1207 4117 Ἐκείνη
1231 4046 1325 4124 μὲν
1342 4039 1429 4105 οὖν
1451 4046 1692 4120 συνοική-

150 4148 279 4187 σασα
316 4130 379 4188 οὔ
415 4127 581 4189 πολὺν
616 4127 799 4209 χρόνον
816 4176 833 4210 ,
862 4136 1084 4191 τεκοῦσα
1114 4134 1257 4214 αύτῷ
1292 4132 1386 4207 τὴν
1415 4133 1545 4213 ἐμὴν
1591 4159 1692 4213 μη·

150 4214 297 4296 τέρα,
324 4214 464 4294 μετὰ
490 4216 749 4285 ἐνιαυτοὺς
774 4218 1052 4301 τριάκοντα
1080 4219 1167 4280 τὸν
1196 4220 1305 4302 βίον
1333 4222 1692 4297 ἐτελεύτησεν·

150 4302 175 4357 ὅ
200 4302 251 4361 δὲ
270 4303 490 4371 πάππος
513 4310 637 4382 μιᾶς
662 4304 822 4383 μόνης
847 4300 1001 4380 οὔσης
1030 4308 1173 4391 αὐτῷ
1200 4306 1448 4391 θυγατρὸς
1473 4309 1692 4389 λαμὸά-

88 4408 131 4451 25
150 4414 219 4450 νει
242 4392 407 4450 πάλιν
433 4394 531 4463 τὴν
558 4390 831 4461 Διοκλέους
871 4395 1123 4473 ἀδελφήν,
1153 4393 1205 4465 ἐξ
1230 4388 1292 4469 ἧς
1321 4398 1461 4477 αὐτῷ
1499 4398 1692 4479 ἔγιγνὲ-

152 4476 270 4543 σθην
296 4474 427 4539 υἱεῖς
448 4470 557 4531 δύο.
600 4471 709 4532 Καὶ
730 4472 928 4547 ἐκείνην
949 4496 1005 4532 τε
1028 4472 1207 4559 ἔτρεφε
1225 4476 1371 4558 παρὰ
1404 4480 1471 4557 τῇ
1490 4480 1695 4558 γυναικὶ

152 4557 233 4616 καὶ
260 4557 399 4636 μετὰ
428 4560 533 4617 τῶν
561 4558 616 4628 ἐξ
660 4558 859 4634 ἐκείνης
896 4560 1127 4638 παίδων,
1167 4565 1231 4644 (ε)
1273 4566 1481 4625 ἐκείνων
1518 4590 1575 4626 τε
1618 4566 1696 4628 ἐτι

154 4646 347 4714 ζώντων
364 4690 383 4721 ,
410 4646 523 4705 ἐπεὶ
546 4651 799 4708 συνοικεῖν
824 4638 963 4729 εἶχεν
982 4650 1223 4731 ἡλικίαν,
1246 4652 1513 4714 ἐκδίδωσιν
1534 4655 1695 4730 αὐτὴν

156 4732 467 4814 Ναυσιμένει
496 4736 786 4817 Χολαργεῖ,
815 4736 910 4797 σὺν
926 4738 1153 4817 ἱματίοις
1172 4740 1263 4800 καὶ
1289 4742 1519 4822 χρυσίοις
1544 4744 1696 4805 πέντε

156 4821 236 4879 καὶ
260 4822 429 4882 εἴκοσι
459 4830 593 4899 μνᾶς
621 4824 845 4894 ἐπιδούς.
932 4830 981 4889 Κ
988 4830 1185 4896 ἁκεῖνος
1212 4828 1307 4907 μὲν
1332 4830 1551 4911 τρισὶνῆ
1580 4834 1699 4895 vetv-

162 4930 325 4989 ταρσιν
370 4910 513 4970 ἔτεσι
541 4910 677 4989 μετὰ
722 4918 889 4973 ταῦτα
934 4914 1150 4994 κάμνων
1190 4918 1533 4994 ἂποθνήσκει,
1576 4921 1698 5002 πρὶν

162 4998 287 5080 αὐτῷ
322 4998 565 5077 γενέσθαι
604 5000 797 5071 παῖδας
822 5004 881 5062 ἐκ
907 5006 999 5077 τῆς
1036 5004 1297 5087 ἡμετέρας
1323 5009 1545 5090 μητρός·
1586 5013 1615 5070 ὁ
1643 5008 1698 5070 δὲ

100 5104 143 5141 ,ιο
162 5086 360 5157 πάππος
390 5088 742 5167 κομισάμενος
768 5090 959 5165 αὓτήν,
988 5093 1080 5152 καὶ
1108 5094 1203 5167 τὴν
1220 5104 1413 5175 προῖκα
1445 5100 1538 5158 οὐκ
1567 5100 1697 5159 ἀπο·

162 5172 327 5233 λαὸὼν
360 5174 493 5249 ὅσην
526 5175 687 5236 ἔδωκε
718 5177 802 5238 διὰ
826 5178 923 5253 τὴν
960 5181 1317 5261 Ναυσιμίνους
1346 5186 1569 5265 ἀπορίαν
1594 5190 1699 5247 τῶν

164 5265 475 5341 πραγμάτων
490 5310 507 5337 ,
534 5266 695 5325 πάλιν
719 5266 959 5327 ἐκδίδωσι
986 5272 1063 5351 τῷ
1090 5272 1202 5354 ἐμῷ
1227 5272 1389 5353 πατρὶ
1409 5272 1501 5333 καὶ
1526 5274 1700 5355 χιλίας

168 5348 393 5430 δραχμὰς
414 5354 591 5436 προῖκ’
622 5354 911 5417 ἐπιδίδωσι.
996 5358 1061 5440 (ε)
1090 5359 1259 5421 Ταυτὶ
1282 5360 1350 5434 .δὴ
1378 5362 1551 5423 πάντα
1573 5363 1701 5446 πρὸς

1068 562 1240 623 lSAEl
1282 564 1408 625 ΟΒ.
1450 562 1551 624 DE
1594 562 1895 624 emonis
1937 560 2438 623 HEREDITATE.

3205 570 3306 621 291

1768 701 1817 751 in
1844 700 1954 763 iure
1979 702 2167 764 petunt.
2231 700 2298 765 (3)
2339 701 2681 749 Verumtamen
2713 698 3084 750 existimandum
3105 702 3178 750 est
3202 712 3316 749 rau-

1768 800 1871 838 sam
1892 789 2019 839 lianc
2041 789 2158 839 mibi
2181 800 2284 839 esse
2301 800 2399 838 non
2417 789 2514 838 tam
2534 800 2647 837 cum
2665 800 2724 838 eo
2740 788 2824 851 qui
2845 800 3022 837 nomen
3043 802 3186 837 suum
3209 789 3321 838 huic

1770 875 2046 926 hereditatis
2059 876 2274 939 petitioni
2286 876 2684 937 accommodavit,
2699 886 2847 939 quam
2861 878 3020 939 potius
3033 890 3144 927 cum
3159 877 3322 927 Diocle

1772 962 2031 1027 Phlyense,
2055 966 2200 1027 vulgo
2217 946 2385 1015 dreste
2397 964 2732 1027 cognominato
2758 984 2772 1015 ι
2797 964 2876 1015 liic
2892 965 3020 1015 enim
3033 965 3164 1015 hunc
3179 965 3322 1030 [pue-

1770 1064 1881 1102 rum
1908 1052 2098 1103 Gitonis
2125 1065 2190 1102 ex
2210 1053 2356 1102 tratre
2385 1053 2471 1102 aut
2491 1065 2653 1103 sorore
2677 1052 2932 1117 nepotem]
2953 1053 3234 1104 subornavit
3267 1056 3322 1103 ut

1770 1138 1857 1189 lias
1871 1138 2042 1190 turbas
2057 1140 2196 1190 nobis
2224 1140 2362 1190 daret
2373 1156 2390 1203 3
2409 1151 2508 1203 quo
2531 1140 2716 1192 Diocles
2735 1141 2828 1191 hoc
2849 1142 2972 1204 agit,
3005 1144 3062 1191 ut
3079 1142 3216 1191 bonis
3235 1154 3324 1191 nos

1770 1226 1962 1277 fraudet
1982 1228 2040 1278 iis
2055 1240 2166 1291 quoe
2181 1228 2328 1278 Giron
2339 1240 2458 1279 avus
2475 1229 2682 1279 moriens
2697 1228 2834 1280 nobis
2851 1230 3068 1293 reliquit,
3087 1232 3136 1280 et
3149 1229 3256 1280 haec
3271 1230 3322 1279 in

1770 1313 2046 1365 discrimina
2079 1328 2168 1365 nos
2183 1317 2431 1379 conjiciat,
2459 1328 2618 1380 neque
2643 1328 2812 1367 eorum
2838 1318 3096 1381 quicquam
3122 1316 3320 1379 reddat,

1770 1402 1810 1453 si
1834 1403 1984 1466 possit
2004 1403 2232 1453 orationis
2245 1416 2348 1454 suae
2375 1403 2625 1467 praestigiis
2641 1404 2734 1454 boc
2751 1404 2979 1469 consequi
3007 1408 3062 1456 ut
3079 1418 3167 1457 vos
3187 1406 3320 1457 deci-

1771 1490 1983 1554 piamini.
2048 1492 2116 1556 (4)
2131 1491 2340 1542 Fraudes
2357 1492 2520 1555 itaque
2537 1494 2638 1543 tam
2655 1494 2816 1557 turpes
2829 1494 2904 1545 his
2919 1492 3322 1558 machinantibus,

1770 1580 1926 1630 totam
1955 1592 2042 1631 vos
2059 1592 2162 1631 rem
2195 1580 2357 1631 doceri
2378 1581 2630 1642 convenit,
2663 1594 2761 1645 quo
2791 1594 2904 1645 vos,
2929 1583 3112 1633 nullam
3139 1585 3323 1647 partem

1754 1667 1841 1717 sei
1861 1668 2008 1731 gestae
2027 1668 2323 1732 ignorantes,
2345 1668 2429 1719 sed
2461 1670 2687 1718 cunctam
2721 1668 2870 1731 probe
2890 1670 3132 1732 tenentes,
3151 1670 3222 1719 sie
3237 1668 3324 1719 de·

1774 1766 1908 1803 mum
1925 1753 1987 1804 de
2011 1766 2070 1805 es
2091 1754 2420 1818 pronuntietis.
2486 1754 2666 1812 Quodsi
2693 1766 2806 1817 ergo
2827 1754 2908 1805 alii
2933 1754 3142 1819 cuipiam
3167 1766 3325 1806 causas

1774 1854 1987 1906 unquam
2004 1842 2218 1893 animum
2235 1842 2502 1907 adjecistis,
2522 1843 2667 1895 etiam
2699 1842 2812 1893 huic
2825 1882 2840 1907 ,
2859 1856 3048 1906 queso,
3067 1843 3324 1908 attendite,

1774 1943 1870 1993 qua
1886 1944 1976 1995 par
2003 1930 2150 1983 etiam
2171 1934 2263 1983 est.
2326 1934 2495 1983 Gansae
2519 1944 2797 1995 quanquam
2821 1931 2913 1981 hac
2929 1930 2981 1981 in
3010 1930 3130 1983 urbe
3159 1932 3328 1983 multas

1776 2020 2032 2083 agitantur,
2051 2020 2172 2070 nulii
2193 2021 2357 2071 tamen
2374 2032 2590 2083 unquam
2609 2019 2805 2070 fuerunt
2827 2020 2902 2073 his
2923 2019 3298 2084 impudentiores
3310 2057 3326 2083 ,

1776 2118 1936 2171 neque
1977 2106 2243 2159 evidentius
2274 2108 2428 2158 aliena
2461 2108 2552 2157 sibi
2582 2106 2709 2157 bona
2743 2106 2986 2158 vindicare
3016 2108 3326 2159 studuerunt.

1778 2194 1849 2260 (5)
1875 2195 2095 2247 Arduum
2115 2195 2310 2260 quidem
2335 2198 2434 2259 est,
2461 2195 2670 2259 jndices,
2710 2196 2954 2247 hominem
2989 2210 3106 2248 usus
3131 2196 3330 2249 rorensis

1776 2288 1971 2348 prol-sus
1986 2284 2264 2349 imperitum
2282 2284 2508 2335 adversus
2524 2286 2803 2348 apparatum
2821 2285 3152 2337 causationum
3175 2288 3226 2337 et
3248 2286 3328 2336 ad·

1778 2380 1948 2423 versus
1962 2373 2109 2423 testes
2127 2372 2246 2423 salsa
2269 2373 2552 2423 confirmare
2573 2374 2764 2436 paratos
2797 2373 2848 2423 in
2865 2375 3108 2425 certamen
3136 2373 3328 2425 descen-

1777 2459 1891 2511 dere
1916 2462 2286 2513 :verumtamen
2319 2459 2474 2511 multa
2499 2472 2671 2525 pascor
2700 2474 2785 2524 spe
2815 2462 2917 2511 sore
2943 2462 3001 2511 ut
3029 2474 3224 2527 requum
3249 2462 3331 2525 ius

1778 2560 1809 2598 ε
1829 2547 1967 2599 vohis
1985 2548 2226 2599 obtineam
2239 2586 2253 2615 ,
2277 2550 2422 2613 atque
2445 2548 2514 2599 sic
2548 2548 2706 2599 saltim
2739 2548 3050 2600 tolerabiliter
3084 2549 3241 2600 dicam
3275 2554 3328 2601 nt

1778 2648 1919 2700 sequa
1941 2637 1992 2688 et
2015 2650 2131 2688 vera
2147 2637 2322 2689 dixisse
2338 2636 2518 2699 videar,
2537 2636 2627 2687 nisi
2645 2638 2744 2688 tale
2759 2637 2880 2699 quid
2897 2636 3185 2690 interveniat
3199 2640 3333 2703 quod

1778 2742 1841 2779 ne
1854 2742 1986 2780 nunc
2001 2730 2190 2781 eveniat
2205 2732 2385 2781 metuo.
2455 2732 2755 2795 Quapropter
2773 2742 2860 2782 vos
2877 2744 3014 2796 rogo,
3037 2730 3250 2797 iudices,
3274 2733 3332 2784 ut

1780 2822 1906 2872 hanc
1927 2822 2192 2873 orationem
2224 2834 2382 2874 meam
2416 2822 2662 2875 benevolis
2679 2824 2875 2875 auribus
2891 2824 3132 2889 accipere,
3157 2827 3328 2891 atque,

1778 2914 1818 2964 si
1836 2914 1980 2965 laesus
2000 2914 2142 2966 misse
2164 2914 2299 2967 vobis
2313 2916 2443 2967 visus
2465 2916 2627 2977 mero,
2649 2916 2766 2967 mihi
2791 2916 2871 2980 ius
2895 2930 3060 2968 meum
3089 2918 3335 2971 vindicare

1778 3002 1954 3053 velitis.

1841 3096 1889 3140 σ.
1914 3090 2135 3141 Primum
2171 3093 2336 3155 itaque
2364 3090 2546 3143 docebo
2575 3090 2694 3155 hoc,
2721 3094 2926 3143 matrem
2961 3106 3118 3145 meam
3149 3097 3334 3149 Gitonis

1780 3171 1883 3209 oese
1899 3160 2163 3223 legitimam
2183 3161 2334 3210 tiliam
2349 3197 2364 3224 ,
2389 3163 2564 3224 partim
2584 3162 2761 3211 samam
2783 3176 2943 3213 rerum
2963 3167 3125 3215 nostra
3155 3180 3335 3219 memo-

1778 3228 1851 3279 ria
1866 3230 2197 3293 antiquiorum
2227 3230 2476 3293 allegando
2491 3232 2792 3282 sermonibus
2815 3232 3066 3283 bominum
3097 3238 3242 3300 atque
3264 3241 3334 3289 te·

1778 3299 1926 3349 stium
1947 3300 2346 3352 affirmationibus
2369 3301 2597 3352 traditam
2609 3317 2625 3366 ς
2659 3303 2834 3365 partim
2865 3307 3012 3359 testes
3027 3306 3334 3372 producendo

1777 3382 1942 3419 rerum
1972 3384 2136 3421 earum
2149 3408 2164 3433 ,
2187 3384 2299 3435 quae
2316 3370 2474 3423 adhuc
2493 3373 2646 3423 teneri
2665 3374 2897 3425 memoria
2915 3382 3118 3441 queant,
3143 3392 3332 3443 guaros,

1780 3446 1829 3495 et
1848 3446 1934 3509 qui
1951 3445 2009 3497 iis
2025 3446 2141 3497 dum
2165 3449 2442 3509 gererentur
2467 3446 2727 3499 interfuere
2743 3466 2759 3511 ;
2780 3452 3013 3513 proeterea
3030 3467 3224 3517 quoque
3242 3454 3335 3505 col·

1778 3514 1968 3577 ligendo
1993 3528 2057 3567 ex
2086 3517 2274 3567 indiciis
2303 3530 2513 3581 quorum
2535 3518 2653 3569 tides
2687 3520 2789 3582 ipsa
2811 3520 3010 3571 testium
3031 3522 3128 3575 tide
3157 3528 3228 3575 est
3245 3539 3333 3587 pu-

1778 3586 1901 3637 tior:
1923 3600 2034 3649 quae
2049 3588 2212 3639 omnia
2229 3587 2312 3638 ubi
2325 3590 2468 3653 plana
2491 3588 2670 3640 dedero
2680 3622 2698 3652 ,
2719 3594 2828 3641 tum
2839 3592 3066 3643 accedam
3082 3594 3144 3645 ad
3157 3596 3334 3646 docen-

1778 3658 1895 3711 dum
1914 3660 2236 3713 hereditatem
2253 3664 2438 3715 Gitonis
2454 3664 2571 3715 mihi
2585 3667 2736 3727 magis
2751 3680 2898 3729 quam
2916 3668 3032 3719 huie
3048 3674 3334 3733 competere.

1780 3732 1920 3783 Unde
1938 3732 2083 3795 igitur
2105 3734 2176 3783 illi
2187 3733 2566 3797 disputationem
2583 3736 2674 3785 bac
2691 3734 2752 3786 de
2765 3750 2908 3789 causa
2921 3740 3010 3803 ipsi
3027 3742 3186 3791 exorsi
3203 3748 3334 3803 sunt,

1779 3805 1909 3856 illinc
1932 3820 2018 3869 ego
2036 3820 2228 3871 quoque
2243 3806 2530 3872 principium
2559 3808 2732 3859 faciam
2757 3822 2840 3861 vos
2857 3812 2897 3861 si
2922 3814 3090 3875 potero
3115 3815 3333 3867 docendi.

1845 3884 1894 3933 7.
1921 3885 2055 3931 Avus
2079 3894 2252 3944 nempe
2265 3895 2432 3945 meus,
2455 3895 2486 3932 o
2511 3882 2718 3945 jndices,
2740 3884 2886 3935 Giron
2907 3886 3067 3937 aviam
3087 3889 3138 3937 in
3164 3890 3334 3939 matri-

1781 3969 1998 4018 monium
2025 3966 2191 4032 duxit,
2217 3968 2547 4019 consobrinam
2566 3982 2730 4033 suam,
2755 3984 2784 4021 e
2799 3984 2960 4023 sorore
2977 3976 3144 4025 matris
3165 3975 3330 4041 tiliam,

1782 4068 1891 4119 quae
1915 4068 2012 4107 non
2036 4057 2190 4107 multo
2208 4058 2316 4120 post
2331 4094 2348 4119 ,
2372 4070 2522 4121 quum
2541 4060 2748 4109 matrem
2775 4072 2933 4111 meam
2952 4060 3020 4111 illi
3047 4064 3332 4127 peperisset,

1780 4158 1907 4195 anno
1945 4144 2099 4195 aetatis
2121 4144 2363 4207 trigesimo
2399 4144 2536 4209 [post
2563 4148 2846 4199 triennium
2868 4152 2923 4199 in
2956 4150 3189 4214 conjuqe'o
3215 4166 3336 4203 exa-

1782 4234 1924 4284 ctum
1940 4232 2002 4296 1²]
2025 4231 2148 4282 vivis
2182 4232 2388 4283 excessit
2411 4256 2422 4286 ι
2468 4244 2589 4283 avus
2618 4234 2810 4299 itaque,
2835 4238 2914 4286 cui
2938 4241 3112 4300 praeter
3145 4240 3334 4290 unicam

1782 4318 1914 4369 illam
1941 4318 2086 4369 tiliam
2105 4318 2184 4369 alii
2197 4318 2318 4369 nulli
2335 4318 2470 4371 liberi
2497 4324 2679 4385 essent,
2699 4322 2870 4375 deinde
2886 4324 3028 4375 duxit
3045 4324 3221 4377 Dioclis
3239 4328 3334 4379 hu-

1779 4405 1860 4470 ius
1888 4420 2130 4471 sororem,
2154 4408 2285 4459 unde
2313 4407 2412 4460 duo
2440 4422 2598 4460 mares
2626 4411 2714 4474 ipsi
2738 4412 2838 4463 nati
2869 4416 2996 4465 sunt.
3063 4414 3164 4467 Sub
3194 4416 3337 4479 hujus

1784 4494 1937 4547 oculis
1953 4508 2073 4547 avus
2103 4496 2250 4547 tiliam
2267 4509 2402 4548 suam
2435 4496 2658 4549 educavit
2679 4510 2774 4547 una
2801 4512 2913 4549 cum
2945 4501 3156 4551 maribus
3173 4516 3229 4552 ex
3259 4515 3336 4553 sc-

1784 4582 1943 4635 cunda
1971 4596 2126 4636 uxore
2151 4585 2309 4637 natis:
2376 4584 2445 4649 (8)
2477 4586 2528 4636 et
2549 4584 2610 4635 ad
2637 4586 2824 4637 nubiles
2856 4600 3007 4638 annos
3028 4591 3303 4651 provectam
3319 4628 3334 4653 ,

1784 4672 2114 4736 superstitibus
2129 4672 2287 4723 adhuc
2303 4673 2408 4736 eius
2429 4674 2654 4725 fratribus
2664 4710 2677 4735 ,
2693 4676 2900 4725 elocavit
2915 4678 3192 4729 Nausimeni
3216 4679 3337 4729 Gho-

1785 4760 1988 4825 largensi
2021 4774 2133 4812 cum
2171 4762 2284 4814 dote
2316 4762 2482 4826 viginti
2519 4762 2735 4826 quinque
2777 4766 3041 4828 minarum,
3075 4766 3248 4829 partim
3287 4768 3338 4817 in

1785 4851 2037 4899 numerata
2056 4851 2257 4913 pecunia
2277 4851 2449 4914 partim
2473 4851 2522 4901 in
2539 4854 2672 4901 veste
2690 4849 2911 4903 muliebri
2929 4853 2978 4902 et
2995 4854 3176 4903 mundo
3191 4866 3338 4903 aureo

1787 4937 1990 4999 pecunia
2006 4937 2260 4987 aestimato.
2325 4938 2551 4989 Triennio
2572 4940 2658 4988 aut
2673 4938 2984 5001 quadriennio
3006 4941 3114 5002 post
3133 4940 3338 4991 moritur

1786 5024 2096 5076 Nausimenes
2112 5039 2140 5075 e
2155 5025 2344 5088 morbo,
2363 5026 2545 5077 nullam
2555 5028 2736 5090 prolem
2759 5040 2821 5077 ex
2837 5028 2990 5077 matre
3006 5028 3167 5076 nostra
3188 5027 3335 5077 relin-

1787 5122 1940 5174 quens
1975 5130 1988 5160 ι
2022 5123 2144 5162 avus
2168 5110 2313 5162 tiliam
2335 5126 2486 5176 quum
2517 5114 2568 5164 in
2593 5126 2728 5163 suam
2751 5114 2948 5164 domum
2967 5114 3228 5177 retulisset,
3250 5128 3336 5165 ne-

1787 5212 1885 5262 que
1900 5198 2066 5250 dotem
2083 5202 2408 5264 recuperasset
2425 5200 2488 5252 ob
2504 5196 2732 5252 amictum
2760 5202 3058 5252 Nausimenis
3079 5214 3182 5251 rem
3201 5201 3336 5252 sami-

1787 5287 1958 5337 liarem
1973 5324 1990 5351 ,
2017 5301 2180 5339 rursus
2197 5288 2353 5340 elocat
2371 5302 2478 5339 meo
2499 5290 2622 5353 patri
2656 5302 2768 5339 cum
2786 5288 2900 5339 dote
2918 5289 3054 5341 mille
3080 5288 3336 5341 drachma-

1790 5386 1915 5427 rum.
1978 5376 2048 5441 (9)
2070 5378 2365 5441 meritaque
2384 5376 2545 5428 omnia
2567 5378 2606 5428 si
2629 5377 2737 5441 quis
2757 5377 2957 5428 istorum
2981 5376 3334 5431 causationibus

2938 5487 2996 5524 ιο.
