<?xml version="1.0" encoding="UTF-8"?>
<!DOCTYPE html PUBLIC "-//W3C//DTD XHTML 1.0 Transitional//EN"
    "http://www.w3.org/TR/xhtml1/DTD/xhtml1-transitional.dtd">
<html xmlns="http://www.w3.org/1999/xhtml" xml:lang="en" lang="en">
 <head>
  <title>
</title>
<meta http-equiv="Content-Type" content="text/html;charset=utf-8" />
  <meta name='ocr-system' content='tesseract 3.04.00' />
  <meta name='ocr-capabilities' content='ocr_page ocr_carea ocr_par ocr_line ocrx_word'/>
</head>
<body>
  <div class='ocr_page' id='page_1' title='image "./oratoresatticia03unkngoog/oratoresatticia03unkngoog_0538.png"; bbox 0 0 3825 5842; ppageno 0'>
   <div class='ocr_carea' id='block_1_1' title="bbox 1215 456 2706 523">
    <p class='ocr_par' dir='ltr' id='par_1_1' title="bbox 1215 456 2706 523">
     <span class='ocr_line' id='line_1_1' title="bbox 1215 456 2706 523; baseline -0.003 0"><span class='ocrx_word' id='word_1_1' title='bbox 1215 457 1705 523; x_wconf 81' lang='grc' dir='ltr'><strong>ΙΣΟΚΡΑΤΟΥΣ</strong></span> <span class='ocrx_word' id='word_1_2' title='bbox 1746 459 1797 519; x_wconf 88' lang='grc' dir='ltr'>Ο</span> <span class='ocrx_word' id='word_1_3' title='bbox 1841 456 2053 518; x_wconf 76' lang='grc' dir='ltr'>ΚΑΤΑ</span> <span class='ocrx_word' id='word_1_4' title='bbox 2090 456 2249 518; x_wconf 82' lang='grc' dir='ltr'><strong>ΤΩΝ</strong></span> <span class='ocrx_word' id='word_1_5' title='bbox 2290 457 2706 520; x_wconf 81' lang='grc' dir='ltr'><strong>ΣΟΦΙΣΤΩΝ.</strong></span> 
     </span>
    </p>
   </div>
   <div class='ocr_carea' id='block_1_2' title="bbox 299 581 3595 1025">
    <p class='ocr_par' dir='ltr' id='par_1_2' title="bbox 299 581 3595 1025">
     <span class='ocr_line' id='line_1_2' title="bbox 362 581 3583 677; baseline 0 -28"><span class='ocrx_word' id='word_1_6' title='bbox 362 617 574 677; x_wconf 69' lang='grc' dir='ltr'>γαπον,</span> <span class='ocrx_word' id='word_1_7' title='bbox 621 589 760 652; x_wconf 71' lang='grc' dir='ltr'>ἀλλὰ</span> <span class='ocrx_word' id='word_1_8' title='bbox 793 591 1020 662; x_wconf 74' lang='grc' dir='ltr'>πονῆσαι</span> <span class='ocrx_word' id='word_1_9' title='bbox 1063 585 1246 668; x_wconf 78' lang='grc' dir='ltr'>μικρὸν</span> <span class='ocrx_word' id='word_1_10' title='bbox 1287 584 1474 667; x_wconf 85' lang='grc' dir='ltr'>χρόνον</span> <span class='ocrx_word' id='word_1_11' title='bbox 1501 583 1594 644; x_wconf 75' lang='grc' dir='ltr'><strong>καὶ</strong></span> <span class='ocrx_word' id='word_1_12' title='bbox 1640 581 1924 666; x_wconf 75' lang='grc' dir='ltr'>προσέχειν</span> <span class='ocrx_word' id='word_1_13' title='bbox 2020 588 2088 638; x_wconf 88' lang='lat' dir='ltr'><strong>ris</strong></span> <span class='ocrx_word' id='word_1_14' title='bbox 2108 587 2270 640; x_wconf 86' lang='lat' dir='ltr'><strong>labore</strong></span> <span class='ocrx_word' id='word_1_15' title='bbox 2300 591 2527 653; x_wconf 84' lang='lat' dir='ltr'><strong>suscepto</strong></span> <span class='ocrx_word' id='word_1_16' title='bbox 2542 590 2690 640; x_wconf 90' lang='lat' dir='ltr'><strong>etiam</strong></span> <span class='ocrx_word' id='word_1_17' title='bbox 2709 590 2905 654; x_wconf 83' lang='lat' dir='ltr'><strong>reliquis</strong></span> <span class='ocrx_word' id='word_1_18' title='bbox 2922 591 3227 644; x_wconf 72' lang='lat' dir='ltr'><strong>absolvendis</strong></span> <span class='ocrx_word' id='word_1_19' title='bbox 3248 595 3471 648; x_wconf 88' lang='lat' dir='ltr'><strong>animum</strong></span> <span class='ocrx_word' id='word_1_20' title='bbox 3502 599 3583 648; x_wconf 79' lang='lat' dir='ltr'><strong>ad-</strong></span> 
     </span>
     <span class='ocr_line' id='line_1_3' title="bbox 367 671 3593 757; baseline -0.002 -15"><span class='ocrx_word' id='word_1_21' title='bbox 367 689 476 752; x_wconf 82' lang='grc' dir='ltr'>τοῒς</span> <span class='ocrx_word' id='word_1_22' title='bbox 500 684 700 748; x_wconf 75' lang='grc' dir='ltr'>λοιποῖς</span> <span class='ocrx_word' id='word_1_23' title='bbox 727 678 815 739; x_wconf 76' lang='grc' dir='ltr'><strong>τὸν</strong></span> <span class='ocrx_word' id='word_1_24' title='bbox 840 683 982 739; x_wconf 78' lang='grc' dir='ltr'>νοῦν.</span> <span class='ocrx_word' id='word_1_25' title='bbox 1068 672 1187 756; x_wconf 73' lang='lat' dir='ltr'><strong>(aas)</strong></span> <span class='ocrx_word' id='word_1_26' title='bbox 1212 677 1337 757; x_wconf 84' lang='grc' dir='ltr'>Οὐχ</span> <span class='ocrx_word' id='word_1_27' title='bbox 1359 672 1550 752; x_wconf 79' lang='grc' dir='ltr'>ὁμοίοις</span> <span class='ocrx_word' id='word_1_28' title='bbox 1572 671 1628 732; x_wconf 71' lang='grc' dir='ltr'>δὲ</span> <span class='ocrx_word' id='word_1_29' title='bbox 1646 671 1935 748; x_wconf 85' lang='grc' dir='ltr'>διελέγοντο</span> <span class='ocrx_word' id='word_1_30' title='bbox 2021 676 2237 739; x_wconf 77' lang='lat' dir='ltr'><strong>iicerem.</strong></span> <span class='ocrx_word' id='word_1_31' title='bbox 2300 677 2434 742; x_wconf 73' lang='lat'>(2⁶9)</span> <span class='ocrx_word' id='word_1_32' title='bbox 2456 681 2625 742; x_wconf 78' lang='lat' dir='ltr'><strong>Neque</strong></span> <span class='ocrx_word' id='word_1_33' title='bbox 2643 691 2758 730; x_wconf 84' lang='lat' dir='ltr'><strong>vero</strong></span> <span class='ocrx_word' id='word_1_34' title='bbox 2780 679 2846 729; x_wconf 88' lang='lat' dir='ltr'><strong>ita</strong></span> <span class='ocrx_word' id='word_1_35' title='bbox 2863 679 3200 745; x_wconf 75' lang='lat' dir='ltr'><strong>loquebantur,</strong></span> <span class='ocrx_word' id='word_1_36' title='bbox 3221 687 3280 733; x_wconf 90' lang='lat' dir='ltr'><strong>nt</strong></span> <span class='ocrx_word' id='word_1_37' title='bbox 3300 683 3593 748; x_wconf 69' lang='lat' dir='ltr'><strong>defungendi</strong></span> 
     </span>
     <span class='ocr_line' id='line_1_4' title="bbox 366 763 3591 853; baseline -0.002 -23"><span class='ocrx_word' id='word_1_38' title='bbox 366 770 490 853; x_wconf 80' lang='grc' dir='ltr'>περὶ</span> <span class='ocrx_word' id='word_1_39' title='bbox 515 766 711 830; x_wconf 87' lang='grc' dir='ltr'>τούτων</span> <span class='ocrx_word' id='word_1_40' title='bbox 739 771 846 836; x_wconf 84' lang='grc' dir='ltr'>τοῖς</span> <span class='ocrx_word' id='word_1_41' title='bbox 874 763 1291 848; x_wconf 72' lang='grc' dir='ltr'>ἀφοσιουμένοις,</span> <span class='ocrx_word' id='word_1_42' title='bbox 1323 764 1444 822; x_wconf 86' lang='grc' dir='ltr'>ἀλλ’</span> <span class='ocrx_word' id='word_1_43' title='bbox 1470 765 1959 842; x_wconf 55' lang='grc' dir='ltr'>ὑπερεπαινοῦντες</span> <span class='ocrx_word' id='word_1_44' title='bbox 2018 777 2165 816; x_wconf 84' lang='lat' dir='ltr'><strong>causa</strong></span> <span class='ocrx_word' id='word_1_45' title='bbox 2198 765 2252 816; x_wconf 87' lang='lat' dir='ltr'><strong>id</strong></span> <span class='ocrx_word' id='word_1_46' title='bbox 2283 767 2519 828; x_wconf 79' lang='lat' dir='ltr'><strong>facerent,</strong></span> <span class='ocrx_word' id='word_1_47' title='bbox 2538 766 2625 817; x_wconf 85' lang='lat' dir='ltr'><strong>sed</strong></span> <span class='ocrx_word' id='word_1_48' title='bbox 2642 772 2693 817; x_wconf 91' lang='lat' dir='ltr'><strong>et</strong></span> <span class='ocrx_word' id='word_1_49' title='bbox 2712 781 2823 832; x_wconf 70' lang='lat' dir='ltr'><strong>quae</strong></span> <span class='ocrx_word' id='word_1_50' title='bbox 2854 769 3139 833; x_wconf 70' lang='lat' dir='ltr'><strong>scripseram</strong></span> <span class='ocrx_word' id='word_1_51' title='bbox 3172 771 3402 824; x_wconf 84' lang='lat' dir='ltr'><strong>laudibus</strong></span> <span class='ocrx_word' id='word_1_52' title='bbox 3428 775 3591 826; x_wconf 74' lang='lat' dir='ltr'><strong>effere·</strong></span> 
     </span>
     <span class='ocr_line' id='line_1_5' title="bbox 369 841 3585 939; baseline -0.005 -20"><span class='ocrx_word' id='word_1_53' title='bbox 369 856 463 938; x_wconf 68' lang='grc' dir='ltr'><strong>μὲν</strong></span> <span class='ocrx_word' id='word_1_54' title='bbox 490 857 559 917; x_wconf 75' lang='grc' dir='ltr'><strong>τὰ</strong></span> <span class='ocrx_word' id='word_1_55' title='bbox 593 853 937 939; x_wconf 74' lang='grc' dir='ltr'>γεγραμμένα</span> <span class='ocrx_word' id='word_1_56' title='bbox 953 898 970 926; x_wconf 89' lang='grc'>,</span> <span class='ocrx_word' id='word_1_57' title='bbox 996 857 1214 914; x_wconf 79' lang='grc' dir='ltr'>τοιαῦτα</span> <span class='ocrx_word' id='word_1_58' title='bbox 1251 849 1306 911; x_wconf 82' lang='grc' dir='ltr'>δὲ</span> <span class='ocrx_word' id='word_1_59' title='bbox 1341 851 1601 931; x_wconf 83' lang='grc' dir='ltr'>λέγοντες,</span> <span class='ocrx_word' id='word_1_60' title='bbox 1629 841 1702 909; x_wconf 69' lang='grc' dir='ltr'><strong>ὧν</strong></span> <span class='ocrx_word' id='word_1_61' title='bbox 1729 848 1778 907; x_wconf 76' lang='grc' dir='ltr'><strong>εί</strong></span> <span class='ocrx_word' id='word_1_62' title='bbox 1799 870 1934 914; x_wconf 88' lang='grc' dir='ltr'>τινες</span> <span class='ocrx_word' id='word_1_63' title='bbox 1962 863 1999 905; x_wconf 83' lang='lat' dir='ltr'><strong>c</strong></span> <span class='ocrx_word' id='word_1_64' title='bbox 2022 852 2140 904; x_wconf 81' lang='lat' dir='ltr'><strong>baut</strong></span> <span class='ocrx_word' id='word_1_65' title='bbox 2160 859 2211 904; x_wconf 90' lang='lat' dir='ltr'><strong>et</strong></span> <span class='ocrx_word' id='word_1_66' title='bbox 2230 867 2289 904; x_wconf 87' lang='lat' dir='ltr'><strong>ea</strong></span> <span class='ocrx_word' id='word_1_67' title='bbox 2326 849 2709 920; x_wconf 76' lang='lat' dir='ltr'><strong>dicebant,&#39;quae</strong></span> <span class='ocrx_word' id='word_1_68' title='bbox 2726 856 2769 906; x_wconf 92' lang='lat' dir='ltr'><strong>si</strong></span> <span class='ocrx_word' id='word_1_69' title='bbox 2790 855 2875 920; x_wconf 88' lang='lat' dir='ltr'><strong>qui</strong></span> <span class='ocrx_word' id='word_1_70' title='bbox 2892 857 3191 910; x_wconf 70' lang='lat' dir='ltr'><strong>audivissent</strong></span> <span class='ocrx_word' id='word_1_71' title='bbox 3206 873 3369 924; x_wconf 63' lang='lat' dir='ltr'><strong>mne</strong></span> <span class='ocrx_word' id='word_1_72' title='bbox 3392 861 3585 913; x_wconf 79' lang='lat' dir='ltr'><strong>familia.</strong></span> 
     </span>
     <span class='ocr_line' id='line_1_6' title="bbox 299 937 3595 1025; baseline -0.001 -22"><span class='ocrx_word' id='word_1_73' title='bbox 299 965 325 1003; x_wconf 81' lang='lat' dir='ltr'><strong>a</strong></span> <span class='ocrx_word' id='word_1_74' title='bbox 363 947 554 1022; x_wconf 77' lang='grc' dir='ltr'>ἤκουον</span> <span class='ocrx_word' id='word_1_75' title='bbox 596 945 732 1025; x_wconf 81' lang='grc' dir='ltr'>μήτε</span> <span class='ocrx_word' id='word_1_76' title='bbox 772 941 1007 1014; x_wconf 82' lang='grc' dir='ltr'>συνήθεις</span> <span class='ocrx_word' id='word_1_77' title='bbox 1041 945 1170 1019; x_wconf 79' lang='grc' dir='ltr'>ἡμῖν</span> <span class='ocrx_word' id='word_1_78' title='bbox 1197 939 1339 1006; x_wconf 80' lang='grc' dir='ltr'>ὄντες</span> <span class='ocrx_word' id='word_1_79' title='bbox 1367 938 1493 1017; x_wconf 83' lang='grc' dir='ltr'>μήτ’</span> <span class='ocrx_word' id='word_1_80' title='bbox 1521 937 1724 998; x_wconf 82' lang='grc' dir='ltr'>εὔνοιαν</span> <span class='ocrx_word' id='word_1_81' title='bbox 1765 937 1930 1015; x_wconf 83' lang='grc' dir='ltr'>μηδε·</span> <span class='ocrx_word' id='word_1_82' title='bbox 2018 941 2157 992; x_wconf 86' lang='lat' dir='ltr'><strong>ritate</strong></span> <span class='ocrx_word' id='word_1_83' title='bbox 2188 955 2345 1008; x_wconf 82' lang='lat' dir='ltr'><strong>neque</strong></span> <span class='ocrx_word' id='word_1_84' title='bbox 2384 942 2720 993; x_wconf 74' lang='lat' dir='ltr'><strong>benevolentia</strong></span> <span class='ocrx_word' id='word_1_85' title='bbox 2751 944 3003 996; x_wconf 85' lang='lat' dir='ltr'><strong>nobiscum</strong></span> <span class='ocrx_word' id='word_1_86' title='bbox 3042 947 3316 1011; x_wconf 85' lang='lat' dir='ltr'><strong>conjuncti,</strong></span> <span class='ocrx_word' id='word_1_87' title='bbox 3354 949 3463 1000; x_wconf 80' lang='lat' dir='ltr'><strong>fieri</strong></span> <span class='ocrx_word' id='word_1_88' title='bbox 3500 965 3595 1000; x_wconf 87' lang='lat' dir='ltr'><strong>non</strong></span> 
     </span>
    </p>
   </div>
   <div class='ocr_carea' id='block_1_3' title="bbox 367 1022 1932 1115">
    <p class='ocr_par' dir='ltr' id='par_1_3' title="bbox 367 1022 1932 1115">
     <span class='ocr_line' id='line_1_7' title="bbox 367 1022 1932 1115; baseline -0.008 -21"><span class='ocrx_word' id='word_1_89' title='bbox 367 1034 494 1115; x_wconf 89' lang='grc' dir='ltr'>μίαν</span> <span class='ocrx_word' id='word_1_90' title='bbox 541 1032 778 1113; x_wconf 76' lang='grc' dir='ltr'>ἔχοντες,</span> <span class='ocrx_word' id='word_1_91' title='bbox 823 1032 920 1090; x_wconf 81' lang='grc' dir='ltr'><strong>οὐκ</strong></span> <span class='ocrx_word' id='word_1_92' title='bbox 959 1027 1100 1089; x_wconf 84' lang='grc' dir='ltr'>ἔστιν</span> <span class='ocrx_word' id='word_1_93' title='bbox 1137 1025 1276 1094; x_wconf 79' lang='grc' dir='ltr'>ὅπως</span> <span class='ocrx_word' id='word_1_94' title='bbox 1303 1027 1399 1087; x_wconf 80' lang='grc' dir='ltr'><strong>οὔκ</strong></span> <span class='ocrx_word' id='word_1_95' title='bbox 1429 1024 1495 1086; x_wconf 76' lang='grc' dir='ltr'><strong>ἂν</strong></span> <span class='ocrx_word' id='word_1_96' title='bbox 1523 1023 1786 1084; x_wconf 77' lang='grc' dir='ltr'>ὕπέλαὸον</span> <span class='ocrx_word' id='word_1_97' title='bbox 1814 1022 1932 1092; x_wconf 76' lang='grc' dir='ltr'>τοὺς</span> 
     </span>
    </p>
   </div>
   <div class='ocr_carea' id='block_1_4' title="bbox 2023 1031 3597 1094">
    <p class='ocr_par' dir='ltr' id='par_1_4' title="bbox 2023 1031 3597 1094">
     <span class='ocr_line' id='line_1_8' title="bbox 2023 1031 3597 1094; baseline 0.006 -13"><span class='ocrx_word' id='word_1_98' title='bbox 2023 1032 2262 1094; x_wconf 86' lang='lat' dir='ltr'><strong>potuisset</strong></span> <span class='ocrx_word' id='word_1_99' title='bbox 2276 1068 2292 1093; x_wconf 93' lang='lat'><strong>,</strong></span> <span class='ocrx_word' id='word_1_100' title='bbox 2316 1031 2435 1094; x_wconf 85' lang='lat' dir='ltr'><strong>quin</strong></span> <span class='ocrx_word' id='word_1_101' title='bbox 2456 1031 2811 1084; x_wconf 73' lang='lat' dir='ltr'><strong>existimassent</strong></span> <span class='ocrx_word' id='word_1_102' title='bbox 2836 1037 2888 1084; x_wconf 87' lang='lat' dir='ltr'><strong>et</strong></span> <span class='ocrx_word' id='word_1_103' title='bbox 2907 1033 3016 1085; x_wconf 80' lang='lat' dir='ltr'><strong>illos</strong></span> <span class='ocrx_word' id='word_1_104' title='bbox 3038 1034 3203 1085; x_wconf 75' lang='lat' dir='ltr'><strong>fucum</strong></span> <span class='ocrx_word' id='word_1_105' title='bbox 3224 1037 3343 1086; x_wconf 85' lang='lat' dir='ltr'><strong>mihi</strong></span> <span class='ocrx_word' id='word_1_106' title='bbox 3364 1037 3527 1090; x_wconf 70' lang='lat' dir='ltr'><strong>tanae</strong></span> <span class='ocrx_word' id='word_1_107' title='bbox 3550 1045 3597 1090; x_wconf 84' lang='lat' dir='ltr'><strong>et</strong></span> 
     </span>
    </p>
   </div>
   <div class='ocr_carea' id='block_1_5' title="bbox 291 1111 3604 1637">
    <p class='ocr_par' dir='ltr' id='par_1_5' title="bbox 291 1111 3604 1637">
     <span class='ocr_line' id='line_1_9' title="bbox 367 1111 3596 1204; baseline -0.001 -23"><span class='ocrx_word' id='word_1_108' title='bbox 367 1121 464 1200; x_wconf 74' lang='grc' dir='ltr'><strong>μὲν</strong></span> <span class='ocrx_word' id='word_1_109' title='bbox 509 1118 822 1204; x_wconf 67' lang='grc' dir='ltr'>φενακίζειν,</span> <span class='ocrx_word' id='word_1_110' title='bbox 871 1116 967 1195; x_wconf 70' lang='grc' dir='ltr'><strong>ἐμὲ</strong></span> <span class='ocrx_word' id='word_1_111' title='bbox 1012 1115 1067 1176; x_wconf 75' lang='grc' dir='ltr'>δὲ</span> <span class='ocrx_word' id='word_1_112' title='bbox 1115 1113 1418 1198; x_wconf 74' lang='grc' dir='ltr'>διεφθάρθαι</span> <span class='ocrx_word' id='word_1_113' title='bbox 1461 1112 1553 1172; x_wconf 75' lang='grc' dir='ltr'><strong>καὶ</strong></span> <span class='ocrx_word' id='word_1_114' title='bbox 1593 1111 1932 1172; x_wconf 80' lang='grc' dir='ltr'>παντάπασιν</span> <span class='ocrx_word' id='word_1_115' title='bbox 2020 1131 2101 1168; x_wconf 86' lang='lat' dir='ltr'><strong>me</strong></span> <span class='ocrx_word' id='word_1_116' title='bbox 2122 1131 2281 1169; x_wconf 88' lang='lat' dir='ltr'><strong>errore</strong></span> <span class='ocrx_word' id='word_1_117' title='bbox 2302 1119 2477 1170; x_wconf 84' lang='lat' dir='ltr'><strong>mentis</strong></span> <span class='ocrx_word' id='word_1_118' title='bbox 2502 1119 2626 1169; x_wconf 80' lang='lat' dir='ltr'><strong>affici</strong></span> <span class='ocrx_word' id='word_1_119' title='bbox 2642 1123 2695 1170; x_wconf 88' lang='lat' dir='ltr'><strong>et</strong></span> <span class='ocrx_word' id='word_1_120' title='bbox 2724 1121 2823 1172; x_wconf 77' lang='lat' dir='ltr'><strong>rore</strong></span> <span class='ocrx_word' id='word_1_121' title='bbox 2856 1122 3086 1184; x_wconf 87' lang='lat' dir='ltr'><strong>stultum,</strong></span> <span class='ocrx_word' id='word_1_122' title='bbox 3126 1125 3170 1174; x_wconf 88' lang='lat' dir='ltr'><strong>si</strong></span> <span class='ocrx_word' id='word_1_123' title='bbox 3213 1125 3377 1176; x_wconf 79' lang='lat' dir='ltr'><strong>verbis</strong></span> <span class='ocrx_word' id='word_1_124' title='bbox 3428 1140 3596 1177; x_wconf 83' lang='lat' dir='ltr'><strong>eorum</strong></span> 
     </span>
     <span class='ocr_line' id='line_1_10' title="bbox 367 1199 3599 1288; baseline 0.001 -25"><span class='ocrx_word' id='word_1_125' title='bbox 367 1199 500 1268; x_wconf 70' lang='grc' dir='ltr'>εἶναι</span> <span class='ocrx_word' id='word_1_126' title='bbox 529 1206 725 1288; x_wconf 77' lang='grc' dir='ltr'>μωρόν,</span> <span class='ocrx_word' id='word_1_127' title='bbox 759 1207 805 1265; x_wconf 77' lang='grc' dir='ltr'><strong>εἰ</strong></span> <span class='ocrx_word' id='word_1_128' title='bbox 826 1204 1080 1283; x_wconf 88' lang='grc' dir='ltr'>πείσομαι</span> <span class='ocrx_word' id='word_1_129' title='bbox 1105 1206 1213 1270; x_wconf 84' lang='grc' dir='ltr'>τοῖς</span> <span class='ocrx_word' id='word_1_130' title='bbox 1233 1200 1546 1282; x_wconf 77' lang='grc' dir='ltr'>λεγομένοις.</span> <span class='ocrx_word' id='word_1_131' title='bbox 1629 1203 1744 1280; x_wconf 76' lang='lat'><strong>(270)</strong></span> <span class='ocrx_word' id='word_1_132' title='bbox 1775 1199 1934 1261; x_wconf 76' lang='grc' dir='ltr'>Οὕτω</span> <span class='ocrx_word' id='word_1_133' title='bbox 2020 1205 2165 1258; x_wconf 80' lang='lat' dir='ltr'><strong>fidem</strong></span> <span class='ocrx_word' id='word_1_134' title='bbox 2210 1205 2506 1258; x_wconf 73' lang='lat' dir='ltr'><strong>habuissem.</strong></span> <span class='ocrx_word' id='word_1_135' title='bbox 2580 1209 2710 1271; x_wconf 84' lang='lat'><strong>(270)</strong></span> <span class='ocrx_word' id='word_1_136' title='bbox 2747 1212 3033 1274; x_wconf 77' lang='lat' dir='ltr'><strong>Quanquam</strong></span> <span class='ocrx_word' id='word_1_137' title='bbox 3072 1215 3237 1262; x_wconf 85' lang='lat' dir='ltr'><strong>autem</strong></span> <span class='ocrx_word' id='word_1_138' title='bbox 3278 1215 3351 1263; x_wconf 88' lang='lat' dir='ltr'><strong>sic</strong></span> <span class='ocrx_word' id='word_1_139' title='bbox 3388 1215 3599 1266; x_wconf 74' lang='lat' dir='ltr'><strong>affectus</strong></span> 
     </span>
     <span class='ocr_line' id='line_1_11' title="bbox 369 1285 3600 1378; baseline -0 -22"><span class='ocrx_word' id='word_1_140' title='bbox 369 1299 416 1357; x_wconf 85' lang='grc' dir='ltr'>δ’</span> <span class='ocrx_word' id='word_1_141' title='bbox 444 1295 583 1377; x_wconf 79' lang='grc' dir='ltr'>έχων</span> <span class='ocrx_word' id='word_1_142' title='bbox 607 1293 690 1378; x_wconf 72' lang='grc' dir='ltr'><strong>ὶφ’</strong></span> <span class='ocrx_word' id='word_1_143' title='bbox 724 1285 801 1362; x_wconf 73' lang='grc' dir='ltr'><strong>οἷς</strong></span> <span class='ocrx_word' id='word_1_144' title='bbox 837 1295 1001 1352; x_wconf 78' lang='grc' dir='ltr'>εἰπεῖν</span> <span class='ocrx_word' id='word_1_145' title='bbox 1038 1291 1335 1369; x_wconf 77' lang='grc' dir='ltr'>ἐτόλμησαν</span> <span class='ocrx_word' id='word_1_146' title='bbox 1357 1289 1600 1360; x_wconf 80' lang='grc' dir='ltr'>ἐπείσθην</span> <span class='ocrx_word' id='word_1_147' title='bbox 1629 1288 1699 1366; x_wconf 87' lang='grc' dir='ltr'><strong>(τί</strong></span> <span class='ocrx_word' id='word_1_148' title='bbox 1725 1286 1827 1370; x_wconf 76' lang='grc' dir='ltr'><strong>γὰρ</strong></span> <span class='ocrx_word' id='word_1_149' title='bbox 1858 1288 1938 1346; x_wconf 84' lang='grc' dir='ltr'><strong>δεῖ</strong></span> <span class='ocrx_word' id='word_1_150' title='bbox 2022 1307 2177 1356; x_wconf 87' lang='lat' dir='ltr'><strong>eram,</strong></span> <span class='ocrx_word' id='word_1_151' title='bbox 2204 1295 2293 1357; x_wconf 85' lang='lat' dir='ltr'><strong>iis,</strong></span> <span class='ocrx_word' id='word_1_152' title='bbox 2320 1309 2433 1359; x_wconf 73' lang='lat' dir='ltr'><strong>quae</strong></span> <span class='ocrx_word' id='word_1_153' title='bbox 2455 1295 2615 1346; x_wconf 81' lang='lat' dir='ltr'><strong>dicere</strong></span> <span class='ocrx_word' id='word_1_154' title='bbox 2631 1297 2737 1346; x_wconf 88' lang='lat' dir='ltr'><strong>ausi</strong></span> <span class='ocrx_word' id='word_1_155' title='bbox 2759 1300 2901 1360; x_wconf 86' lang='lat' dir='ltr'><strong>sunt,</strong></span> <span class='ocrx_word' id='word_1_156' title='bbox 2921 1299 3059 1362; x_wconf 88' lang='lat' dir='ltr'><strong>parui</strong></span> <span class='ocrx_word' id='word_1_157' title='bbox 3080 1298 3217 1362; x_wconf 87' lang='lat' dir='ltr'><strong>(quid</strong></span> <span class='ocrx_word' id='word_1_158' title='bbox 3246 1301 3383 1352; x_wconf 87' lang='lat' dir='ltr'><strong>enim</strong></span> <span class='ocrx_word' id='word_1_159' title='bbox 3410 1305 3600 1366; x_wconf 73' lang='lat' dir='ltr'><strong>prolixa</strong></span> 
     </span>
     <span class='ocr_line' id='line_1_12' title="bbox 291 1379 3601 1466; baseline -0 -23"><span class='ocrx_word' id='word_1_160' title='bbox 291 1410 341 1451; x_wconf 78' lang='grc' dir='ltr'><strong>ιο</strong></span> <span class='ocrx_word' id='word_1_161' title='bbox 369 1385 766 1466; x_wconf 66' lang='grc' dir='ltr'>μακρολογεῖνς)</span> <span class='ocrx_word' id='word_1_162' title='bbox 799 1380 1040 1460; x_wconf 86' lang='grc' dir='ltr'>γενέσθαι</span> <span class='ocrx_word' id='word_1_163' title='bbox 1067 1379 1196 1463; x_wconf 86' lang='grc' dir='ltr'>πρὸς</span> <span class='ocrx_word' id='word_1_164' title='bbox 1230 1384 1296 1456; x_wconf 79' lang='grc' dir='ltr'><strong>τῇ</strong></span> <span class='ocrx_word' id='word_1_165' title='bbox 1322 1383 1426 1438; x_wconf 89' lang='grc' dir='ltr'><strong>τῶν</strong></span> <span class='ocrx_word' id='word_1_166' title='bbox 1465 1379 1660 1437; x_wconf 81' lang='grc' dir='ltr'>λοιπῶν</span> <span class='ocrx_word' id='word_1_167' title='bbox 1686 1400 1936 1459; x_wconf 86' lang='grc' dir='ltr'>πραγμα-</span> <span class='ocrx_word' id='word_1_168' title='bbox 2022 1382 2239 1435; x_wconf 83' lang='lat' dir='ltr'><strong>oratione</strong></span> <span class='ocrx_word' id='word_1_169' title='bbox 2250 1396 2375 1446; x_wconf 87' lang='lat' dir='ltr'><strong>opus</strong></span> <span class='ocrx_word' id='word_1_170' title='bbox 2392 1382 2517 1448; x_wconf 68' lang='lat' dir='ltr'><strong>esti)</strong></span> <span class='ocrx_word' id='word_1_171' title='bbox 2536 1385 2591 1434; x_wconf 92' lang='grc' dir='ltr'><strong>ιιι</strong></span> <span class='ocrx_word' id='word_1_172' title='bbox 2606 1383 2666 1434; x_wconf 85' lang='lat' dir='ltr'><strong>ad</strong></span> <span class='ocrx_word' id='word_1_173' title='bbox 2681 1397 2787 1434; x_wconf 86' lang='lat' dir='ltr'><strong>eam</strong></span> <span class='ocrx_word' id='word_1_174' title='bbox 2804 1393 2985 1448; x_wconf 81' lang='lat' dir='ltr'><strong>partem</strong></span> <span class='ocrx_word' id='word_1_175' title='bbox 3002 1388 3373 1453; x_wconf 49' lang='lat' dir='ltr'><strong>orationisque</strong></span> <span class='ocrx_word' id='word_1_176' title='bbox 3386 1391 3601 1454; x_wconf 64' lang='lat' dir='ltr'><strong>deessa,</strong></span> 
     </span>
     <span class='ocr_line' id='line_1_13' title="bbox 366 1465 3603 1556; baseline 0.003 -35"><span class='ocrx_word' id='word_1_177' title='bbox 366 1473 482 1556; x_wconf 48' lang='grc' dir='ltr'>«τίς</span> <span class='ocrx_word' id='word_1_178' title='bbox 521 1469 746 1552; x_wconf 68' lang='grc' dir='ltr'>γεγονὼς</span> <span class='ocrx_word' id='word_1_179' title='bbox 789 1468 884 1549; x_wconf 71' lang='grc' dir='ltr'><strong>μὲν</strong></span> <span class='ocrx_word' id='word_1_180' title='bbox 934 1467 1027 1541; x_wconf 77' lang='grc' dir='ltr'><strong>ἔτη</strong></span> <span class='ocrx_word' id='word_1_181' title='bbox 1081 1466 1204 1550; x_wconf 86' lang='grc' dir='ltr'>τρία</span> <span class='ocrx_word' id='word_1_182' title='bbox 1249 1467 1402 1546; x_wconf 84' lang='grc' dir='ltr'>μόνον</span> <span class='ocrx_word' id='word_1_183' title='bbox 1446 1465 1794 1526; x_wconf 76' lang='grc' dir='ltr'>ἀπολείποντα</span> <span class='ocrx_word' id='word_1_184' title='bbox 1831 1469 1937 1526; x_wconf 86' lang='grc' dir='ltr'><strong>τῶν</strong></span> <span class='ocrx_word' id='word_1_185' title='bbox 2026 1471 2239 1522; x_wconf 86' lang='lat' dir='ltr'><strong>animum</strong></span> <span class='ocrx_word' id='word_1_186' title='bbox 2254 1471 2561 1535; x_wconf 79' lang='lat' dir='ltr'><strong>applicarem,</strong></span> <span class='ocrx_word' id='word_1_187' title='bbox 2577 1486 2726 1537; x_wconf 85' lang='lat' dir='ltr'><strong>quum</strong></span> <span class='ocrx_word' id='word_1_188' title='bbox 2742 1473 2939 1537; x_wconf 89' lang='lat' dir='ltr'><strong>quidem</strong></span> <span class='ocrx_word' id='word_1_189' title='bbox 2956 1475 3160 1526; x_wconf 82' lang='lat' dir='ltr'><strong>triennio</strong></span> <span class='ocrx_word' id='word_1_190' title='bbox 3182 1479 3375 1528; x_wconf 86' lang='lat' dir='ltr'><strong>tantum</strong></span> <span class='ocrx_word' id='word_1_191' title='bbox 3393 1479 3603 1530; x_wconf 76' lang='lat' dir='ltr'><strong>abanm</strong></span> 
     </span>
     <span class='ocr_line' id='line_1_14' title="bbox 370 1538 3604 1637; baseline -0 -18"><span class='ocrx_word' id='word_1_192' title='bbox 370 1558 577 1637; x_wconf 76' lang='grc' dir='ltr'>ἑκατόν,</span> <span class='ocrx_word' id='word_1_193' title='bbox 630 1555 770 1618; x_wconf 75' lang='grc' dir='ltr'>οὕτω</span> <span class='ocrx_word' id='word_1_194' title='bbox 822 1555 881 1616; x_wconf 75' lang='grc' dir='ltr'>δὲ</span> <span class='ocrx_word' id='word_1_195' title='bbox 929 1554 1252 1634; x_wconf 79' lang='grc' dir='ltr'>διακείμενος</span> <span class='ocrx_word' id='word_1_196' title='bbox 1301 1557 1372 1622; x_wconf 83' lang='grc' dir='ltr'>ὥς</span> <span class='ocrx_word' id='word_1_197' title='bbox 1428 1551 1600 1636; x_wconf 74' lang='grc' dir='ltr'>ἔτερος</span> <span class='ocrx_word' id='word_1_198' title='bbox 1651 1552 1788 1632; x_wconf 76' lang='grc' dir='ltr'>ἔχων</span> <span class='ocrx_word' id='word_1_199' title='bbox 1839 1555 1940 1634; x_wconf 76' lang='grc' dir='ltr'><strong>οὐχ</strong></span> <span class='ocrx_word' id='word_1_200' title='bbox 1966 1538 2005 1603; x_wconf 82' lang='lat' dir='ltr'><strong>d</strong></span> <span class='ocrx_word' id='word_1_201' title='bbox 2026 1560 2183 1610; x_wconf 76' lang='lat' dir='ltr'><strong>aetatis</strong></span> <span class='ocrx_word' id='word_1_202' title='bbox 2214 1560 2482 1611; x_wconf 87' lang='lat' dir='ltr'><strong>centesimo</strong></span> <span class='ocrx_word' id='word_1_203' title='bbox 2512 1561 2731 1612; x_wconf 83' lang='lat' dir='ltr'><strong>abessem</strong></span> <span class='ocrx_word' id='word_1_204' title='bbox 2762 1566 2813 1611; x_wconf 90' lang='lat' dir='ltr'><strong>et</strong></span> <span class='ocrx_word' id='word_1_205' title='bbox 2846 1562 2919 1612; x_wconf 87' lang='lat' dir='ltr'><strong>sic</strong></span> <span class='ocrx_word' id='word_1_206' title='bbox 2952 1562 3129 1614; x_wconf 81' lang='lat' dir='ltr'><strong>afflicta</strong></span> <span class='ocrx_word' id='word_1_207' title='bbox 3158 1565 3468 1631; x_wconf 84' lang='lat' dir='ltr'><strong>valetudine,</strong></span> <span class='ocrx_word' id='word_1_208' title='bbox 3504 1584 3604 1632; x_wconf 83' lang='lat' dir='ltr'><strong>qua</strong></span> 
     </span>
    </p>
   </div>
   <div class='ocr_carea' id='block_1_6' title="bbox 291 1640 1941 2341">
    <p class='ocr_par' dir='ltr' id='par_1_6' title="bbox 291 1640 1941 2341">
     <span class='ocr_line' id='line_1_15' title="bbox 370 1640 1938 1730; baseline -0.006 -22"><span class='ocrx_word' id='word_1_209' title='bbox 370 1647 513 1716; x_wconf 75' lang='grc' dir='ltr'>ὅπως</span> <span class='ocrx_word' id='word_1_210' title='bbox 551 1647 768 1730; x_wconf 77' lang='grc' dir='ltr'>γράφειν</span> <span class='ocrx_word' id='word_1_211' title='bbox 803 1644 867 1706; x_wconf 76' lang='grc' dir='ltr'><strong>ἃν</strong></span> <span class='ocrx_word' id='word_1_212' title='bbox 901 1646 1053 1724; x_wconf 85' lang='grc' dir='ltr'>λόγον</span> <span class='ocrx_word' id='word_1_213' title='bbox 1099 1640 1463 1726; x_wconf 75' lang='grc' dir='ltr'>ἐπεχείρησεν,</span> <span class='ocrx_word' id='word_1_214' title='bbox 1522 1643 1640 1702; x_wconf 84' lang='grc' dir='ltr'>ἀλλ’</span> <span class='ocrx_word' id='word_1_215' title='bbox 1685 1643 1794 1702; x_wconf 83' lang='grc' dir='ltr'>οὐδ’</span> <span class='ocrx_word' id='word_1_216' title='bbox 1841 1643 1938 1700; x_wconf 77' lang='grc' dir='ltr'>ἄλ-</span> 
     </span>
     <span class='ocr_line' id='line_1_16' title="bbox 369 1729 1936 1812; baseline -0.004 -16"><span class='ocrx_word' id='word_1_217' title='bbox 369 1737 465 1796; x_wconf 91' lang='grc' dir='ltr'><strong>λου</strong></span> <span class='ocrx_word' id='word_1_218' title='bbox 493 1733 812 1803; x_wconf 79' lang='grc' dir='ltr'>δεικνύοντος</span> <span class='ocrx_word' id='word_1_219' title='bbox 833 1733 926 1794; x_wconf 81' lang='grc' dir='ltr'><strong>καὶ</strong></span> <span class='ocrx_word' id='word_1_220' title='bbox 951 1731 1272 1807; x_wconf 79' lang='grc' dir='ltr'>πονήσαντος</span> <span class='ocrx_word' id='word_1_221' title='bbox 1291 1729 1546 1805; x_wconf 81' lang='grc' dir='ltr'>ἠθέλησεν</span> <span class='ocrx_word' id='word_1_222' title='bbox 1571 1730 1830 1812; x_wconf 77' lang='grc' dir='ltr'>ἀκροατὴς</span> <span class='ocrx_word' id='word_1_223' title='bbox 1848 1753 1936 1809; x_wconf 81' lang='grc' dir='ltr'><strong>γε·</strong></span> 
     </span>
     <span class='ocr_line' id='line_1_17' title="bbox 293 1819 1937 1985; baseline -0.004 -13"><span class='ocrx_word' id='word_1_224' title='bbox 293 1845 342 1886; x_wconf 59' lang='lat'><strong>¹⁶</strong></span> <span class='ocrx_word' id='word_1_225' title='bbox 373 1819 567 1972; x_wconf 50' lang='grc' dir='ltr'>νέσὲτῖ.</span> <span class='ocrx_word' id='word_1_226' title='bbox 594 1909 751 1976; x_wconf 88' lang='grc' dir='ltr'>Τίνος</span> <span class='ocrx_word' id='word_1_227' title='bbox 777 1899 865 1970; x_wconf 71' lang='grc' dir='ltr'><strong>οῧν</strong></span> <span class='ocrx_word' id='word_1_228' title='bbox 895 1907 1049 1968; x_wconf 74' lang='grc' dir='ltr'>ἕνεκα</span> <span class='ocrx_word' id='word_1_229' title='bbox 1074 1913 1242 1969; x_wconf 73' lang='grc' dir='ltr'>ταῦτα</span> <span class='ocrx_word' id='word_1_230' title='bbox 1267 1908 1507 1980; x_wconf 78' lang='grc' dir='ltr'>διῆλθον;</span> <span class='ocrx_word' id='word_1_231' title='bbox 1539 1909 1597 1967; x_wconf 81' lang='grc' dir='ltr'><strong>οὗ</strong></span> <span class='ocrx_word' id='word_1_232' title='bbox 1627 1905 1937 1985; x_wconf 84' lang='grc' dir='ltr'>συγγνώμης</span> 
     </span>
     <span class='ocr_line' id='line_1_18' title="bbox 369 1993 1941 2164; baseline -0.001 -20"><span class='ocrx_word' id='word_1_233' title='bbox 369 2003 548 2144; x_wconf 60' lang='lat'><strong>{⁰²5}</strong></span> <span class='ocrx_word' id='word_1_234' title='bbox 567 1995 736 2145; x_wconf 53' lang='lat'><strong>3⁵12}</strong></span> <span class='ocrx_word' id='word_1_235' title='bbox 755 1995 1012 2164; x_wconf 53' lang='lat'><strong>{2235</strong></span> <span class='ocrx_word' id='word_1_236' title='bbox 1041 1994 1439 2158; x_wconf 48' lang='lat' dir='ltr'><strong>’‘ffffiffiffi</strong></span> <span class='ocrx_word' id='word_1_237' title='bbox 1455 1993 1941 2162; x_wconf 48' lang='lat' dir='ltr'><strong>{ifissffffl‘ssfffssss</strong></span> 
     </span>
     <span class='ocr_line' id='line_1_19' title="bbox 369 2106 1941 2256; baseline -0.002 -23"><span class='ocrx_word' id='word_1_238' title='bbox 369 2108 494 2256; x_wconf 52' lang='grc' dir='ltr'>πιεερὶ</span> <span class='ocrx_word' id='word_1_239' title='bbox 521 2107 986 2252; x_wconf 57' lang='grc' dir='ltr'>έχμὶαγεγξνημένα,</span> <span class='ocrx_word' id='word_1_240' title='bbox 1011 2129 1106 2232; x_wconf 52' lang='grc' dir='ltr'><strong>καὶ</strong></span> <span class='ocrx_word' id='word_1_241' title='bbox 1123 2175 1228 2232; x_wconf 86' lang='grc' dir='ltr'><strong>τῶν</strong></span> <span class='ocrx_word' id='word_1_242' title='bbox 1251 2173 1524 2252; x_wconf 74' lang='grc' dir='ltr'>ἀκροατῶν</span> <span class='ocrx_word' id='word_1_243' title='bbox 1553 2106 1822 2231; x_wconf 44' lang='lat' dir='ltr'><strong>evezam</strong></span> <span class='ocrx_word' id='word_1_244' title='bbox 1845 2171 1941 2249; x_wconf 85' lang='grc' dir='ltr'><strong>μὲν</strong></span> 
     </span>
     <span class='ocr_line' id='line_1_20' title="bbox 291 2259 1940 2341; baseline -0.004 -16"><span class='ocrx_word' id='word_1_245' title='bbox 291 2285 348 2325; x_wconf 79' lang='lat' dir='ltr'><strong>ao</strong></span> <span class='ocrx_word' id='word_1_246' title='bbox 372 2260 488 2330; x_wconf 77' lang='grc' dir='ltr'>τοὺς</span> <span class='ocrx_word' id='word_1_247' title='bbox 514 2259 602 2320; x_wconf 85' lang='grc' dir='ltr'><strong>τόν</strong></span> <span class='ocrx_word' id='word_1_248' title='bbox 621 2285 677 2320; x_wconf 91' lang='grc' dir='ltr'><strong>τε</strong></span> <span class='ocrx_word' id='word_1_249' title='bbox 699 2259 853 2341; x_wconf 84' lang='grc' dir='ltr'>λόγον</span> <span class='ocrx_word' id='word_1_250' title='bbox 883 2259 1300 2340; x_wconf 79' lang='grc' dir='ltr'>ἀποδεχομένους</span> <span class='ocrx_word' id='word_1_251' title='bbox 1311 2265 1491 2318; x_wconf 77' lang='grc' dir='ltr'>τοῦτον</span> <span class='ocrx_word' id='word_1_252' title='bbox 1515 2259 1606 2319; x_wconf 86' lang='grc' dir='ltr'><strong>καὶ</strong></span> <span class='ocrx_word' id='word_1_253' title='bbox 1638 2263 1742 2319; x_wconf 87' lang='grc' dir='ltr'><strong>τῶν</strong></span> <span class='ocrx_word' id='word_1_254' title='bbox 1766 2261 1940 2319; x_wconf 75' lang='grc' dir='ltr'>ἄλλων</span> 
     </span>
    </p>
   </div>
   <div class='ocr_carea' id='block_1_7' title="bbox 2025 1648 3605 1719">
    <p class='ocr_par' dir='ltr' id='par_1_7' title="bbox 2025 1648 3605 1719">
     <span class='ocr_line' id='line_1_21' title="bbox 2025 1648 3605 1719; baseline 0.006 -21"><span class='ocrx_word' id='word_1_255' title='bbox 2025 1648 2148 1699; x_wconf 84' lang='lat' dir='ltr'><strong>alius</strong></span> <span class='ocrx_word' id='word_1_256' title='bbox 2188 1653 2379 1700; x_wconf 88' lang='lat' dir='ltr'><strong>tantum</strong></span> <span class='ocrx_word' id='word_1_257' title='bbox 2416 1649 2555 1700; x_wconf 84' lang='lat' dir='ltr'><strong>abest</strong></span> <span class='ocrx_word' id='word_1_258' title='bbox 2594 1653 2650 1700; x_wconf 90' lang='grc' dir='ltr'><strong>ιιι</strong></span> <span class='ocrx_word' id='word_1_259' title='bbox 2696 1651 2962 1702; x_wconf 85' lang='lat' dir='ltr'><strong>orationem</strong></span> <span class='ocrx_word' id='word_1_260' title='bbox 3010 1652 3221 1704; x_wconf 80' lang='lat' dir='ltr'><strong>scribere</strong></span> <span class='ocrx_word' id='word_1_261' title='bbox 3277 1655 3573 1707; x_wconf 66' lang='lat' dir='ltr'><strong>instituisset</strong></span> <span class='ocrx_word' id='word_1_262' title='bbox 3588 1695 3605 1719; x_wconf 94' lang='lat'><strong>,</strong></span> 
     </span>
    </p>
   </div>
   <div class='ocr_carea' id='block_1_8' title="bbox 2026 1736 3605 1876">
    <p class='ocr_par' dir='ltr' id='par_1_8' title="bbox 2026 1736 3605 1876">
     <span class='ocr_line' id='line_1_22' title="bbox 2026 1736 3605 1802; baseline 0.006 -16"><span class='ocrx_word' id='word_1_263' title='bbox 2026 1741 2081 1787; x_wconf 89' lang='lat' dir='ltr'><strong>ut</strong></span> <span class='ocrx_word' id='word_1_264' title='bbox 2113 1750 2174 1787; x_wconf 88' lang='lat' dir='ltr'><strong>ne</strong></span> <span class='ocrx_word' id='word_1_265' title='bbox 2205 1737 2268 1788; x_wconf 90' lang='lat' dir='ltr'><strong>ab</strong></span> <span class='ocrx_word' id='word_1_266' title='bbox 2290 1736 2385 1788; x_wconf 84' lang='lat' dir='ltr'><strong>alio</strong></span> <span class='ocrx_word' id='word_1_267' title='bbox 2408 1738 2605 1802; x_wconf 85' lang='lat' dir='ltr'><strong>quidem</strong></span> <span class='ocrx_word' id='word_1_268' title='bbox 2634 1738 2926 1791; x_wconf 75' lang='lat' dir='ltr'><strong>elaboratam</strong></span> <span class='ocrx_word' id='word_1_269' title='bbox 2960 1743 3009 1792; x_wconf 89' lang='lat' dir='ltr'><strong>et</strong></span> <span class='ocrx_word' id='word_1_270' title='bbox 3038 1745 3281 1793; x_wconf 75' lang='lat' dir='ltr'><strong>ostensam</strong></span> <span class='ocrx_word' id='word_1_271' title='bbox 3316 1744 3491 1795; x_wconf 87' lang='lat' dir='ltr'><strong>andire</strong></span> <span class='ocrx_word' id='word_1_272' title='bbox 3518 1759 3605 1796; x_wconf 78' lang='lat' dir='ltr'><strong>vo·</strong></span> 
     </span>
     <span class='ocr_line' id='line_1_23' title="bbox 2026 1824 2212 1876; baseline 0.005 -1"><span class='ocrx_word' id='word_1_273' title='bbox 2026 1824 2212 1876; x_wconf 85' lang='lat' dir='ltr'><strong>luisset.</strong></span> 
     </span>
    </p>
   </div>
   <div class='ocr_carea' id='block_1_9' title="bbox 2025 1915 3608 2335">
    <p class='ocr_par' dir='ltr' id='par_1_9' title="bbox 2025 1915 3608 2335">
     <span class='ocr_line' id='line_1_24' title="bbox 2088 1915 3605 1983; baseline 0.005 -19"><span class='ocrx_word' id='word_1_274' title='bbox 2088 1918 2199 1966; x_wconf 79' lang='lat'><strong>271.</strong></span> <span class='ocrx_word' id='word_1_275' title='bbox 2234 1916 2333 1964; x_wconf 87' lang='lat' dir='ltr'><strong>cur</strong></span> <span class='ocrx_word' id='word_1_276' title='bbox 2348 1926 2464 1965; x_wconf 86' lang='lat' dir='ltr'><strong>vero</strong></span> <span class='ocrx_word' id='word_1_277' title='bbox 2488 1915 2595 1966; x_wconf 77' lang='lat' dir='ltr'><strong>haec</strong></span> <span class='ocrx_word' id='word_1_278' title='bbox 2620 1921 2979 1968; x_wconf 86' lang='lat' dir='ltr'><strong>commemoro?</strong></span> <span class='ocrx_word' id='word_1_279' title='bbox 3000 1921 3107 1969; x_wconf 81' lang='lat' dir='ltr'><strong>Non</strong></span> <span class='ocrx_word' id='word_1_280' title='bbox 3123 1919 3293 1983; x_wconf 84' lang='lat' dir='ltr'><strong>utique</strong></span> <span class='ocrx_word' id='word_1_281' title='bbox 3312 1923 3373 1970; x_wconf 86' lang='lat' dir='ltr'><strong>ut</strong></span> <span class='ocrx_word' id='word_1_282' title='bbox 3388 1923 3605 1972; x_wconf 76' lang='lat' dir='ltr'><strong>ontioni</strong></span> 
     </span>
     <span class='ocr_line' id='line_1_25' title="bbox 2025 2003 3606 2074; baseline 0.005 -21"><span class='ocrx_word' id='word_1_283' title='bbox 2025 2016 2150 2054; x_wconf 77' lang='lat' dir='ltr'><strong>meae</strong></span> <span class='ocrx_word' id='word_1_284' title='bbox 2170 2003 2359 2054; x_wconf 89' lang='lat' dir='ltr'><strong>veniam</strong></span> <span class='ocrx_word' id='word_1_285' title='bbox 2378 2009 2539 2068; x_wconf 86' lang='lat' dir='ltr'><strong>petam</strong></span> <span class='ocrx_word' id='word_1_286' title='bbox 2562 2005 2671 2068; x_wconf 85' lang='lat' dir='ltr'><strong>(nee</strong></span> <span class='ocrx_word' id='word_1_287' title='bbox 2690 2007 2817 2055; x_wconf 86' lang='lat' dir='ltr'><strong>enim</strong></span> <span class='ocrx_word' id='word_1_288' title='bbox 2842 2005 2915 2056; x_wconf 86' lang='lat' dir='ltr'><strong>sie</strong></span> <span class='ocrx_word' id='word_1_289' title='bbox 2942 2005 3225 2058; x_wconf 83' lang='lat' dir='ltr'><strong>disseruisse</strong></span> <span class='ocrx_word' id='word_1_290' title='bbox 3258 2007 3376 2058; x_wconf 74' lang='lat' dir='ltr'><strong>milii</strong></span> <span class='ocrx_word' id='word_1_291' title='bbox 3398 2010 3606 2074; x_wconf 77' lang='lat' dir='ltr'><strong>videor),</strong></span> 
     </span>
     <span class='ocr_line' id='line_1_26' title="bbox 2027 2091 3607 2159; baseline 0.004 -16"><span class='ocrx_word' id='word_1_292' title='bbox 2027 2091 2112 2143; x_wconf 85' lang='lat' dir='ltr'><strong>sed</strong></span> <span class='ocrx_word' id='word_1_293' title='bbox 2148 2091 2355 2156; x_wconf 87' lang='lat' dir='ltr'><strong>primum</strong></span> <span class='ocrx_word' id='word_1_294' title='bbox 2390 2094 2447 2143; x_wconf 91' lang='lat' dir='ltr'><strong>ut</strong></span> <span class='ocrx_word' id='word_1_295' title='bbox 2464 2092 2716 2144; x_wconf 86' lang='lat' dir='ltr'><strong>ostendam</strong></span> <span class='ocrx_word' id='word_1_296' title='bbox 2738 2093 2855 2157; x_wconf 89' lang='lat' dir='ltr'><strong>quid</strong></span> <span class='ocrx_word' id='word_1_297' title='bbox 2876 2095 2993 2144; x_wconf 83' lang='lat' dir='ltr'><strong>mibi</strong></span> <span class='ocrx_word' id='word_1_298' title='bbox 3028 2109 3121 2144; x_wconf 89' lang='lat' dir='ltr'><strong>usu</strong></span> <span class='ocrx_word' id='word_1_299' title='bbox 3145 2096 3360 2159; x_wconf 84' lang='lat' dir='ltr'><strong>venerit,</strong></span> <span class='ocrx_word' id='word_1_300' title='bbox 3386 2097 3571 2149; x_wconf 83' lang='lat' dir='ltr'><strong>deinde</strong></span> <span class='ocrx_word' id='word_1_301' title='bbox 3590 2137 3607 2158; x_wconf 92' lang='lat'><strong>,</strong></span> 
     </span>
     <span class='ocr_line' id='line_1_27' title="bbox 2028 2179 3608 2248; baseline 0.004 -19"><span class='ocrx_word' id='word_1_302' title='bbox 2028 2183 2086 2229; x_wconf 86' lang='lat' dir='ltr'><strong>ut</strong></span> <span class='ocrx_word' id='word_1_303' title='bbox 2118 2192 2203 2229; x_wconf 88' lang='lat' dir='ltr'><strong>eos</strong></span> <span class='ocrx_word' id='word_1_304' title='bbox 2236 2179 2480 2230; x_wconf 74' lang='lat' dir='ltr'><strong>auditores</strong></span> <span class='ocrx_word' id='word_1_305' title='bbox 2520 2181 2742 2242; x_wconf 88' lang='lat' dir='ltr'><strong>laudem,</strong></span> <span class='ocrx_word' id='word_1_306' title='bbox 2792 2181 2877 2245; x_wconf 89' lang='lat' dir='ltr'><strong>qni</strong></span> <span class='ocrx_word' id='word_1_307' title='bbox 2922 2181 3046 2232; x_wconf 84' lang='lat' dir='ltr'><strong>hanc</strong></span> <span class='ocrx_word' id='word_1_308' title='bbox 3087 2183 3355 2234; x_wconf 63' lang='lat' dir='ltr'><strong>orationum</strong></span> <span class='ocrx_word' id='word_1_309' title='bbox 3396 2185 3608 2248; x_wconf 83' lang='lat' dir='ltr'><strong>probant</strong></span> 
     </span>
     <span class='ocr_line' id='line_1_28' title="bbox 2030 2267 3607 2335; baseline 0.004 -17"><span class='ocrx_word' id='word_1_310' title='bbox 2030 2267 2213 2331; x_wconf 85' lang='lat' dir='ltr'><strong>quique</strong></span> <span class='ocrx_word' id='word_1_311' title='bbox 2256 2268 2537 2320; x_wconf 78' lang='lat' dir='ltr'><strong>existimant</strong></span> <span class='ocrx_word' id='word_1_312' title='bbox 2576 2281 2658 2320; x_wconf 82' lang='lat' dir='ltr'><strong>eas</strong></span> <span class='ocrx_word' id='word_1_313' title='bbox 2690 2269 2958 2333; x_wconf 85' lang='lat' dir='ltr'><strong>orationes,</strong></span> <span class='ocrx_word' id='word_1_314' title='bbox 2996 2283 3107 2335; x_wconf 77' lang='lat' dir='ltr'><strong>quae</strong></span> <span class='ocrx_word' id='word_1_315' title='bbox 3142 2271 3319 2323; x_wconf 86' lang='lat' dir='ltr'><strong>docent</strong></span> <span class='ocrx_word' id='word_1_316' title='bbox 3358 2277 3411 2324; x_wconf 88' lang='lat' dir='ltr'><strong>et</strong></span> <span class='ocrx_word' id='word_1_317' title='bbox 3442 2279 3607 2324; x_wconf 84' lang='lat' dir='ltr'><strong>artem</strong></span> 
     </span>
    </p>
   </div>
   <div class='ocr_carea' id='block_1_10' title="bbox 376 2339 3611 2432">
    <p class='ocr_par' dir='ltr' id='par_1_10' title="bbox 376 2339 3611 2432">
     <span class='ocr_line' id='line_1_29' title="bbox 376 2339 3611 2432; baseline 0.001 -22"><span class='ocrx_word' id='word_1_318' title='bbox 376 2347 803 2432; x_wconf 69' lang='grc' dir='ltr'>σπουδαιοτέρους</span> <span class='ocrx_word' id='word_1_319' title='bbox 842 2348 934 2409; x_wconf 83' lang='grc' dir='ltr'><strong>καὶ</strong></span> <span class='ocrx_word' id='word_1_320' title='bbox 977 2347 1420 2432; x_wconf 80' lang='grc' dir='ltr'>φιλοσοφωτέρους</span> <span class='ocrx_word' id='word_1_321' title='bbox 1459 2339 1592 2408; x_wconf 74' lang='grc' dir='ltr'>εἶναι</span> <span class='ocrx_word' id='word_1_322' title='bbox 1639 2347 1941 2426; x_wconf 84' lang='grc' dir='ltr'>νομίζοντας</span> <span class='ocrx_word' id='word_1_323' title='bbox 1969 2359 2004 2400; x_wconf 78' lang='lat' dir='ltr'><strong>e</strong></span> <span class='ocrx_word' id='word_1_324' title='bbox 2032 2358 2324 2418; x_wconf 87' lang='lat' dir='ltr'><strong>monstrant,</strong></span> <span class='ocrx_word' id='word_1_325' title='bbox 2355 2356 2415 2406; x_wconf 86' lang='lat' dir='ltr'><strong>iis</strong></span> <span class='ocrx_word' id='word_1_326' title='bbox 2448 2369 2558 2420; x_wconf 76' lang='lat' dir='ltr'><strong>quae</strong></span> <span class='ocrx_word' id='word_1_327' title='bbox 2590 2357 2668 2407; x_wconf 84' lang='lat' dir='ltr'><strong>vel</strong></span> <span class='ocrx_word' id='word_1_328' title='bbox 2688 2356 2753 2408; x_wconf 88' lang='lat' dir='ltr'><strong>ad</strong></span> <span class='ocrx_word' id='word_1_329' title='bbox 2778 2360 3145 2410; x_wconf 81' lang='lat' dir='ltr'><strong>ostentationem</strong></span> <span class='ocrx_word' id='word_1_330' title='bbox 3172 2360 3251 2411; x_wconf 85' lang='lat' dir='ltr'><strong>vel</strong></span> <span class='ocrx_word' id='word_1_331' title='bbox 3288 2361 3355 2411; x_wconf 82' lang='lat' dir='ltr'><strong>ad</strong></span> <span class='ocrx_word' id='word_1_332' title='bbox 3396 2361 3611 2412; x_wconf 76' lang='lat' dir='ltr'><strong>forensia</strong></span> 
     </span>
    </p>
   </div>
   <div class='ocr_carea' id='block_1_11' title="bbox 268 2437 1943 3569">
    <p class='ocr_par' dir='ltr' id='par_1_11' title="bbox 268 2437 1943 3569">
     <span class='ocr_line' id='line_1_30' title="bbox 369 2437 1939 2520; baseline -0.004 -18"><span class='ocrx_word' id='word_1_333' title='bbox 369 2440 488 2510; x_wconf 73' lang='grc' dir='ltr'>τοὺς</span> <span class='ocrx_word' id='word_1_334' title='bbox 519 2437 918 2508; x_wconf 70' lang='grc' dir='ltr'>διδασκαλικοὺς</span> <span class='ocrx_word' id='word_1_335' title='bbox 952 2440 1044 2500; x_wconf 79' lang='grc' dir='ltr'><strong>καὶ</strong></span> <span class='ocrx_word' id='word_1_336' title='bbox 1083 2437 1351 2520; x_wconf 76' lang='grc' dir='ltr'>τεχνικοὺς</span> <span class='ocrx_word' id='word_1_337' title='bbox 1376 2441 1479 2498; x_wconf 86' lang='grc' dir='ltr'><strong>τῶν</strong></span> <span class='ocrx_word' id='word_1_338' title='bbox 1521 2437 1651 2520; x_wconf 83' lang='grc' dir='ltr'>πρὸς</span> <span class='ocrx_word' id='word_1_339' title='bbox 1689 2437 1783 2510; x_wconf 61' lang='grc' dir='ltr'><strong>τὰς</strong></span> <span class='ocrx_word' id='word_1_340' title='bbox 1819 2439 1939 2497; x_wconf 81' lang='grc' dir='ltr'>ἐπι-</span> 
     </span>
     <span class='ocr_line' id='line_1_31' title="bbox 373 2524 1941 2608; baseline -0.004 -18"><span class='ocrx_word' id='word_1_341' title='bbox 373 2529 550 2600; x_wconf 85' lang='grc' dir='ltr'>δείξεις</span> <span class='ocrx_word' id='word_1_342' title='bbox 582 2528 674 2590; x_wconf 70' lang='lat' dir='ltr'><strong>ml</strong></span> <span class='ocrx_word' id='word_1_343' title='bbox 707 2527 827 2596; x_wconf 77' lang='grc' dir='ltr'>τοὺς</span> <span class='ocrx_word' id='word_1_344' title='bbox 853 2529 1058 2606; x_wconf 79' lang='grc' dir='ltr'>ἀγῶνας</span> <span class='ocrx_word' id='word_1_345' title='bbox 1106 2524 1507 2608; x_wconf 77' lang='grc' dir='ltr'>γεγραμμένων,</span> <span class='ocrx_word' id='word_1_346' title='bbox 1550 2525 1640 2586; x_wconf 76' lang='grc' dir='ltr'><strong>καὶ</strong></span> <span class='ocrx_word' id='word_1_347' title='bbox 1687 2526 1806 2593; x_wconf 78' lang='grc' dir='ltr'>τοὺς</span> <span class='ocrx_word' id='word_1_348' title='bbox 1846 2531 1941 2598; x_wconf 78' lang='grc' dir='ltr'><strong>τῆς</strong></span> 
     </span>
     <span class='ocr_line' id='line_1_32' title="bbox 375 2613 1940 2695; baseline -0.003 -18"><span class='ocrx_word' id='word_1_349' title='bbox 375 2617 622 2690; x_wconf 81' lang='grc' dir='ltr'>ἀληθείας</span> <span class='ocrx_word' id='word_1_350' title='bbox 639 2613 1048 2695; x_wconf 73' lang='grc' dir='ltr'>στοχαζομένους</span> <span class='ocrx_word' id='word_1_351' title='bbox 1065 2617 1170 2674; x_wconf 88' lang='grc' dir='ltr'><strong>τῶν</strong></span> <span class='ocrx_word' id='word_1_352' title='bbox 1189 2615 1284 2682; x_wconf 78' lang='grc' dir='ltr'><strong>τὰς</strong></span> <span class='ocrx_word' id='word_1_353' title='bbox 1305 2615 1454 2684; x_wconf 84' lang='grc' dir='ltr'>δόξας</span> <span class='ocrx_word' id='word_1_354' title='bbox 1469 2616 1575 2672; x_wconf 85' lang='grc' dir='ltr'><strong>τῶν</strong></span> <span class='ocrx_word' id='word_1_355' title='bbox 1593 2613 1940 2693; x_wconf 75' lang='grc' dir='ltr'>ἀκροωμένων</span> 
     </span>
     <span class='ocr_line' id='line_1_33' title="bbox 268 2699 1943 2788; baseline -0.001 -25"><span class='ocrx_word' id='word_1_356' title='bbox 268 2702 801 2788; x_wconf 71' lang='grc' dir='ltr'>29οπαρακρούεσθαι</span> <span class='ocrx_word' id='word_1_357' title='bbox 820 2700 1128 2776; x_wconf 79' lang='grc' dir='ltr'>ζητούντων,</span> <span class='ocrx_word' id='word_1_358' title='bbox 1149 2701 1242 2761; x_wconf 80' lang='grc' dir='ltr'><strong>καὶ</strong></span> <span class='ocrx_word' id='word_1_359' title='bbox 1263 2701 1380 2768; x_wconf 74' lang='grc' dir='ltr'>τοὺς</span> <span class='ocrx_word' id='word_1_360' title='bbox 1401 2699 1813 2773; x_wconf 81' lang='grc' dir='ltr'>ἐπιπλήττοντας</span> <span class='ocrx_word' id='word_1_361' title='bbox 1833 2704 1943 2770; x_wconf 79' lang='grc' dir='ltr'>τοῖς</span> 
     </span>
     <span class='ocr_line' id='line_1_34' title="bbox 377 2788 1941 2874; baseline -0.001 -23"><span class='ocrx_word' id='word_1_362' title='bbox 377 2789 825 2874; x_wconf 75' lang='grc' dir='ltr'>ἁμαρτανομένοις</span> <span class='ocrx_word' id='word_1_363' title='bbox 844 2789 934 2849; x_wconf 75' lang='grc' dir='ltr'><strong>καὶ</strong></span> <span class='ocrx_word' id='word_1_364' title='bbox 953 2795 1317 2858; x_wconf 76' lang='grc' dir='ltr'>νουθετοῦντας</span> <span class='ocrx_word' id='word_1_365' title='bbox 1341 2793 1446 2850; x_wconf 85' lang='grc' dir='ltr'><strong>τῶν</strong></span> <span class='ocrx_word' id='word_1_366' title='bbox 1472 2788 1605 2870; x_wconf 81' lang='grc' dir='ltr'>πρὸς</span> <span class='ocrx_word' id='word_1_367' title='bbox 1631 2789 1820 2862; x_wconf 75' lang='grc' dir='ltr'>ἡδονὴν</span> <span class='ocrx_word' id='word_1_368' title='bbox 1847 2791 1941 2850; x_wconf 80' lang='grc' dir='ltr'><strong>καὶ</strong></span> 
     </span>
     <span class='ocr_line' id='line_1_35' title="bbox 373 2875 1941 2964; baseline -0.002 -24"><span class='ocrx_word' id='word_1_369' title='bbox 373 2880 528 2964; x_wconf 81' lang='grc' dir='ltr'>χάριν</span> <span class='ocrx_word' id='word_1_370' title='bbox 554 2879 866 2959; x_wconf 83' lang='grc' dir='ltr'>λεγομένων,</span> <span class='ocrx_word' id='word_1_371' title='bbox 897 2886 1015 2958; x_wconf 77' lang='lat'><em>(272)</em></span> <span class='ocrx_word' id='word_1_372' title='bbox 1047 2877 1433 2958; x_wconf 77' lang='grc' dir='ltr'>συμὸουλεῦσαι</span> <span class='ocrx_word' id='word_1_373' title='bbox 1460 2875 1516 2938; x_wconf 84' lang='grc' dir='ltr'>δὲ</span> <span class='ocrx_word' id='word_1_374' title='bbox 1549 2882 1655 2946; x_wconf 83' lang='grc' dir='ltr'>τοῖς</span> <span class='ocrx_word' id='word_1_375' title='bbox 1687 2879 1941 2938; x_wconf 82' lang='grc' dir='ltr'>τάναντία</span> 
     </span>
     <span class='ocr_line' id='line_1_36' title="bbox 375 2965 1942 3048; baseline -0.001 -18"><span class='ocrx_word' id='word_1_376' title='bbox 375 2968 572 3030; x_wconf 85' lang='grc' dir='ltr'>τούτων</span> <span class='ocrx_word' id='word_1_377' title='bbox 584 2966 930 3048; x_wconf 82' lang='grc' dir='ltr'>γιγνώσκουσι</span> <span class='ocrx_word' id='word_1_378' title='bbox 945 2970 1150 3048; x_wconf 89' lang='grc' dir='ltr'>πρῶτον</span> <span class='ocrx_word' id='word_1_379' title='bbox 1166 2967 1261 3046; x_wconf 84' lang='grc' dir='ltr'><strong>μὲν</strong></span> <span class='ocrx_word' id='word_1_380' title='bbox 1277 2965 1352 3045; x_wconf 77' lang='grc' dir='ltr'><strong>μὴ</strong></span> <span class='ocrx_word' id='word_1_381' title='bbox 1368 2965 1628 3026; x_wconf 80' lang='grc' dir='ltr'>πιστεύειν</span> <span class='ocrx_word' id='word_1_382' title='bbox 1643 2976 1754 3035; x_wconf 84' lang='grc' dir='ltr'>ταῖς</span> <span class='ocrx_word' id='word_1_383' title='bbox 1770 2971 1942 3028; x_wconf 83' lang='grc' dir='ltr'>αὑτῶν</span> 
     </span>
     <span class='ocr_line' id='line_1_37' title="bbox 378 3046 1943 3138; baseline -0.001 -22"><span class='ocrx_word' id='word_1_384' title='bbox 378 3055 640 3138; x_wconf 82' lang='grc' dir='ltr'>γνώμαις,</span> <span class='ocrx_word' id='word_1_385' title='bbox 682 3055 815 3134; x_wconf 81' lang='grc' dir='ltr'>μηδὲ</span> <span class='ocrx_word' id='word_1_386' title='bbox 853 3054 1078 3133; x_wconf 85' lang='grc' dir='ltr'>νομίζειν</span> <span class='ocrx_word' id='word_1_387' title='bbox 1106 3057 1312 3129; x_wconf 81' lang='grc' dir='ltr'>ἀληθεῖς</span> <span class='ocrx_word' id='word_1_388' title='bbox 1335 3046 1468 3114; x_wconf 71' lang='grc' dir='ltr'>εἶναι</span> <span class='ocrx_word' id='word_1_389' title='bbox 1495 3054 1589 3123; x_wconf 69' lang='grc' dir='ltr'><strong>τὰς</strong></span> <span class='ocrx_word' id='word_1_390' title='bbox 1618 3055 1811 3136; x_wconf 83' lang='grc' dir='ltr'>κρίσεις</span> <span class='ocrx_word' id='word_1_391' title='bbox 1849 3057 1943 3126; x_wconf 80' lang='grc' dir='ltr'><strong>τὰς</strong></span> 
     </span>
     <span class='ocr_line' id='line_1_38' title="bbox 296 3140 1942 3227; baseline -0.002 -19"><span class='ocrx_word' id='word_1_392' title='bbox 296 3167 351 3208; x_wconf 82' lang='lat' dir='ltr'><strong>ao</strong></span> <span class='ocrx_word' id='word_1_393' title='bbox 378 3145 479 3205; x_wconf 72' lang='grc' dir='ltr'><strong>ὕπὸ</strong></span> <span class='ocrx_word' id='word_1_394' title='bbox 499 3149 604 3206; x_wconf 89' lang='grc' dir='ltr'><strong>τῶν</strong></span> <span class='ocrx_word' id='word_1_395' title='bbox 630 3140 992 3227; x_wconf 69' lang='grc' dir='ltr'>ῥᾳθυμούντων</span> <span class='ocrx_word' id='word_1_396' title='bbox 1008 3141 1344 3222; x_wconf 76' lang='grc' dir='ltr'>γιγνομένας,</span> <span class='ocrx_word' id='word_1_397' title='bbox 1365 3143 1549 3202; x_wconf 83' lang='grc' dir='ltr'>ἔπειτα</span> <span class='ocrx_word' id='word_1_398' title='bbox 1574 3142 1650 3222; x_wconf 82' lang='grc' dir='ltr'><strong>μὴ</strong></span> <span class='ocrx_word' id='word_1_399' title='bbox 1669 3147 1942 3224; x_wconf 84' lang='grc' dir='ltr'>προπετῶς</span> 
     </span>
     <span class='ocr_line' id='line_1_39' title="bbox 378 3223 1941 3316; baseline -0.003 -22"><span class='ocrx_word' id='word_1_400' title='bbox 378 3233 756 3316; x_wconf 74' lang='grc' dir='ltr'>ἀποφαίνεσθαι</span> <span class='ocrx_word' id='word_1_401' title='bbox 782 3231 903 3312; x_wconf 87' lang='grc' dir='ltr'>περὶ</span> <span class='ocrx_word' id='word_1_402' title='bbox 929 3223 1002 3291; x_wconf 71' lang='grc' dir='ltr'><strong>ὄν</strong></span> <span class='ocrx_word' id='word_1_403' title='bbox 1031 3235 1124 3292; x_wconf 77' lang='grc' dir='ltr'><strong>οὐκ</strong></span> <span class='ocrx_word' id='word_1_404' title='bbox 1151 3231 1344 3304; x_wconf 77' lang='grc' dir='ltr'>ἴσασιν,</span> <span class='ocrx_word' id='word_1_405' title='bbox 1368 3230 1505 3291; x_wconf 79' lang='grc' dir='ltr'>ἀλλὰ</span> <span class='ocrx_word' id='word_1_406' title='bbox 1528 3232 1821 3312; x_wconf 84' lang='grc' dir='ltr'>περιμένειν</span> <span class='ocrx_word' id='word_1_407' title='bbox 1845 3231 1941 3302; x_wconf 79' lang='grc' dir='ltr'>ἕως</span> 
     </span>
     <span class='ocr_line' id='line_1_40' title="bbox 379 3317 1940 3400; baseline -0.003 -18"><span class='ocrx_word' id='word_1_408' title='bbox 379 3320 442 3382; x_wconf 75' lang='grc' dir='ltr'><strong>ἂν</strong></span> <span class='ocrx_word' id='word_1_409' title='bbox 462 3325 746 3400; x_wconf 75' lang='grc' dir='ltr'>ὁμονοῆσαι</span> <span class='ocrx_word' id='word_1_410' title='bbox 766 3322 1023 3392; x_wconf 84' lang='grc' dir='ltr'>δυνηθῶσι</span> <span class='ocrx_word' id='word_1_411' title='bbox 1040 3327 1147 3387; x_wconf 85' lang='grc' dir='ltr'>τοῖς</span> <span class='ocrx_word' id='word_1_412' title='bbox 1163 3322 1268 3378; x_wconf 89' lang='grc' dir='ltr'><strong>τῶν</strong></span> <span class='ocrx_word' id='word_1_413' title='bbox 1286 3318 1718 3396; x_wconf 73' lang='grc' dir='ltr'>ἐπιδεικνυμένων</span> <span class='ocrx_word' id='word_1_414' title='bbox 1741 3317 1940 3389; x_wconf 76' lang='grc' dir='ltr'>πολλὴν</span> 
     </span>
     <span class='ocr_line' id='line_1_41' title="bbox 379 3405 1943 3492; baseline -0.003 -21"><span class='ocrx_word' id='word_1_415' title='bbox 379 3409 654 3492; x_wconf 75' lang='grc' dir='ltr'>ἐμπειρίαν</span> <span class='ocrx_word' id='word_1_416' title='bbox 686 3408 910 3490; x_wconf 75' lang='grc' dir='ltr'>ἔχουσιν·</span> <span class='ocrx_word' id='word_1_417' title='bbox 939 3411 1045 3468; x_wconf 88' lang='grc' dir='ltr'><strong>τῶν</strong></span> <span class='ocrx_word' id='word_1_418' title='bbox 1068 3407 1170 3488; x_wconf 76' lang='grc' dir='ltr'><strong>γὰρ</strong></span> <span class='ocrx_word' id='word_1_419' title='bbox 1197 3405 1333 3466; x_wconf 78' lang='grc' dir='ltr'>οὕτω</span> <span class='ocrx_word' id='word_1_420' title='bbox 1361 3407 1686 3468; x_wconf 83' lang='grc' dir='ltr'>διοικούντων</span> <span class='ocrx_word' id='word_1_421' title='bbox 1708 3405 1800 3474; x_wconf 78' lang='grc' dir='ltr'><strong>τὰς</strong></span> <span class='ocrx_word' id='word_1_422' title='bbox 1826 3411 1943 3467; x_wconf 79' lang='grc' dir='ltr'>ἑαυ-</span> 
     </span>
     <span class='ocr_line' id='line_1_42' title="bbox 378 3492 1939 3569; baseline -0.001 -12"><span class='ocrx_word' id='word_1_423' title='bbox 378 3501 483 3557; x_wconf 87' lang='grc' dir='ltr'><strong>τῶν</strong></span> <span class='ocrx_word' id='word_1_424' title='bbox 508 3497 734 3564; x_wconf 87' lang='grc' dir='ltr'>διανοίας</span> <span class='ocrx_word' id='word_1_425' title='bbox 755 3499 851 3556; x_wconf 78' lang='grc' dir='ltr'><strong>οὐκ</strong></span> <span class='ocrx_word' id='word_1_426' title='bbox 873 3495 1012 3556; x_wconf 72' lang='grc' dir='ltr'>ἔστιν</span> <span class='ocrx_word' id='word_1_427' title='bbox 1035 3492 1174 3565; x_wconf 76' lang='grc' dir='ltr'>ὅστις</span> <span class='ocrx_word' id='word_1_428' title='bbox 1194 3494 1260 3555; x_wconf 73' lang='grc' dir='ltr'><strong>ἀν</strong></span> <span class='ocrx_word' id='word_1_429' title='bbox 1281 3493 1397 3564; x_wconf 62' lang='grc' dir='ltr'>τοὺς</span> <span class='ocrx_word' id='word_1_430' title='bbox 1415 3493 1672 3564; x_wconf 81' lang='grc' dir='ltr'>τοιούτους</span> <span class='ocrx_word' id='word_1_431' title='bbox 1690 3495 1939 3569; x_wconf 77' lang='grc' dir='ltr'>ἀνοήτους</span> 
     </span>
    </p>
   </div>
   <div class='ocr_carea' id='block_1_12' title="bbox 299 3576 815 3666">
    <p class='ocr_par' dir='ltr' id='par_1_12' title="bbox 299 3576 815 3666">
     <span class='ocr_line' id='line_1_43' title="bbox 299 3576 815 3666; baseline 0.006 -22"><span class='ocrx_word' id='word_1_432' title='bbox 299 3601 353 3644; x_wconf 75' lang='lat'><strong>³5</strong></span> <span class='ocrx_word' id='word_1_433' title='bbox 379 3576 512 3646; x_wconf 68' lang='grc' dir='ltr'>εἶναι</span> <span class='ocrx_word' id='word_1_434' title='bbox 539 3585 815 3666; x_wconf 80' lang='grc' dir='ltr'>νομίσειεν.</span> 
     </span>
    </p>
   </div>
   <div class='ocr_carea' id='block_1_13' title="bbox 695 3726 1584 3936">
    <p class='ocr_par' dir='ltr' id='par_1_13' title="bbox 695 3726 1584 3936">
     <span class='ocr_line' id='line_1_44' title="bbox 1127 3726 1218 3778; baseline 0.011 -1"><span class='ocrx_word' id='word_1_435' title='bbox 1127 3726 1218 3778; x_wconf 75' lang='lat' dir='ltr'><strong>ta.</strong></span> 
     </span>
     <span class='ocr_line' id='line_1_45' title="bbox 695 3870 1584 3936; baseline 0.003 -3"><span class='ocrx_word' id='word_1_436' title='bbox 695 3871 906 3933; x_wconf 78' lang='grc' dir='ltr'><strong>ΚΑΤΑ</strong></span> <span class='ocrx_word' id='word_1_437' title='bbox 947 3870 1112 3932; x_wconf 82' lang='grc' dir='ltr'><strong>ΤΩΝ</strong></span> <span class='ocrx_word' id='word_1_438' title='bbox 1154 3871 1584 3936; x_wconf 83' lang='grc' dir='ltr'><strong>ΣΟΦῙΣΤΩΝ.</strong></span> 
     </span>
    </p>
   </div>
   <div class='ocr_carea' id='block_1_14' title="bbox 2024 2443 3611 3764">
    <p class='ocr_par' dir='ltr' id='par_1_14' title="bbox 2024 2443 3611 3764">
     <span class='ocr_line' id='line_1_46' title="bbox 2027 2443 3611 2511; baseline 0.004 -19"><span class='ocrx_word' id='word_1_439' title='bbox 2027 2443 2284 2493; x_wconf 87' lang='lat' dir='ltr'><strong>certamina</strong></span> <span class='ocrx_word' id='word_1_440' title='bbox 2322 2449 2613 2508; x_wconf 69' lang='lat' dir='ltr'><strong>comparatae</strong></span> <span class='ocrx_word' id='word_1_441' title='bbox 2646 2447 2759 2496; x_wconf 87' lang='lat' dir='ltr'><strong>sunt</strong></span> <span class='ocrx_word' id='word_1_442' title='bbox 2788 2447 3107 2508; x_wconf 81' lang='lat' dir='ltr'><strong>praet&#39;erendas</strong></span> <span class='ocrx_word' id='word_1_443' title='bbox 3138 2451 3189 2498; x_wconf 90' lang='lat' dir='ltr'><strong>et</strong></span> <span class='ocrx_word' id='word_1_444' title='bbox 3222 2447 3513 2499; x_wconf 80' lang='lat' dir='ltr'><strong>eruditiores</strong></span> <span class='ocrx_word' id='word_1_445' title='bbox 3532 2451 3611 2511; x_wconf 85' lang='lat' dir='ltr'><strong>ju·</strong></span> 
     </span>
     <span class='ocr_line' id='line_1_47' title="bbox 2024 2531 3610 2597; baseline 0.005 -16"><span class='ocrx_word' id='word_1_446' title='bbox 2024 2531 2255 2588; x_wconf 77' lang='lat' dir='ltr'><strong>dicandas</strong></span> <span class='ocrx_word' id='word_1_447' title='bbox 2294 2546 2433 2594; x_wconf 79' lang='lat' dir='ltr'><strong>esse3</strong></span> <span class='ocrx_word' id='word_1_448' title='bbox 2475 2547 2557 2582; x_wconf 90' lang='lat' dir='ltr'><strong>eas</strong></span> <span class='ocrx_word' id='word_1_449' title='bbox 2590 2533 2708 2583; x_wconf 87' lang='lat' dir='ltr'><strong>item</strong></span> <span class='ocrx_word' id='word_1_450' title='bbox 2749 2547 2861 2597; x_wconf 78' lang='lat' dir='ltr'><strong>quae</strong></span> <span class='ocrx_word' id='word_1_451' title='bbox 2890 2535 3083 2585; x_wconf 85' lang='lat' dir='ltr'><strong>veritati</strong></span> <span class='ocrx_word' id='word_1_452' title='bbox 3108 2537 3332 2587; x_wconf 89' lang='lat' dir='ltr'><strong>studeant</strong></span> <span class='ocrx_word' id='word_1_453' title='bbox 3358 2538 3456 2588; x_wconf 85' lang='lat' dir='ltr'><strong>illis</strong></span> <span class='ocrx_word' id='word_1_454' title='bbox 3496 2553 3610 2589; x_wconf 83' lang='lat' dir='ltr'><strong>esse</strong></span> 
     </span>
     <span class='ocr_line' id='line_1_48' title="bbox 2030 2620 3605 2688; baseline 0.004 -19"><span class='ocrx_word' id='word_1_455' title='bbox 2030 2620 2237 2683; x_wconf 86' lang='lat' dir='ltr'><strong>potiores</strong></span> <span class='ocrx_word' id='word_1_456' title='bbox 2258 2633 2371 2682; x_wconf 75' lang='lat' dir='ltr'><strong>quae</strong></span> <span class='ocrx_word' id='word_1_457' title='bbox 2390 2620 2667 2672; x_wconf 88' lang='lat' dir='ltr'><strong>auditorum</strong></span> <span class='ocrx_word' id='word_1_458' title='bbox 2692 2622 2933 2672; x_wconf 85' lang='lat' dir='ltr'><strong>mentibus</strong></span> <span class='ocrx_word' id='word_1_459' title='bbox 2954 2622 3119 2673; x_wconf 79' lang='lat' dir='ltr'><strong>fucum</strong></span> <span class='ocrx_word' id='word_1_460' title='bbox 3156 2625 3311 2675; x_wconf 78' lang='lat' dir='ltr'><strong>tacere</strong></span> <span class='ocrx_word' id='word_1_461' title='bbox 3332 2631 3605 2688; x_wconf 79' lang='lat' dir='ltr'><strong>conentnr3</strong></span> 
     </span>
     <span class='ocr_line' id='line_1_49' title="bbox 2030 2707 3605 2777; baseline 0.005 -20"><span class='ocrx_word' id='word_1_462' title='bbox 2030 2707 2183 2770; x_wconf 85' lang='lat' dir='ltr'><strong>pluris</strong></span> <span class='ocrx_word' id='word_1_463' title='bbox 2215 2709 2361 2758; x_wconf 86' lang='lat' dir='ltr'><strong>etiam</strong></span> <span class='ocrx_word' id='word_1_464' title='bbox 2392 2722 2473 2759; x_wconf 87' lang='lat' dir='ltr'><strong>eas</strong></span> <span class='ocrx_word' id='word_1_465' title='bbox 2502 2708 2605 2760; x_wconf 82' lang='lat' dir='ltr'><strong>fieri</strong></span> <span class='ocrx_word' id='word_1_466' title='bbox 2647 2709 2847 2772; x_wconf 85' lang='lat' dir='ltr'><strong>debere,</strong></span> <span class='ocrx_word' id='word_1_467' title='bbox 2882 2723 2997 2773; x_wconf 76' lang='lat' dir='ltr'><strong>quae</strong></span> <span class='ocrx_word' id='word_1_468' title='bbox 3030 2711 3205 2762; x_wconf 84' lang='lat' dir='ltr'><strong>delicta</strong></span> <span class='ocrx_word' id='word_1_469' title='bbox 3244 2713 3605 2777; x_wconf 75' lang='lat' dir='ltr'><strong>reprehendant</strong></span> 
     </span>
     <span class='ocr_line' id='line_1_50' title="bbox 2032 2794 3609 2865; baseline 0.004 -20"><span class='ocrx_word' id='word_1_470' title='bbox 2032 2796 2177 2857; x_wconf 84' lang='lat' dir='ltr'><strong>atque</strong></span> <span class='ocrx_word' id='word_1_471' title='bbox 2206 2794 2517 2860; x_wconf 86' lang='lat' dir='ltr'><strong>admoneant,</strong></span> <span class='ocrx_word' id='word_1_472' title='bbox 2539 2809 2687 2859; x_wconf 87' lang='lat' dir='ltr'><strong>quam</strong></span> <span class='ocrx_word' id='word_1_473' title='bbox 2714 2810 2827 2860; x_wconf 79' lang='lat' dir='ltr'><strong>quae</strong></span> <span class='ocrx_word' id='word_1_474' title='bbox 2860 2798 3098 2862; x_wconf 86' lang='lat' dir='ltr'><strong>voluptati</strong></span> <span class='ocrx_word' id='word_1_475' title='bbox 3133 2807 3183 2849; x_wconf 86' lang='lat' dir='ltr'><strong>et</strong></span> <span class='ocrx_word' id='word_1_476' title='bbox 3216 2813 3349 2851; x_wconf 73' lang='lat' dir='ltr'><strong>aurae</strong></span> <span class='ocrx_word' id='word_1_477' title='bbox 3372 2803 3609 2865; x_wconf 83' lang='lat' dir='ltr'><strong>populari</strong></span> 
     </span>
     <span class='ocr_line' id='line_1_51' title="bbox 2032 2883 3605 2948; baseline 0.006 -15"><span class='ocrx_word' id='word_1_478' title='bbox 2032 2883 2265 2934; x_wconf 82' lang='lat' dir='ltr'><strong>serviant.</strong></span> <span class='ocrx_word' id='word_1_479' title='bbox 2347 2883 2479 2948; x_wconf 78' lang='lat'><em>(272)</em></span> <span class='ocrx_word' id='word_1_480' title='bbox 2518 2889 2613 2935; x_wconf 84' lang='lat' dir='ltr'><strong>Eos</strong></span> <span class='ocrx_word' id='word_1_481' title='bbox 2650 2889 2842 2948; x_wconf 87' lang='lat' dir='ltr'><strong>autem,</strong></span> <span class='ocrx_word' id='word_1_482' title='bbox 2872 2887 2957 2948; x_wconf 88' lang='lat' dir='ltr'><strong>qui</strong></span> <span class='ocrx_word' id='word_1_483' title='bbox 2992 2885 3241 2937; x_wconf 69' lang='lat' dir='ltr'><strong>diversum</strong></span> <span class='ocrx_word' id='word_1_484' title='bbox 3269 2888 3331 2939; x_wconf 85' lang='lat' dir='ltr'><strong>ab</strong></span> <span class='ocrx_word' id='word_1_485' title='bbox 3372 2889 3449 2939; x_wconf 81' lang='lat' dir='ltr'><strong>bis</strong></span> <span class='ocrx_word' id='word_1_486' title='bbox 3492 2905 3605 2942; x_wconf 82' lang='lat' dir='ltr'><strong>sen·</strong></span> 
     </span>
     <span class='ocr_line' id='line_1_52' title="bbox 2031 2971 3609 3043; baseline 0.006 -22"><span class='ocrx_word' id='word_1_487' title='bbox 2031 2971 2183 3032; x_wconf 88' lang='lat' dir='ltr'><strong>tiunt,</strong></span> <span class='ocrx_word' id='word_1_488' title='bbox 2202 2985 2395 3024; x_wconf 88' lang='lat' dir='ltr'><strong>monere</strong></span> <span class='ocrx_word' id='word_1_489' title='bbox 2410 2973 2567 3035; x_wconf 88' lang='lat' dir='ltr'><strong>volui,</strong></span> <span class='ocrx_word' id='word_1_490' title='bbox 2591 2974 2801 3037; x_wconf 88' lang='lat' dir='ltr'><strong>primum</strong></span> <span class='ocrx_word' id='word_1_491' title='bbox 2814 3011 2831 3036; x_wconf 96' lang='lat'><strong>,</strong></span> <span class='ocrx_word' id='word_1_492' title='bbox 2850 2987 2911 3024; x_wconf 89' lang='lat' dir='ltr'><strong>ne</strong></span> <span class='ocrx_word' id='word_1_493' title='bbox 2928 2973 3029 3024; x_wconf 86' lang='lat' dir='ltr'><strong>suis</strong></span> <span class='ocrx_word' id='word_1_494' title='bbox 3046 2977 3297 3026; x_wconf 74' lang='lat' dir='ltr'><strong>sententiis</strong></span> <span class='ocrx_word' id='word_1_495' title='bbox 3318 2978 3431 3042; x_wconf 80' lang='lat' dir='ltr'><strong>plus</strong></span> <span class='ocrx_word' id='word_1_496' title='bbox 3450 2992 3609 3043; x_wconf 66' lang='lat' dir='ltr'><strong>aquo</strong></span> 
     </span>
     <span class='ocr_line' id='line_1_53' title="bbox 2033 3060 3606 3129; baseline 0.006 -20"><span class='ocrx_word' id='word_1_497' title='bbox 2033 3060 2271 3122; x_wconf 77' lang='lat' dir='ltr'><strong>tribuant,</strong></span> <span class='ocrx_word' id='word_1_498' title='bbox 2290 3074 2447 3124; x_wconf 86' lang='lat' dir='ltr'><strong>neque</strong></span> <span class='ocrx_word' id='word_1_499' title='bbox 2469 3074 2583 3112; x_wconf 84' lang='lat' dir='ltr'><strong>vera</strong></span> <span class='ocrx_word' id='word_1_500' title='bbox 2613 3075 2781 3112; x_wconf 88' lang='lat' dir='ltr'><strong>eorum</strong></span> <span class='ocrx_word' id='word_1_501' title='bbox 2802 3061 2981 3126; x_wconf 75' lang='lat' dir='ltr'><strong>judicia</strong></span> <span class='ocrx_word' id='word_1_502' title='bbox 3006 3076 3113 3113; x_wconf 87' lang='lat' dir='ltr'><strong>esse</strong></span> <span class='ocrx_word' id='word_1_503' title='bbox 3140 3068 3335 3129; x_wconf 86' lang='lat' dir='ltr'><strong>putent,</strong></span> <span class='ocrx_word' id='word_1_504' title='bbox 3360 3067 3445 3129; x_wconf 88' lang='lat' dir='ltr'><strong>qni</strong></span> <span class='ocrx_word' id='word_1_505' title='bbox 3480 3073 3606 3118; x_wconf 84' lang='lat' dir='ltr'><strong>sunt</strong></span> 
     </span>
     <span class='ocr_line' id='line_1_54' title="bbox 2029 3147 3601 3216; baseline 0.006 -18"><span class='ocrx_word' id='word_1_506' title='bbox 2029 3147 2203 3199; x_wconf 84' lang='lat' dir='ltr'><strong>animia</strong></span> <span class='ocrx_word' id='word_1_507' title='bbox 2228 3149 2422 3210; x_wconf 83' lang='lat' dir='ltr'><strong>otiosis;</strong></span> <span class='ocrx_word' id='word_1_508' title='bbox 2464 3149 2677 3199; x_wconf 82' lang='lat' dir='ltr'><strong>secundo</strong></span> <span class='ocrx_word' id='word_1_509' title='bbox 2702 3149 2836 3211; x_wconf 85' lang='lat' dir='ltr'><strong>loco,</strong></span> <span class='ocrx_word' id='word_1_510' title='bbox 2866 3163 2929 3200; x_wconf 89' lang='lat' dir='ltr'><strong>ne</strong></span> <span class='ocrx_word' id='word_1_511' title='bbox 2968 3155 3151 3203; x_wconf 86' lang='lat' dir='ltr'><strong>temere</strong></span> <span class='ocrx_word' id='word_1_512' title='bbox 3174 3154 3499 3216; x_wconf 87' lang='lat' dir='ltr'><strong>pronuncient</strong></span> <span class='ocrx_word' id='word_1_513' title='bbox 3534 3157 3601 3207; x_wconf 82' lang='lat' dir='ltr'><strong>de</strong></span> 
     </span>
     <span class='ocr_line' id='line_1_55' title="bbox 2028 3231 3610 3306; baseline 0.008 -24"><span class='ocrx_word' id='word_1_514' title='bbox 2028 3231 2107 3284; x_wconf 85' lang='lat' dir='ltr'><strong>his</strong></span> <span class='ocrx_word' id='word_1_515' title='bbox 2152 3248 2265 3297; x_wconf 76' lang='lat' dir='ltr'><strong>qum</strong></span> <span class='ocrx_word' id='word_1_516' title='bbox 2302 3247 2501 3298; x_wconf 87' lang='lat' dir='ltr'><strong>prorsus</strong></span> <span class='ocrx_word' id='word_1_517' title='bbox 2530 3235 2778 3298; x_wconf 75' lang='lat' dir='ltr'><strong>ignorant,</strong></span> <span class='ocrx_word' id='word_1_518' title='bbox 2822 3237 2911 3288; x_wconf 86' lang='lat' dir='ltr'><strong>sed</strong></span> <span class='ocrx_word' id='word_1_519' title='bbox 2941 3239 3182 3303; x_wconf 74' lang='lat' dir='ltr'><strong>tantisper</strong></span> <span class='ocrx_word' id='word_1_520' title='bbox 3224 3248 3509 3306; x_wconf 76' lang='lat' dir='ltr'><strong>exspectent</strong></span> <span class='ocrx_word' id='word_1_521' title='bbox 3550 3259 3610 3294; x_wconf 85' lang='lat' dir='ltr'><strong>ae</strong></span> 
     </span>
     <span class='ocr_line' id='line_1_56' title="bbox 2029 3321 3608 3395; baseline 0.008 -24"><span class='ocrx_word' id='word_1_522' title='bbox 2029 3321 2257 3374; x_wconf 76' lang='lat' dir='ltr'><strong>differant</strong></span> <span class='ocrx_word' id='word_1_523' title='bbox 2270 3358 2287 3385; x_wconf 92' lang='lat'><strong>,</strong></span> <span class='ocrx_word' id='word_1_524' title='bbox 2312 3323 2430 3373; x_wconf 88' lang='lat' dir='ltr'><strong>dum</strong></span> <span class='ocrx_word' id='word_1_525' title='bbox 2452 3323 2547 3374; x_wconf 85' lang='lat' dir='ltr'><strong>illis</strong></span> <span class='ocrx_word' id='word_1_526' title='bbox 2568 3325 2789 3375; x_wconf 82' lang='lat' dir='ltr'><strong>assentiri</strong></span> <span class='ocrx_word' id='word_1_527' title='bbox 2807 3329 3011 3390; x_wconf 86' lang='lat' dir='ltr'><strong>queant,</strong></span> <span class='ocrx_word' id='word_1_528' title='bbox 3030 3328 3196 3392; x_wconf 86' lang='lat' dir='ltr'><strong>quide</strong></span> <span class='ocrx_word' id='word_1_529' title='bbox 3224 3329 3288 3380; x_wconf 87' lang='lat' dir='ltr'><strong>iis</strong></span> <span class='ocrx_word' id='word_1_530' title='bbox 3312 3345 3427 3395; x_wconf 80' lang='lat' dir='ltr'><strong>qnoe</strong></span> <span class='ocrx_word' id='word_1_531' title='bbox 3441 3339 3608 3383; x_wconf 82' lang='lat' dir='ltr'><strong>osten-</strong></span> 
     </span>
     <span class='ocr_line' id='line_1_57' title="bbox 2029 3407 3607 3475; baseline 0.009 -17"><span class='ocrx_word' id='word_1_532' title='bbox 2029 3407 2211 3459; x_wconf 85' lang='lat' dir='ltr'><strong>duntur</strong></span> <span class='ocrx_word' id='word_1_533' title='bbox 2230 3411 2525 3461; x_wconf 85' lang='lat' dir='ltr'><strong>orationibus</strong></span> <span class='ocrx_word' id='word_1_534' title='bbox 2552 3411 2840 3475; x_wconf 87' lang='lat' dir='ltr'><strong>peritissime</strong></span> <span class='ocrx_word' id='word_1_535' title='bbox 2870 3413 3088 3473; x_wconf 77' lang='lat' dir='ltr'><strong>iudicant</strong></span> <span class='ocrx_word' id='word_1_536' title='bbox 3116 3431 3131 3465; x_wconf 78' lang='lat' dir='ltr'><strong>t</strong></span> <span class='ocrx_word' id='word_1_537' title='bbox 3167 3431 3315 3469; x_wconf 82' lang='lat' dir='ltr'><strong>neruo</strong></span> <span class='ocrx_word' id='word_1_538' title='bbox 3344 3419 3481 3470; x_wconf 86' lang='lat' dir='ltr'><strong>enim</strong></span> <span class='ocrx_word' id='word_1_539' title='bbox 3516 3435 3607 3472; x_wconf 83' lang='lat' dir='ltr'><strong>eos</strong></span> 
     </span>
     <span class='ocr_line' id='line_1_58' title="bbox 2031 3497 3607 3570; baseline 0.009 -23"><span class='ocrx_word' id='word_1_540' title='bbox 2031 3497 2115 3561; x_wconf 85' lang='lat' dir='ltr'><strong>qni</strong></span> <span class='ocrx_word' id='word_1_541' title='bbox 2140 3497 2232 3548; x_wconf 82' lang='lat' dir='ltr'><strong>hac</strong></span> <span class='ocrx_word' id='word_1_542' title='bbox 2264 3497 2501 3550; x_wconf 87' lang='lat' dir='ltr'><strong>modestia</strong></span> <span class='ocrx_word' id='word_1_543' title='bbox 2531 3498 2713 3563; x_wconf 75' lang='lat' dir='ltr'><strong>judicia</strong></span> <span class='ocrx_word' id='word_1_544' title='bbox 2734 3513 2823 3552; x_wconf 84' lang='lat' dir='ltr'><strong>sua</strong></span> <span class='ocrx_word' id='word_1_545' title='bbox 2842 3502 3102 3567; x_wconf 84' lang='lat' dir='ltr'><strong>retineant,</strong></span> <span class='ocrx_word' id='word_1_546' title='bbox 3120 3505 3312 3570; x_wconf 80' lang='lat' dir='ltr'><strong>ineptos</strong></span> <span class='ocrx_word' id='word_1_547' title='bbox 3326 3511 3380 3559; x_wconf 87' lang='lat' dir='ltr'><strong>et</strong></span> <span class='ocrx_word' id='word_1_548' title='bbox 3400 3507 3607 3560; x_wconf 82' lang='lat' dir='ltr'><strong>stolidos</strong></span> 
     </span>
     <span class='ocr_line' id='line_1_59' title="bbox 2028 3583 2277 3648; baseline 0.016 -13"><span class='ocrx_word' id='word_1_549' title='bbox 2028 3583 2277 3648; x_wconf 79' lang='lat' dir='ltr'><strong>iudicabit.</strong></span> 
     </span>
     <span class='ocr_line' id='line_1_60' title="bbox 2780 3712 2872 3764; baseline 0 -1"><span class='ocrx_word' id='word_1_550' title='bbox 2780 3712 2872 3764; x_wconf 80' lang='lat' dir='ltr'><strong>ta.</strong></span> 
     </span>
    </p>
   </div>
   <div class='ocr_carea' id='block_1_15' title="bbox 2256 3854 3363 3919">
    <p class='ocr_par' dir='ltr' id='par_1_15' title="bbox 2256 3854 3363 3919">
     <span class='ocr_line' id='line_1_61' title="bbox 2256 3854 3363 3919; baseline 0.005 -5"><span class='ocrx_word' id='word_1_551' title='bbox 2256 3854 2557 3916; x_wconf 82' lang='lat' dir='ltr'><strong>CONTRA</strong></span> <span class='ocrx_word' id='word_1_552' title='bbox 2598 3855 3018 3918; x_wconf 81' lang='lat' dir='ltr'><strong>soPffls&#39;rAs</strong></span> <span class='ocrx_word' id='word_1_553' title='bbox 3053 3857 3363 3919; x_wconf 80' lang='lat' dir='ltr'><strong>ORATIO.</strong></span> 
     </span>
    </p>
   </div>
   <div class='ocr_carea' id='block_1_16' title="bbox 274 4039 3605 4126">
    <p class='ocr_par' dir='ltr' id='par_1_16' title="bbox 274 4039 3605 4126">
     <span class='ocr_line' id='line_1_62' title="bbox 274 4039 3605 4126; baseline -0.001 -15"><span class='ocrx_word' id='word_1_554' title='bbox 274 4057 372 4110; x_wconf 76' lang='lat'><strong>291</strong></span> <span class='ocrx_word' id='word_1_555' title='bbox 460 4043 529 4103; x_wconf 74' lang='lat' dir='ltr'><strong>Et</strong></span> <span class='ocrx_word' id='word_1_556' title='bbox 555 4039 747 4110; x_wconf 76' lang='grc' dir='ltr'>πάντες</span> <span class='ocrx_word' id='word_1_557' title='bbox 771 4040 957 4113; x_wconf 82' lang='grc' dir='ltr'>ἤθελον</span> <span class='ocrx_word' id='word_1_558' title='bbox 989 4043 1038 4101; x_wconf 80' lang='grc' dir='ltr'><strong>οῖ</strong></span> <span class='ocrx_word' id='word_1_559' title='bbox 1067 4039 1331 4101; x_wconf 77' lang='grc' dir='ltr'>παιδεύειν</span> <span class='ocrx_word' id='word_1_560' title='bbox 1359 4043 1739 4122; x_wconf 77' lang='grc' dir='ltr'>ἐπιχειροῦντες</span> <span class='ocrx_word' id='word_1_561' title='bbox 1769 4045 1939 4116; x_wconf 76' lang='grc' dir='ltr'>ἀληθῆ</span> <span class='ocrx_word' id='word_1_562' title='bbox 1963 4063 1999 4103; x_wconf 83' lang='lat' dir='ltr'><strong>a</strong></span> <span class='ocrx_word' id='word_1_563' title='bbox 2092 4055 2143 4106; x_wconf 89' lang='lat' dir='ltr'><strong>Si</strong></span> <span class='ocrx_word' id='word_1_564' title='bbox 2164 4069 2333 4108; x_wconf 85' lang='lat' dir='ltr'><strong>omnes</strong></span> <span class='ocrx_word' id='word_1_565' title='bbox 2348 4057 2427 4108; x_wconf 83' lang='lat' dir='ltr'><strong>isti</strong></span> <span class='ocrx_word' id='word_1_566' title='bbox 2453 4057 2539 4121; x_wconf 80' lang='lat' dir='ltr'><strong>qui</strong></span> <span class='ocrx_word' id='word_1_567' title='bbox 2558 4060 2730 4112; x_wconf 83' lang='lat' dir='ltr'><strong>docere</strong></span> <span class='ocrx_word' id='word_1_568' title='bbox 2752 4059 3036 4126; x_wconf 82' lang='lat' dir='ltr'><strong>instituunt,</strong></span> <span class='ocrx_word' id='word_1_569' title='bbox 3072 4075 3189 4114; x_wconf 86' lang='lat' dir='ltr'><strong>vera</strong></span> <span class='ocrx_word' id='word_1_570' title='bbox 3230 4064 3392 4118; x_wconf 68' lang='lat' dir='ltr'><strong>dicere</strong></span> <span class='ocrx_word' id='word_1_571' title='bbox 3424 4069 3605 4122; x_wconf 61' lang='lat' dir='ltr'><strong>nuent</strong></span> 
     </span>
    </p>
   </div>
   <div class='ocr_carea' id='block_1_17' title="bbox 296 4122 1941 4565">
    <p class='ocr_par' dir='ltr' id='par_1_17' title="bbox 296 4122 1941 4565">
     <span class='ocr_line' id='line_1_63' title="bbox 380 4122 1941 4211; baseline 0.001 -21"><span class='ocrx_word' id='word_1_572' title='bbox 380 4127 566 4208; x_wconf 85' lang='grc' dir='ltr'>λέγειν,</span> <span class='ocrx_word' id='word_1_573' title='bbox 605 4129 698 4190; x_wconf 75' lang='grc' dir='ltr'><strong>καὶ</strong></span> <span class='ocrx_word' id='word_1_574' title='bbox 727 4127 804 4208; x_wconf 78' lang='grc' dir='ltr'><strong>μὴ</strong></span> <span class='ocrx_word' id='word_1_575' title='bbox 835 4129 1041 4208; x_wconf 85' lang='grc' dir='ltr'>μείζους</span> <span class='ocrx_word' id='word_1_576' title='bbox 1083 4129 1344 4189; x_wconf 79' lang='grc' dir='ltr'>ποιεῖσθαι</span> <span class='ocrx_word' id='word_1_577' title='bbox 1392 4127 1486 4197; x_wconf 77' lang='grc' dir='ltr'><strong>τὰς</strong></span> <span class='ocrx_word' id='word_1_578' title='bbox 1533 4129 1840 4211; x_wconf 70' lang='grc' dir='ltr'>ὑποσχέσεις</span> <span class='ocrx_word' id='word_1_579' title='bbox 1865 4122 1941 4191; x_wconf 71' lang='grc' dir='ltr'><strong>ὧν</strong></span> 
     </span>
     <span class='ocr_line' id='line_1_64' title="bbox 378 4214 1938 4295; baseline 0.001 -19"><span class='ocrx_word' id='word_1_580' title='bbox 378 4215 594 4295; x_wconf 77' lang='grc' dir='ltr'>ἔμελλον</span> <span class='ocrx_word' id='word_1_581' title='bbox 623 4219 896 4290; x_wconf 79' lang='grc' dir='ltr'>ἐπιτελεῖν,</span> <span class='ocrx_word' id='word_1_582' title='bbox 920 4218 1015 4277; x_wconf 78' lang='grc' dir='ltr'><strong>οὐκ</strong></span> <span class='ocrx_word' id='word_1_583' title='bbox 1037 4214 1100 4275; x_wconf 76' lang='grc' dir='ltr'><strong>ἂν</strong></span> <span class='ocrx_word' id='word_1_584' title='bbox 1128 4219 1304 4284; x_wconf 81' lang='grc' dir='ltr'>κακῶς</span> <span class='ocrx_word' id='word_1_585' title='bbox 1329 4215 1516 4287; x_wconf 83' lang='grc' dir='ltr'>ἤκουον</span> <span class='ocrx_word' id='word_1_586' title='bbox 1543 4215 1644 4276; x_wconf 79' lang='grc' dir='ltr'><strong>ὑπὸ</strong></span> <span class='ocrx_word' id='word_1_587' title='bbox 1670 4221 1772 4276; x_wconf 88' lang='grc' dir='ltr'><strong>τῶν</strong></span> <span class='ocrx_word' id='word_1_588' title='bbox 1800 4219 1938 4277; x_wconf 83' lang='grc' dir='ltr'>ἰδιω-</span> 
     </span>
     <span class='ocr_line' id='line_1_65' title="bbox 296 4302 1939 4387; baseline 0.001 -21"><span class='ocrx_word' id='word_1_589' title='bbox 296 4325 354 4367; x_wconf 76' lang='grc' dir='ltr'><strong>εο</strong></span> <span class='ocrx_word' id='word_1_590' title='bbox 377 4309 498 4365; x_wconf 86' lang='grc' dir='ltr'>τῶν·</span> <span class='ocrx_word' id='word_1_591' title='bbox 527 4311 616 4364; x_wconf 77' lang='grc' dir='ltr'><strong>νῦν</strong></span> <span class='ocrx_word' id='word_1_592' title='bbox 650 4304 695 4364; x_wconf 86' lang='grc' dir='ltr'>δ’</span> <span class='ocrx_word' id='word_1_593' title='bbox 727 4306 776 4364; x_wconf 80' lang='grc' dir='ltr'><strong>οἱ</strong></span> <span class='ocrx_word' id='word_1_594' title='bbox 818 4306 1112 4383; x_wconf 86' lang='grc' dir='ltr'>τολμῶντες</span> <span class='ocrx_word' id='word_1_595' title='bbox 1156 4303 1275 4363; x_wconf 88' lang='grc' dir='ltr'>λίαν</span> <span class='ocrx_word' id='word_1_596' title='bbox 1325 4302 1719 4387; x_wconf 77' lang='grc' dir='ltr'>ἀπερισκέπτως</span> <span class='ocrx_word' id='word_1_597' title='bbox 1747 4308 1939 4376; x_wconf 86' lang='grc' dir='ltr'>ἀλαζο-</span> 
     </span>
     <span class='ocr_line' id='line_1_66' title="bbox 377 4389 1939 4474; baseline 0.001 -22"><span class='ocrx_word' id='word_1_598' title='bbox 377 4390 612 4452; x_wconf 87' lang='grc' dir='ltr'>νεύεσθαι</span> <span class='ocrx_word' id='word_1_599' title='bbox 641 4390 990 4463; x_wconf 82' lang='grc' dir='ltr'>πεποιήκασιν</span> <span class='ocrx_word' id='word_1_600' title='bbox 1017 4389 1154 4452; x_wconf 79' lang='grc' dir='ltr'>ὥστε</span> <span class='ocrx_word' id='word_1_601' title='bbox 1170 4393 1338 4451; x_wconf 83' lang='grc' dir='ltr'>δοκεῖν</span> <span class='ocrx_word' id='word_1_602' title='bbox 1361 4391 1570 4470; x_wconf 83' lang='grc' dir='ltr'>ἄμεινον</span> <span class='ocrx_word' id='word_1_603' title='bbox 1601 4393 1939 4474; x_wconf 85' lang='grc' dir='ltr'>βουλεύεσθαι</span> 
     </span>
     <span class='ocr_line' id='line_1_67' title="bbox 381 4478 1938 4565; baseline 0.003 -25"><span class='ocrx_word' id='word_1_604' title='bbox 381 4478 497 4548; x_wconf 72' lang='grc' dir='ltr'>τοὺς</span> <span class='ocrx_word' id='word_1_605' title='bbox 541 4483 790 4562; x_wconf 69' lang='grc' dir='ltr'>ῥᾳθυμεῖν</span> <span class='ocrx_word' id='word_1_606' title='bbox 835 4479 1170 4560; x_wconf 80' lang='grc' dir='ltr'>αἱρουμένους</span> <span class='ocrx_word' id='word_1_607' title='bbox 1197 4483 1300 4540; x_wconf 91' lang='grc' dir='ltr'><strong>τῶν</strong></span> <span class='ocrx_word' id='word_1_608' title='bbox 1341 4481 1464 4563; x_wconf 71' lang='grc' dir='ltr'>περὶ</span> <span class='ocrx_word' id='word_1_609' title='bbox 1501 4480 1597 4553; x_wconf 80' lang='grc' dir='ltr'><strong>τὴν</strong></span> <span class='ocrx_word' id='word_1_610' title='bbox 1633 4482 1938 4565; x_wconf 68' lang='grc' dir='ltr'>φιλοσοφίαν</span> 
     </span>
    </p>
   </div>
   <div class='ocr_carea' id='block_1_18' title="bbox 2026 4157 3605 4534">
    <p class='ocr_par' dir='ltr' id='par_1_18' title="bbox 2026 4157 3605 4534">
     <span class='ocr_line' id='line_1_68' title="bbox 2028 4157 3605 4232; baseline 0.008 -26"><span class='ocrx_word' id='word_1_611' title='bbox 2028 4169 2185 4220; x_wconf 90' lang='lat' dir='ltr'><strong>neque</strong></span> <span class='ocrx_word' id='word_1_612' title='bbox 2226 4157 2411 4221; x_wconf 75' lang='lat' dir='ltr'><strong>maiora</strong></span> <span class='ocrx_word' id='word_1_613' title='bbox 2442 4157 2781 4221; x_wconf 86' lang='lat' dir='ltr'><strong>promitterent</strong></span> <span class='ocrx_word' id='word_1_614' title='bbox 2818 4173 2964 4224; x_wconf 87' lang='lat' dir='ltr'><strong>quam</strong></span> <span class='ocrx_word' id='word_1_615' title='bbox 2988 4167 3215 4226; x_wconf 68' lang='lat' dir='ltr'><strong>praestare</strong></span> <span class='ocrx_word' id='word_1_616' title='bbox 3236 4164 3425 4229; x_wconf 85' lang='lat' dir='ltr'><strong>solent,</strong></span> <span class='ocrx_word' id='word_1_617' title='bbox 3456 4169 3605 4232; x_wconf 79' lang='lat' dir='ltr'><strong>vulgo</strong></span> 
     </span>
     <span class='ocr_line' id='line_1_69' title="bbox 2026 4262 3603 4333; baseline 0.009 -21"><span class='ocrx_word' id='word_1_618' title='bbox 2026 4275 2123 4312; x_wconf 87' lang='lat' dir='ltr'><strong>non</strong></span> <span class='ocrx_word' id='word_1_619' title='bbox 2144 4263 2272 4314; x_wconf 88' lang='lat' dir='ltr'><strong>male</strong></span> <span class='ocrx_word' id='word_1_620' title='bbox 2296 4262 2533 4314; x_wconf 87' lang='lat' dir='ltr'><strong>audirent.</strong></span> <span class='ocrx_word' id='word_1_621' title='bbox 2600 4267 2743 4316; x_wconf 80' lang='lat' dir='ltr'><strong>Nunc</strong></span> <span class='ocrx_word' id='word_1_622' title='bbox 2781 4279 2947 4316; x_wconf 80' lang='lat' dir='ltr'><strong>eorum</strong></span> <span class='ocrx_word' id='word_1_623' title='bbox 2982 4266 3211 4332; x_wconf 86' lang='lat' dir='ltr'><strong>audacia,</strong></span> <span class='ocrx_word' id='word_1_624' title='bbox 3238 4271 3327 4333; x_wconf 85' lang='lat' dir='ltr'><strong>qui</strong></span> <span class='ocrx_word' id='word_1_625' title='bbox 3366 4287 3424 4324; x_wconf 89' lang='lat' dir='ltr'><strong>se</strong></span> <span class='ocrx_word' id='word_1_626' title='bbox 3461 4273 3603 4325; x_wconf 82' lang='lat' dir='ltr'><strong>nimis</strong></span> 
     </span>
     <span class='ocr_line' id='line_1_70' title="bbox 2026 4353 3603 4427; baseline 0.011 -18"><span class='ocrx_word' id='word_1_627' title='bbox 2026 4353 2367 4413; x_wconf 78' lang='lat' dir='ltr'><strong>inconsiderate</strong></span> <span class='ocrx_word' id='word_1_628' title='bbox 2390 4361 2599 4427; x_wconf 81' lang='lat' dir='ltr'><strong>jactant,</strong></span> <span class='ocrx_word' id='word_1_629' title='bbox 2635 4364 2818 4414; x_wconf 75' lang='lat' dir='ltr'><strong>tactum</strong></span> <span class='ocrx_word' id='word_1_630' title='bbox 2844 4368 2920 4416; x_wconf 88' lang='lat' dir='ltr'><strong>est</strong></span> <span class='ocrx_word' id='word_1_631' title='bbox 2951 4370 3006 4417; x_wconf 89' lang='lat' dir='ltr'><strong>ut</strong></span> <span class='ocrx_word' id='word_1_632' title='bbox 3032 4369 3212 4421; x_wconf 86' lang='lat' dir='ltr'><strong>rectius</strong></span> <span class='ocrx_word' id='word_1_633' title='bbox 3230 4371 3326 4424; x_wconf 83' lang='lat' dir='ltr'><strong>sibi</strong></span> <span class='ocrx_word' id='word_1_634' title='bbox 3348 4375 3603 4427; x_wconf 76' lang='lat' dir='ltr'><strong>consulere</strong></span> 
     </span>
     <span class='ocr_line' id='line_1_71' title="bbox 2026 4458 3601 4534; baseline 0.011 -26"><span class='ocrx_word' id='word_1_635' title='bbox 2026 4458 2280 4510; x_wconf 87' lang='lat' dir='ltr'><strong>videantur</strong></span> <span class='ocrx_word' id='word_1_636' title='bbox 2300 4461 2337 4510; x_wconf 89' lang='lat' dir='ltr'><strong>ii</strong></span> <span class='ocrx_word' id='word_1_637' title='bbox 2354 4461 2440 4525; x_wconf 83' lang='lat' dir='ltr'><strong>qui</strong></span> <span class='ocrx_word' id='word_1_638' title='bbox 2458 4461 2509 4512; x_wconf 89' lang='lat' dir='ltr'><strong>in</strong></span> <span class='ocrx_word' id='word_1_639' title='bbox 2524 4463 2625 4513; x_wconf 85' lang='lat' dir='ltr'><strong>otio</strong></span> <span class='ocrx_word' id='word_1_640' title='bbox 2642 4463 2815 4526; x_wconf 80' lang='lat' dir='ltr'><strong>degere</strong></span> <span class='ocrx_word' id='word_1_641' title='bbox 2840 4465 3029 4516; x_wconf 87' lang='lat' dir='ltr'><strong>malunt</strong></span> <span class='ocrx_word' id='word_1_642' title='bbox 3046 4481 3195 4531; x_wconf 79' lang='lat' dir='ltr'><strong>quam</strong></span> <span class='ocrx_word' id='word_1_643' title='bbox 3222 4471 3482 4534; x_wconf 65' lang='lat' dir='ltr'><strong>sapientias</strong></span> <span class='ocrx_word' id='word_1_644' title='bbox 3502 4481 3601 4526; x_wconf 83' lang='lat' dir='ltr'><strong>atu·</strong></span> 
     </span>
    </p>
   </div>
   <div class='ocr_carea' id='block_1_19' title="bbox 378 4560 3599 4651">
    <p class='ocr_par' dir='ltr' id='par_1_19' title="bbox 378 4560 3599 4651">
     <span class='ocr_line' id='line_1_72' title="bbox 378 4560 3599 4651; baseline 0.003 -24"><span class='ocrx_word' id='word_1_645' title='bbox 378 4565 769 4651; x_wconf 75' lang='grc' dir='ltr'>διατριὸόντων.</span> <span class='ocrx_word' id='word_1_646' title='bbox 853 4566 947 4634; x_wconf 87' lang='grc' dir='ltr'><strong>Τίς</strong></span> <span class='ocrx_word' id='word_1_647' title='bbox 994 4566 1097 4649; x_wconf 77' lang='grc' dir='ltr'><strong>γὰρ</strong></span> <span class='ocrx_word' id='word_1_648' title='bbox 1151 4570 1246 4628; x_wconf 79' lang='grc' dir='ltr'><strong>οὐκ</strong></span> <span class='ocrx_word' id='word_1_649' title='bbox 1287 4566 1352 4628; x_wconf 77' lang='grc' dir='ltr'><strong>ἂν</strong></span> <span class='ocrx_word' id='word_1_650' title='bbox 1404 4568 1671 4648; x_wconf 77' lang='grc' dir='ltr'>μισήσειεν</span> <span class='ocrx_word' id='word_1_651' title='bbox 1702 4568 1818 4648; x_wconf 80' lang='grc' dir='ltr'><strong>ἅμα</strong></span> <span class='ocrx_word' id='word_1_652' title='bbox 1844 4569 1936 4629; x_wconf 75' lang='grc' dir='ltr'><strong>καὶ</strong></span> <span class='ocrx_word' id='word_1_653' title='bbox 1956 4571 2003 4636; x_wconf 88' lang='lat' dir='ltr'><strong>b</strong></span> <span class='ocrx_word' id='word_1_654' title='bbox 2030 4560 2168 4611; x_wconf 64' lang='lat'><strong>‘¹50⁸5·</strong></span> <span class='ocrx_word' id='word_1_655' title='bbox 2194 4561 2315 4620; x_wconf 64' lang='lat'><strong>0⁰¹⁸</strong></span> <span class='ocrx_word' id='word_1_656' title='bbox 2330 4563 2458 4613; x_wconf 65' lang='lat' dir='ltr'><strong>enim</strong></span> <span class='ocrx_word' id='word_1_657' title='bbox 2480 4577 2576 4613; x_wconf 76' lang='lat'><strong>⁰⁰¹¹</strong></span> <span class='ocrx_word' id='word_1_658' title='bbox 2601 4563 2745 4615; x_wconf 64' lang='lat' dir='ltr'><strong>Simffl</strong></span> <span class='ocrx_word' id='word_1_659' title='bbox 2766 4568 2815 4616; x_wconf 65' lang='lat'><strong>⁰²</strong></span> <span class='ocrx_word' id='word_1_660' title='bbox 2840 4564 2997 4618; x_wconf 58' lang='lat' dir='ltr'><strong>⁰⁶⁶¹st</strong></span> <span class='ocrx_word' id='word_1_661' title='bbox 3020 4572 3072 4618; x_wconf 68' lang='lat'><strong>0²</strong></span> <span class='ocrx_word' id='word_1_662' title='bbox 3086 4575 3369 4623; x_wconf 54' lang='lat' dir='ltr'><strong>mum*</strong></span> <span class='ocrx_word' id='word_1_663' title='bbox 3390 4575 3599 4637; x_wconf 68' lang='lat' dir='ltr'><strong>Pfimssm</strong></span> 
     </span>
    </p>
   </div>
   <div class='ocr_carea' id='block_1_20' title="bbox 293 4653 1940 5266">
    <p class='ocr_par' dir='ltr' id='par_1_20' title="bbox 293 4653 1940 5266">
     <span class='ocr_line' id='line_1_73' title="bbox 376 4653 1937 4741; baseline 0.001 -25"><span class='ocrx_word' id='word_1_664' title='bbox 376 4655 786 4739; x_wconf 83' lang='grc' dir='ltr'>καταφρονήσειε</span> <span class='ocrx_word' id='word_1_665' title='bbox 815 4659 1020 4737; x_wconf 87' lang='grc' dir='ltr'>πρῶτον</span> <span class='ocrx_word' id='word_1_666' title='bbox 1048 4653 1143 4735; x_wconf 83' lang='grc' dir='ltr'><strong>μὲν</strong></span> <span class='ocrx_word' id='word_1_667' title='bbox 1184 4661 1290 4716; x_wconf 88' lang='grc' dir='ltr'><strong>τῶν</strong></span> <span class='ocrx_word' id='word_1_668' title='bbox 1315 4657 1436 4739; x_wconf 82' lang='grc' dir='ltr'>περὶ</span> <span class='ocrx_word' id='word_1_669' title='bbox 1472 4656 1566 4726; x_wconf 73' lang='grc' dir='ltr'><strong>τὰς</strong></span> <span class='ocrx_word' id='word_1_670' title='bbox 1605 4657 1776 4741; x_wconf 71' lang='grc' dir='ltr'>ἔριδας</span> <span class='ocrx_word' id='word_1_671' title='bbox 1816 4661 1937 4718; x_wconf 89' lang='grc' dir='ltr'>δια-</span> 
     </span>
     <span class='ocr_line' id='line_1_74' title="bbox 293 4741 1933 4828; baseline 0.001 -25"><span class='ocrx_word' id='word_1_672' title='bbox 293 4765 344 4804; x_wconf 68' lang='lat' dir='ltr'><strong>is</strong></span> <span class='ocrx_word' id='word_1_673' title='bbox 375 4743 675 4828; x_wconf 77' lang='grc' dir='ltr'>τριὸόντων,</span> <span class='ocrx_word' id='word_1_674' title='bbox 704 4741 756 4803; x_wconf 78' lang='grc' dir='ltr'><strong>οἳ</strong></span> <span class='ocrx_word' id='word_1_675' title='bbox 774 4749 1183 4826; x_wconf 77' lang='grc' dir='ltr'>προσποιοῦνται</span> <span class='ocrx_word' id='word_1_676' title='bbox 1217 4743 1311 4823; x_wconf 81' lang='grc' dir='ltr'><strong>μὲν</strong></span> <span class='ocrx_word' id='word_1_677' title='bbox 1338 4743 1432 4816; x_wconf 82' lang='grc' dir='ltr'><strong>τὴν</strong></span> <span class='ocrx_word' id='word_1_678' title='bbox 1462 4746 1710 4818; x_wconf 82' lang='grc' dir='ltr'>ἀλήθειαν</span> <span class='ocrx_word' id='word_1_679' title='bbox 1738 4749 1933 4825; x_wconf 76' lang='grc' dir='ltr'>ζητεῖν,</span> 
     </span>
     <span class='ocr_line' id='line_1_75' title="bbox 376 4829 1937 4915; baseline 0.003 -25"><span class='ocrx_word' id='word_1_680' title='bbox 376 4829 521 4900; x_wconf 68' lang='grc' dir='ltr'>εὐθὺς</span> <span class='ocrx_word' id='word_1_681' title='bbox 548 4830 593 4891; x_wconf 81' lang='grc' dir='ltr'>δ’</span> <span class='ocrx_word' id='word_1_682' title='bbox 619 4833 673 4891; x_wconf 78' lang='grc' dir='ltr'><strong>ἐν</strong></span> <span class='ocrx_word' id='word_1_683' title='bbox 703 4833 841 4913; x_wconf 80' lang='grc' dir='ltr'>ἀρχῇ</span> <span class='ocrx_word' id='word_1_684' title='bbox 871 4835 975 4891; x_wconf 88' lang='grc' dir='ltr'><strong>τῶν</strong></span> <span class='ocrx_word' id='word_1_685' title='bbox 1003 4831 1418 4911; x_wconf 78' lang='grc' dir='ltr'>ἐπαγγελμοίτων</span> <span class='ocrx_word' id='word_1_686' title='bbox 1444 4833 1608 4915; x_wconf 77' lang='grc' dir='ltr'>ψευδῆ</span> <span class='ocrx_word' id='word_1_687' title='bbox 1628 4832 1798 4911; x_wconf 88' lang='grc' dir='ltr'>λέγειν</span> <span class='ocrx_word' id='word_1_688' title='bbox 1823 4837 1937 4894; x_wconf 83' lang='grc' dir='ltr'>ἐπι·</span> 
     </span>
     <span class='ocr_line' id='line_1_76' title="bbox 376 4909 1940 5003; baseline 0.003 -25"><span class='ocrx_word' id='word_1_689' title='bbox 376 4925 670 5002; x_wconf 78' lang='grc' dir='ltr'>χειροῦσιν;</span> <span class='ocrx_word' id='word_1_690' title='bbox 701 4923 764 4997; x_wconf 75' lang='lat' dir='ltr'><strong>(a)</strong></span> <span class='ocrx_word' id='word_1_691' title='bbox 805 4909 955 4998; x_wconf 76' lang='grc' dir='ltr'>οἶμαι</span> <span class='ocrx_word' id='word_1_692' title='bbox 985 4918 1086 5002; x_wconf 78' lang='grc' dir='ltr'><strong>γὰρ</strong></span> <span class='ocrx_word' id='word_1_693' title='bbox 1115 4921 1312 4978; x_wconf 78' lang='grc' dir='ltr'>ἅπασιν</span> <span class='ocrx_word' id='word_1_694' title='bbox 1347 4912 1482 4978; x_wconf 71' lang='grc' dir='ltr'>εἶναι</span> <span class='ocrx_word' id='word_1_695' title='bbox 1509 4921 1727 5003; x_wconf 79' lang='grc' dir='ltr'>φανερὸν</span> <span class='ocrx_word' id='word_1_696' title='bbox 1755 4920 1836 4981; x_wconf 81' lang='grc' dir='ltr'><strong>ὅτι</strong></span> <span class='ocrx_word' id='word_1_697' title='bbox 1870 4921 1940 4981; x_wconf 77' lang='grc' dir='ltr'><strong>τὰ</strong></span> 
     </span>
     <span class='ocr_line' id='line_1_77' title="bbox 377 5006 1937 5090; baseline 0 -22"><span class='ocrx_word' id='word_1_698' title='bbox 377 5007 634 5084; x_wconf 81' lang='grc' dir='ltr'>μέλλοντα</span> <span class='ocrx_word' id='word_1_699' title='bbox 657 5006 1066 5090; x_wconf 82' lang='grc' dir='ltr'>προγιγνώσκειν</span> <span class='ocrx_word' id='word_1_700' title='bbox 1086 5009 1144 5068; x_wconf 85' lang='grc' dir='ltr'><strong>οὗ</strong></span> <span class='ocrx_word' id='word_1_701' title='bbox 1163 5011 1255 5079; x_wconf 77' lang='grc' dir='ltr'><strong>τῆς</strong></span> <span class='ocrx_word' id='word_1_702' title='bbox 1274 5007 1531 5088; x_wconf 81' lang='grc' dir='ltr'>ἡμετέρας</span> <span class='ocrx_word' id='word_1_703' title='bbox 1553 5006 1754 5084; x_wconf 87' lang='grc' dir='ltr'>φύσεώς</span> <span class='ocrx_word' id='word_1_704' title='bbox 1774 5011 1937 5088; x_wconf 74' lang='grc' dir='ltr'>ἐστιν,</span> 
     </span>
     <span class='ocr_line' id='line_1_78' title="bbox 379 5094 1938 5176; baseline 0.001 -22"><span class='ocrx_word' id='word_1_705' title='bbox 379 5094 516 5154; x_wconf 76' lang='grc' dir='ltr'>ἀλλὰ</span> <span class='ocrx_word' id='word_1_706' title='bbox 540 5101 784 5154; x_wconf 79' lang='grc' dir='ltr'>τοσοῦτον</span> <span class='ocrx_word' id='word_1_707' title='bbox 816 5094 1085 5176; x_wconf 78' lang='grc' dir='ltr'>ἀπέχομεν</span> <span class='ocrx_word' id='word_1_708' title='bbox 1111 5094 1303 5167; x_wconf 85' lang='grc' dir='ltr'>ταύτης</span> <span class='ocrx_word' id='word_1_709' title='bbox 1334 5100 1428 5169; x_wconf 75' lang='grc' dir='ltr'><strong>τῆς</strong></span> <span class='ocrx_word' id='word_1_710' title='bbox 1454 5095 1750 5176; x_wconf 79' lang='grc' dir='ltr'>φρονήσεως</span> <span class='ocrx_word' id='word_1_711' title='bbox 1763 5141 1778 5168; x_wconf 91' lang='grc'>,</span> <span class='ocrx_word' id='word_1_712' title='bbox 1813 5095 1938 5156; x_wconf 80' lang='grc' dir='ltr'>ὥσθ’</span> 
     </span>
     <span class='ocr_line' id='line_1_79' title="bbox 301 5181 1938 5266; baseline 0.001 -23"><span class='ocrx_word' id='word_1_713' title='bbox 301 5203 358 5244; x_wconf 81' lang='grc' dir='ltr'><strong>ου</strong></span> <span class='ocrx_word' id='word_1_714' title='bbox 374 5181 618 5264; x_wconf 82' lang='grc' dir='ltr'>Ὅμηρος</span> <span class='ocrx_word' id='word_1_715' title='bbox 638 5187 668 5243; x_wconf 84' lang='grc' dir='ltr'>δ</span> <span class='ocrx_word' id='word_1_716' title='bbox 690 5184 944 5264; x_wconf 88' lang='grc' dir='ltr'>μεγίστην</span> <span class='ocrx_word' id='word_1_717' title='bbox 967 5183 1055 5243; x_wconf 79' lang='grc' dir='ltr'><strong>ἐπὶ</strong></span> <span class='ocrx_word' id='word_1_718' title='bbox 1082 5183 1238 5266; x_wconf 76' lang='grc' dir='ltr'>σοφίᾳ</span> <span class='ocrx_word' id='word_1_719' title='bbox 1267 5181 1417 5252; x_wconf 84' lang='grc' dir='ltr'>δόξαν</span> <span class='ocrx_word' id='word_1_720' title='bbox 1441 5183 1664 5266; x_wconf 76' lang='grc' dir='ltr'>εἰληφὼς</span> <span class='ocrx_word' id='word_1_721' title='bbox 1690 5185 1782 5244; x_wconf 83' lang='grc' dir='ltr'><strong>καὶ</strong></span> <span class='ocrx_word' id='word_1_722' title='bbox 1819 5185 1938 5254; x_wconf 80' lang='grc' dir='ltr'>τοὺς</span> 
     </span>
    </p>
   </div>
   <div class='ocr_carea' id='block_1_21' title="bbox 2024 4665 3601 5138">
    <p class='ocr_par' dir='ltr' id='par_1_21' title="bbox 2024 4665 3601 5138">
     <span class='ocr_line' id='line_1_80' title="bbox 2024 4665 3599 4740; baseline 0.008 -26"><span class='ocrx_word' id='word_1_723' title='bbox 2024 4678 2109 4718; x_wconf 86' lang='lat' dir='ltr'><strong>eos</strong></span> <span class='ocrx_word' id='word_1_724' title='bbox 2125 4665 2208 4728; x_wconf 86' lang='lat' dir='ltr'><strong>qui</strong></span> <span class='ocrx_word' id='word_1_725' title='bbox 2229 4666 2281 4716; x_wconf 84' lang='lat' dir='ltr'><strong>iu</strong></span> <span class='ocrx_word' id='word_1_726' title='bbox 2300 4667 2417 4716; x_wconf 78' lang='lat' dir='ltr'><strong>rixis</strong></span> <span class='ocrx_word' id='word_1_727' title='bbox 2441 4670 2711 4731; x_wconf 81' lang='lat' dir='ltr'><strong>versantur,</strong></span> <span class='ocrx_word' id='word_1_728' title='bbox 2730 4669 2815 4732; x_wconf 87' lang='lat' dir='ltr'><strong>qui</strong></span> <span class='ocrx_word' id='word_1_729' title='bbox 2834 4683 2985 4733; x_wconf 86' lang='lat' dir='ltr'><strong>quum</strong></span> <span class='ocrx_word' id='word_1_730' title='bbox 3008 4671 3227 4723; x_wconf 84' lang='lat' dir='ltr'><strong>veritatis</strong></span> <span class='ocrx_word' id='word_1_731' title='bbox 3240 4673 3599 4740; x_wconf 73' lang='lat' dir='ltr'><strong>indagationem</strong></span> 
     </span>
     <span class='ocr_line' id='line_1_81' title="bbox 2024 4768 3600 4838; baseline 0.01 -20"><span class='ocrx_word' id='word_1_732' title='bbox 2024 4780 2127 4832; x_wconf 78' lang='lat' dir='ltr'><strong>prae</strong></span> <span class='ocrx_word' id='word_1_733' title='bbox 2166 4781 2220 4818; x_wconf 80' lang='lat' dir='ltr'><strong>se</strong></span> <span class='ocrx_word' id='word_1_734' title='bbox 2255 4768 2436 4832; x_wconf 75' lang='lat' dir='ltr'><strong>terant,</strong></span> <span class='ocrx_word' id='word_1_735' title='bbox 2477 4769 2644 4820; x_wconf 89' lang='lat' dir='ltr'><strong>statim</strong></span> <span class='ocrx_word' id='word_1_736' title='bbox 2685 4769 2748 4820; x_wconf 87' lang='lat' dir='ltr'><strong>ab</strong></span> <span class='ocrx_word' id='word_1_737' title='bbox 2790 4770 2927 4822; x_wconf 81' lang='lat' dir='ltr'><strong>initio</strong></span> <span class='ocrx_word' id='word_1_738' title='bbox 2960 4783 3158 4824; x_wconf 88' lang='lat' dir='ltr'><strong>suarum</strong></span> <span class='ocrx_word' id='word_1_739' title='bbox 3198 4775 3600 4838; x_wconf 82' lang='lat' dir='ltr'><strong>pollicitationum</strong></span> 
     </span>
     <span class='ocr_line' id='line_1_82' title="bbox 2026 4868 3601 4938; baseline 0.008 -18"><span class='ocrx_word' id='word_1_740' title='bbox 2026 4868 2217 4920; x_wconf 87' lang='lat' dir='ltr'><strong>mentiri</strong></span> <span class='ocrx_word' id='word_1_741' title='bbox 2244 4881 2338 4918; x_wconf 87' lang='lat' dir='ltr'><strong>non</strong></span> <span class='ocrx_word' id='word_1_742' title='bbox 2362 4868 2612 4921; x_wconf 75' lang='lat' dir='ltr'><strong>dubitent?</strong></span> <span class='ocrx_word' id='word_1_743' title='bbox 2640 4869 2709 4934; x_wconf 80' lang='lat'><strong>(2)</strong></span> <span class='ocrx_word' id='word_1_744' title='bbox 2736 4869 2975 4921; x_wconf 86' lang='lat' dir='ltr'><strong>omnibus</strong></span> <span class='ocrx_word' id='word_1_745' title='bbox 3001 4873 3132 4920; x_wconf 84' lang='lat' dir='ltr'><strong>enim</strong></span> <span class='ocrx_word' id='word_1_746' title='bbox 3151 4874 3473 4938; x_wconf 82' lang='lat' dir='ltr'><strong>perspicuum</strong></span> <span class='ocrx_word' id='word_1_747' title='bbox 3498 4895 3601 4932; x_wconf 77' lang='lat' dir='ltr'><strong>esse</strong></span> 
     </span>
     <span class='ocr_line' id='line_1_83' title="bbox 2024 4971 3600 5039; baseline 0.008 -17"><span class='ocrx_word' id='word_1_748' title='bbox 2024 4971 2229 5023; x_wconf 84' lang='lat' dir='ltr'><strong>arbitror</strong></span> <span class='ocrx_word' id='word_1_749' title='bbox 2263 4973 2535 5024; x_wconf 80' lang='lat' dir='ltr'><strong>suturarum</strong></span> <span class='ocrx_word' id='word_1_750' title='bbox 2576 4989 2737 5026; x_wconf 88' lang='lat' dir='ltr'><strong>rerum</strong></span> <span class='ocrx_word' id='word_1_751' title='bbox 2772 4975 3117 5039; x_wconf 72' lang='lat' dir='ltr'><strong>praenotionem</strong></span> <span class='ocrx_word' id='word_1_752' title='bbox 3157 4991 3257 5028; x_wconf 88' lang='lat' dir='ltr'><strong>non</strong></span> <span class='ocrx_word' id='word_1_753' title='bbox 3294 4992 3407 5032; x_wconf 83' lang='lat' dir='ltr'><strong>esse</strong></span> <span class='ocrx_word' id='word_1_754' title='bbox 3448 4984 3600 5034; x_wconf 83' lang='lat' dir='ltr'><strong>nostri</strong></span> 
     </span>
     <span class='ocr_line' id='line_1_84' title="bbox 2024 5072 3582 5138; baseline 0.007 -16"><span class='ocrx_word' id='word_1_755' title='bbox 2024 5073 2223 5136; x_wconf 85' lang='lat' dir='ltr'><strong>ingenii,</strong></span> <span class='ocrx_word' id='word_1_756' title='bbox 2244 5073 2327 5123; x_wconf 89' lang='lat' dir='ltr'><strong>sed</strong></span> <span class='ocrx_word' id='word_1_757' title='bbox 2352 5073 2576 5124; x_wconf 72' lang='lat' dir='ltr'><strong>humanae</strong></span> <span class='ocrx_word' id='word_1_758' title='bbox 2604 5072 2869 5136; x_wconf 62' lang='lat' dir='ltr'><strong>prudentia!</strong></span> <span class='ocrx_word' id='word_1_759' title='bbox 2890 5078 3086 5138; x_wconf 86' lang='lat' dir='ltr'><strong>captum</strong></span> <span class='ocrx_word' id='word_1_760' title='bbox 3112 5087 3266 5138; x_wconf 85' lang='lat' dir='ltr'><strong>usque</strong></span> <span class='ocrx_word' id='word_1_761' title='bbox 3304 5077 3433 5130; x_wconf 87' lang='lat' dir='ltr'><strong>adeo</strong></span> <span class='ocrx_word' id='word_1_762' title='bbox 3466 5095 3582 5132; x_wconf 82' lang='lat' dir='ltr'><strong>exce</strong></span> 
     </span>
    </p>
   </div>
   <div class='ocr_carea' id='block_1_22' title="bbox 2023 5179 3590 5258">
    <p class='ocr_par' dir='ltr' id='par_1_22' title="bbox 2023 5179 3590 5258">
     <span class='ocr_line' id='line_1_85' title="bbox 2023 5179 3590 5258; baseline 0.013 -29"><span class='ocrx_word' id='word_1_763' title='bbox 2023 5179 2165 5242; x_wconf 87' lang='lat' dir='ltr'><strong>dere,</strong></span> <span class='ocrx_word' id='word_1_764' title='bbox 2188 5183 2244 5232; x_wconf 87' lang='lat' dir='ltr'><strong>ut</strong></span> <span class='ocrx_word' id='word_1_765' title='bbox 2265 5184 2528 5246; x_wconf 82' lang='lat' dir='ltr'><strong>Homerus,</strong></span> <span class='ocrx_word' id='word_1_766' title='bbox 2550 5186 2763 5248; x_wconf 87' lang='lat' dir='ltr'><strong>palmam</strong></span> <span class='ocrx_word' id='word_1_767' title='bbox 2790 5191 3031 5253; x_wconf 68' lang='lat' dir='ltr'><strong>sapientia!</strong></span> <span class='ocrx_word' id='word_1_768' title='bbox 3062 5196 3331 5251; x_wconf 77' lang='lat' dir='ltr'><strong>maximam</strong></span> <span class='ocrx_word' id='word_1_769' title='bbox 3354 5219 3590 5258; x_wconf 61' lang='lat' dir='ltr'><strong>consecr..</strong></span> 
     </span>
    </p>
   </div>
   <div class='ocr_carea' id='block_1_23' title="bbox 377 5269 3583 5357">
    <p class='ocr_par' dir='ltr' id='par_1_23' title="bbox 377 5269 3583 5357">
     <span class='ocr_line' id='line_1_86' title="bbox 377 5269 3583 5357; baseline 0.004 -24"><span class='ocrx_word' id='word_1_770' title='bbox 377 5269 522 5340; x_wconf 73' lang='grc' dir='ltr'>θεοὺς</span> <span class='ocrx_word' id='word_1_771' title='bbox 545 5269 830 5357; x_wconf 81' lang='grc' dir='ltr'>πεποίηκεν</span> <span class='ocrx_word' id='word_1_772' title='bbox 862 5270 1002 5332; x_wconf 73' lang='grc' dir='ltr'>ἔστιν</span> <span class='ocrx_word' id='word_1_773' title='bbox 1028 5272 1114 5332; x_wconf 72' lang='grc' dir='ltr'><strong>ὅτε</strong></span> <span class='ocrx_word' id='word_1_774' title='bbox 1149 5270 1550 5352; x_wconf 85' lang='grc' dir='ltr'>βουλευομένους</span> <span class='ocrx_word' id='word_1_775' title='bbox 1577 5271 1707 5355; x_wconf 74' lang='grc' dir='ltr'>ὑπὲρ</span> <span class='ocrx_word' id='word_1_776' title='bbox 1744 5276 1936 5354; x_wconf 77' lang='grc' dir='ltr'>αὐτῶν,</span> <span class='ocrx_word' id='word_1_777' title='bbox 1965 5291 1999 5333; x_wconf 91' lang='lat' dir='ltr'><strong>c</strong></span> <span class='ocrx_word' id='word_1_778' title='bbox 2023 5269 2417 5334; x_wconf 58' lang='lat' dir='ltr'><strong>‘ubeffimdeoe</strong></span> <span class='ocrx_word' id='word_1_779' title='bbox 2426 5273 2679 5338; x_wconf 62' lang='lat' dir='ltr'><strong>&amp;liqffl’fioe</strong></span> <span class='ocrx_word' id='word_1_780' title='bbox 2694 5275 2756 5328; x_wconf 74' lang='lat'><strong>&lt;10</strong></span> <span class='ocrx_word' id='word_1_781' title='bbox 2770 5278 2943 5332; x_wconf 61' lang='lat' dir='ltr'><strong>futuris</strong></span> <span class='ocrx_word' id='word_1_782' title='bbox 2963 5281 3283 5340; x_wconf 57' lang='lat' dir='ltr'><strong>deliberantes</strong></span> <span class='ocrx_word' id='word_1_783' title='bbox 3292 5289 3583 5349; x_wconf 64' lang='lat' dir='ltr'><strong>inu-odam-</strong></span> 
     </span>
    </p>
   </div>
  </div>
 </body>
</html>
