3825 5842
1255 491 1282 549 Ι
1286 487 1654 550 SOCRATlS
1695 488 2143 553 PLATAICUS.

3228 505 3330 555 197

186 650 260 686 ται
284 624 406 705 μετὰ
439 628 540 684 τῶν
572 622 858 702 πολεμίων,
900 624 960 682 οὗ
995 620 1099 702 χρὴ
1141 620 1432 681 πιστεύειν·
1468 627 1702 681 τοιαῦται
1791 627 1907 679 nihil
1936 642 1991 680 ea
2016 631 2265 682 removeri
2305 631 2504 683 debetis.
2573 637 2639 683 Ea
2657 633 2787 708 enim
2812 634 3092 685 necessitate
3115 646 3343 698 premun-

183 715 269 797 γὰρ
289 713 458 782 αὐτοὺς
481 713 704 792 ἀνάγκαι
725 710 1122 794 κατειλήφασιν,
1152 708 1286 771 ὥστε
1305 709 1437 771 πολὺ
1466 710 1530 770 ἂν
1565 715 1704 770 θᾶτ-

183 827 256 862 τον
271 801 356 874 τὴν
379 801 626 883 ὑμετέραν
646 799 816 884 ἀρχὴν
841 799 878 872 ἢ
905 800 1000 872 τὴν
1027 797 1456 878 Λακεδαιμονίων
1485 822 1698 879 συμμα-

179 890 282 970 χίαν
307 889 641 964 ὕπομείναιεν.

1789 750 1886 807 tur,
1909 748 1967 795 ut
1996 746 2149 798 multo
2179 748 2403 799 libentius
2436 755 2647 800 vestrum
2676 749 2929 814 imperium
2972 763 3118 814 quam
3152 751 3343 801 societa-

1789 863 1886 910 tem
1907 859 2381 912 Lacedaemoniorum
2400 862 2499 912 sint
2518 862 2741 913 subituri.

101 982 186 1034 8⁰4
255 998 316 1040 ³9.
357 980 423 1038 Εἰ
451 979 497 1037 δ’
537 968 626 1037 οὗν
655 978 746 1036 καὶ
772 978 1022 1038 τάναντία
1051 976 1288 1056 μέλλοιεν
1316 977 1524 1037 ἅπαντα
1552 975 1695 1058 προί-
1725 991 1762 1032 a
1845 985 1925 1032 39.
1960 983 2025 1032 Ut
2045 986 2205 1032 autem
2228 982 2463 1032 contraria
2484 986 2647 1032 omnia
2668 983 2877 1034 facturos
2896 985 3241 1047 concedamus,
3268 990 3342 1035 ta-

180 1066 280 1140 istu,
303 1068 401 1125 Οὐδ’
426 1065 584 1134 Οὕτως
612 1070 840 1145 ἡγοῦμαι
861 1067 1146 1148 προσήκῃ*
1176 1069 1296 1142 ὑμῖν
1323 1070 1418 1138 τῆς
1438 1063 1698 1138 Θηὸαἶων
1785 1101 1896 1138 men
1920 1101 1981 1138 ne
2007 1088 2077 1137 sic
2108 1087 2301 1151 quidem
2324 1087 2495 1138 decere
2514 1087 2715 1138 arbitror
2744 1088 2907 1150 majori
2926 1103 3057 1140 ουτω
3074 1089 3214 1139 vobis
3236 1103 3343 1140 esse

177 1154 350 1222 πόλεως
377 1151 536 1212 πλείω
561 1152 884 1224 ποιήσασθαι
905 1153 1058 1231 λόγον
1085 1151 1119 1224 ἢ
1146 1157 1252 1212 τῶν
1280 1152 1446 1234 ὅρκων
1476 1153 1566 1213 καὶ
1590 1157 1693 1212 τῶν

178 1245 434 1320 συνθηκῶν,
460 1241 864 1319 ἐνθυμουμένους
889 1247 1094 1323 πρῶτον
1123 1240 1219 1320 μὲν
1247 1245 1316 1309 ὡς
1341 1243 1400 1301 οὗ
1431 1239 1548 1309 τοὺς
1585 1265 1696 1300 κιν-

176 1327 327 1397 δύνους
355 1329 486 1389 ἀλλὰ
521 1329 616 1398 τὰς
651 1328 856 1398 ἀδοξίας
885 1331 977 1390 καὶ
1002 1328 1095 1398 τὰς
1131 1329 1384 1409 αἰσχύνας
1422 1329 1692 1411 φοὸεἶσθαι

115 1431 155 1470 to
171 1417 360 1498 πάτριον
395 1422 513 1496 ὑμῖν
549 1419 710 1490 ἐστιν,
753 1417 912 1477 ἔπειθ’
950 1418 1029 1477 ὅτι
1066 1417 1342 1496 συμὸαίνει
1383 1419 1592 1498 κρατεῖν
1639 1420 1693 1476 ἐν

173 1508 258 1570 τοῖς
276 1505 506 1582 πολέμοις
521 1507 582 1564 οὗ
599 1505 719 1573 τοὺς
735 1503 825 1588 βίαΙ
846 1504 940 1573 τὰς
959 1505 1134 1574 πόλεις
1150 1503 1692 1586 καταστρεφομένους,

1788 1192 1953 1242 urbem
1986 1191 2319 1242 Thebanorum
2352 1205 2497 1256 quam
2531 1192 2686 1242 fredus
2717 1195 2767 1244 et
2786 1193 3138 1254 JusJuranduni.
3205 1195 3342 1256 Cogi·

1784 1297 1982 1348 tandum
1997 1297 2125 1349 enim
2142 1298 2349 1360 primum
2365 1311 2393 1346 a
2408 1297 2665 1360 majoribus
2682 1310 2771 1348 vos
2790 1297 3027 1360 accepisse
3047 1299 3101 1348 ut
3132 1311 3225 1347 non
3258 1311 3342 1362 pe-

1783 1403 1949 1466 ricula,
1970 1401 2055 1452 sed
2086 1402 2261 1466 probra
2280 1404 2329 1451 et
2351 1400 2557 1452 dedecus
2575 1404 2802 1452 metuatis
2816 1439 2831 1464 ,
2856 1402 3029 1453 deinde
3052 1403 3309 1453 usuvenire
3324 1439 3339 1464 ,

1785 1513 1836 1557 ut
1859 1509 1906 1557 in
1940 1507 2064 1558 bello
2094 1508 2361 1572 superiores
2384 1509 2483 1558 sint
2504 1521 2600 1557 non
2634 1508 2716 1572 qui
2746 1507 2963 1558 civitates
2981 1514 3227 1572 evertant,
3256 1507 3343 1559 sed

173 1589 288 1650 ἀλλὰ
307 1589 416 1659 τοὺς
441 1591 716 1673 ὁσιώτερον
741 1591 833 1651 καὶ
861 1592 1148 1676 πραότερον
1174 1593 1270 1667 τὴν
1295 1593 1534 1655 Ἑλλάδα
1565 1594 1693 1653 διοῑ·
1714 1590 1758 1654 b
1781 1612 1864 1676 qui
1888 1612 2097 1662 sanctius
2120 1613 2168 1661 et
2189 1611 2473 1661 clementius
2492 1613 2726 1661 Graeciam
2745 1611 3093 1664 administrent.
3162 1613 3261 1676 (40)
3283 1617 3344 1662 Et

170 1683 374 1747 κοῦντας.
456 1679 546 1760 (4ο)
583 1680 690 1740 Καὶ
711 1681 858 1740 ταῦτ’
889 1679 978 1740 ἐπὶ
1000 1681 1248 1741 πλειόνων
1279 1680 1373 1760 μὲν
1405 1681 1467 1741 ἄν
1485 1704 1561 1749 τις
1588 1704 1694 1739 πα-

170 1767 494 1852 ραδειγμάτων
527 1767 643 1848 ἔχοι
661 1770 893 1829 διελθεῖν·
909 1768 976 1828 τὰ
995 1770 1040 1830 δ’
1055 1763 1143 1830 οὖν
1174 1771 1252 1852 ἐφ’
1270 1775 1422 1849 ἡμῶν
1440 1769 1694 1849 γενόμενα

113 1869 152 1908 1⁵
169 1853 232 1920 τίς
253 1857 336 1914 οὐκ
360 1847 506 1930 οἶδεν,
537 1855 619 1916 ὅτι
641 1859 1044 1936 Λακεδαιμόνιοι
1070 1857 1166 1931 τὴν
1193 1858 1410 1937 δύναμιν
1440 1857 1534 1931 τὴν
1560 1863 1692 1936 ὑμε-

169 1940 298 2022 τέραν
327 1942 681 2004 ἀνυπόστατον
718 1947 971 2005 δοκοῦσαν
1007 1937 1139 2005 εἶναι
1175 1945 1466 2006 κατέλυσαν
1506 1946 1694 2028 μικρὰς

168 2028 246 2104 μὲν
281 2030 506 2110 ἀφορμὰς
548 2033 620 2099 εἷς
657 2030 746 2090 τὸν
779 2031 1008 2110 πόλεμον
1035 2033 1124 2092 τὸν
1163 2034 1302 2093 κατὰ
1341 2033 1602 2092 θάλατταν
1634 2032 1694 2092 τὸ

167 2119 342 2195 πρῶτον
368 2117 600 2197 ἔχοντες,
627 2118 714 2178 διὰ
740 2121 796 2179 δὲ
830 2118 926 2192 τὴν
963 2119 1114 2189 δόξαν
1136 2120 1330 2193 ταύτην
1359 2121 1692 2201 προσαγόμε-

163 2226 226 2262 νοι
253 2204 361 2273 τοὺς
389 2203 688 2280 Ἕλληνας,
714 2206 806 2267 καὶ
833 2208 992 2267 πάλιν
1025 2212 1173 2286 ὑμεῖς
1201 2208 1296 2282 τὴν
1336 2209 1505 2290 ἀρχὴν
1543 2209 1692 2292 ἀφεί-

105 2306 146 2344 tn
162 2293 292 2351 λεσθε
316 2291 408 2365 τὴν
427 2291 639 2353 ἐκείνων
674 2293 726 2364 ἐξ
748 2294 1044 2375 ἀτειχίστου
1065 2295 1160 2375 μὲν
1181 2301 1273 2369 τῆς
1291 2297 1489 2364 πόλεως
1509 2302 1690 2378 δρμη-
1717 2321 1754 2363 c

162 2377 310 2448 θέντες
344 2381 433 2441 καὶ
465 2386 647 2450 κακῶς
675 2381 1040 2463 πραττούσης,
1075 2385 1134 2444 τὸ
1172 2383 1226 2443 δὲ
1255 2385 1454 2445 δίκαιον
1488 2385 1693 2466 ἔχοντες

163 2465 442 2548 σύμμαχονς
464 2471 562 2549 (ει)
583 2470 675 2530 καὶ
700 2471 899 2532 τούτων
923 2476 994 2540 ὡς
1021 2475 1077 2532 οὗ
1106 2471 1347 2553 βασιλεὺς
1373 2473 1534 2541 αἴτιος
1555 2465 1640 2546 ἦν,
1664 2479 1692 2534 ὁ

162 2556 422 2626 τελευταῖος
447 2557 640 2638 χρόνος
666 2563 842 2641 σαφῶς
860 2558 1134 2628 ἐπέδειξεν·
1159 2559 1256 2629 ἔξω
1277 2561 1378 2642 γὰρ
1406 2563 1562 2621 αὐτοῦ
1585 2564 1689 2620 τῶν

163 2644 456 2722 πραγμάτων
474 2646 852 2726 γεγενημένου,
876 2647 1091 2708 καὶτῶν
1120 2648 1214 2726 μὲν
1245 2649 1504 2726 ὑμετέρων
1533 2651 1690 2708 ἀνελ-

103 2750 144 2790 23
165 2730 336 2800 πίστως
379 2733 634 2814 ἐχόντων,
672 2735 1104 2813 Λακεδαιμονίοις
1143 2735 1199 2795 δὲ
1239 2736 1424 2816 σχεδὸν
1467 2737 1687 2798 ἁπασῶν

159 2821 246 2876 τῶν
265 2821 456 2880 πόλεων
485 2822 862 2900 δουλευουσῶν,
891 2821 1034 2900 ὅμως
1059 2825 1230 2882 αὐτῶν
1248 2830 1488 2884 τοσοῦτον
1517 2849 1693 2906 περιε-

157 2903 354 2982 γένεσθε,
370 2911 737 2987 πολεμοῦντες,
755 2908 880 2970 ὥστ’
897 2910 1121 2979 ἐκείνους
1142 2913 1424 2994 ἀγαπητῶς
1451 2914 1574 2972 ἰδεῖν
1599 2913 1693 2987 τὴν

159 2993 339 3074 εἰρήνην
365 2997 668 3076 γενομένην.

1781 1718 1883 1768 baec
1907 1716 2121 1780 pluribus
2142 1717 2373 1779 exemplis
2406 1716 2723 1767 demonstrari
2754 1719 2953 1781 queunt.
3018 1717 3111 1768 Sed
3142 1717 3251 1780 quis
3272 1720 3345 1768 est

1781 1825 1863 1887 qui
1884 1822 1959 1872 vel
1978 1834 2033 1872 ea
2050 1835 2159 1886 quae
2178 1822 2353 1872 nostris
2368 1821 2639 1872 acciderunt
2653 1821 2950 1884 temporibus
2971 1822 3181 1884 ignoret,
3202 1825 3341 1874 Lace·

1782 1928 2046 1979 daemonios
2058 1932 2267 1979 vestram
2287 1929 2547 1992 potentiam
2561 1965 2576 1991 ,
2592 1942 2703 1992 qum
2716 1927 3051 1992 insuperabilis
3066 1928 3339 1990 videbatur,

1783 2033 2085 2096 repressisse,
2116 2045 2387 2095 quanquam
2409 2032 2545 2082 initio
2568 2045 2663 2082 non
2685 2032 2865 2095 optime
2885 2033 2947 2082 ad
2968 2032 3139 2084 navale
3165 2033 3343 2084 bellum

1781 2139 2041 2188 instructos
2054 2174 2069 2200 ,
2090 2137 2175 2188 sed
2198 2140 2385 2187 tantum
2399 2135 2620 2200 opinione
2644 2136 2733 2186 hac
2756 2137 2934 2187 Graecis
2949 2136 3007 2186 ast
3028 2151 3079 2188 se
3100 2137 3309 2200 pellectis
3322 2142 3345 2187 ?

1781 2243 1989 2292 vicissim
2017 2247 2065 2292 et
2094 2254 2179 2292 vos
2212 2242 2467 2305 imperium
2492 2243 2563 2292 eis
2594 2242 2842 2305 eripuisse,
2876 2255 3149 2305 quanquam
3178 2242 3343 2293 urbem

1781 2360 1876 2398 non
1908 2347 2141 2396 munitam
2162 2349 2211 2396 et
2235 2346 2377 2396 rebus
2404 2346 2613 2398 adversis
2636 2345 2953 2396 conluctatam
2975 2347 3242 2409 haberetis,
3272 2348 3342 2408 ju·

1781 2453 1925 2503 stitia}
1942 2453 2165 2503 societate
2196 2459 2243 2502 et
2263 2452 2484 2516 proesidio
2510 2452 2687 2503 fretos?
2711 2452 2810 2516 (41)
2829 2457 2985 2515 Atque
3008 2453 3087 2501 illa
3110 2453 3207 2514 regi
3226 2456 3339 2502 Per·

1780 2573 1942 2610 sarum
1975 2572 2071 2610 non
2094 2573 2201 2610 esse
2231 2559 2527 2622 ascribenda,
2549 2559 2623 2609 bis
2656 2560 2911 2622 postremis
2944 2561 3237 2623 temporibus
3264 2564 3338 2610 est

1779 2664 2031 2715 manifesto
2070 2664 2382 2715 declaratum.
2457 2666 2577 2714 Nam
2602 2678 2753 2727 quum
2793 2664 2871 2713 ille
2895 2655 3053 2714 rerum
3097 2670 3339 2727 gestarum

1779 2781 1955 2832 expers
1972 2771 2125 2830 esset,
2138 2782 2222 2818 vos
2241 2769 2369 2818 omni
2385 2781 2469 2832 spe
2486 2767 2730 2830 destituti,
2742 2769 2967 2818 omnibus
2980 2782 3115 2832 paene
3136 2768 3338 2819 civitati·

1781 2873 1873 2924 bus
1899 2876 2144 2924 Laconum
2184 2873 2413 2924 servitute
2448 2874 2712 2936 oppressis,
2745 2873 2869 2950 bello
2912 2878 3069 2924 tamen
3103 2876 3174 2924 eis
3210 2875 3341 2924 tanto

1781 2983 2051 3047 superiores
2077 2983 2264 3046 fuistis,
2289 2987 2343 3032 ut
2362 2995 2523 3046 pacem
2546 2982 2853 3046 cupidissime
2874 2983 2971 3033 sint
2987 2984 3208 3046 amplexi.

225 3101 286 3144 ιι,
331 3085 533 3158 Μηδεὶς
563 3079 650 3145 οὖν
691 3090 837 3164 ὑμῶν
877 3088 1170 3169 ὀρρωδείτω
1209 3089 1344 3162 μετὰ
1371 3095 1462 3148 τοῦ
1490 3088 1691 3149 δικαίου
1709 3089 1754 3155 d
1849 3093 1928 3140 ⁴2.
1954 3093 2105 3140 Nemo
2126 3089 2269 3151 igitur
2296 3092 2510 3138 vestrum
2530 3089 2835 3138 cohor-rescat
2854 3089 2894 3138 si
2921 3089 3127 3153 pericula
3146 3093 3342 3154 propter

97 3187 138 3228 ao
157 3170 431 3248 ποιούμενος
461 3173 586 3242 τοὺς
611 3173 898 3249 κινδύνους,
930 3178 1054 3254 μηδ’
1079 3176 1264 3237 οἰέσθω
1295 3177 1591 3257 συμμάχων
1621 3181 1690 3236 e'r-

155 3257 390 3338 πορήσειν,
417 3261 511 3321 ἐὰν
550 3267 657 3331 τοῖς
689 3263 1044 3343 ἀδικουμένοις
1067 3263 1276 3339 ἐθέλητε
1301 3269 1524 3346 βοηθεῖν,
1553 3265 1690 3324 ἀλλὰ

156 3345 220 3420 μὴ
258 3349 506 3420 θηὸαίοις
551 3350 740 3428 μόνοις·
787 3343 861 3419 οἷς
908 3358 998 3411 νῦν
1037 3352 1287 3412 τάναντία
1329 3353 1687 3434 ψηφισάμενοι

155 3433 351 3503 πολλοὺς
379 3438 650 3514 ἐπιθυμεῖν
680 3439 924 3512 ποιήσετε
955 3444 1049 3512 τῆς
1084 3439 1336 3522 ὑμετέρας
1360 3440 1553 3521 φιλίας.
1585 3441 1691 3501 Ἢν

153 3519 240 3600 γὰρ
266 3523 543 3597 ἐνδείξησθ’
582 3529 653 3594 ὣς
680 3527 870 3605 ὁμοίως
903 3527 1099 3586 ἅπασιν
1129 3525 1258 3607 ὑπὲρ
1287 3531 1388 3586 τῶν
1423 3532 1689 3600 συνθηκῶν

93 3620 134 3660 ³⁵
154 3611 528 3688 παρεσκεύασθε
549 3615 815 3693 πολεμεῖν,
839 3613 926 3694 (43)
947 3613 1077 3683 τίνες
1096 3618 1167 3682 εἰς
1185 3621 1324 3674 τοῦτ’
1349 3615 1522 3683 ἀνοίας
1545 3615 1692 3689 ἤξου·

153 3717 222 3753 σιν
253 3696 382 3758 ὥστε
407 3699 687 3781 βούλεσθαι
725 3699 858 3781 μετὰ
892 3706 996 3762 τῶν
1023 3701 1518 3780 καταδουλουμένων
1555 3694 1687 3762 εἶναι

1775 3184 2009 3246 iustitiam
2032 3185 2250 3236 adeunda
2272 3185 2473 3247 fuerint,
2496 3199 2653 3248 neque
2682 3185 2771 3235 sibi
2804 3187 2959 3236 socios
2990 3185 3151 3235 defore
3176 3189 3341 3249 putet,

1775 3283 1816 3332 si
1835 3283 2057 3346 opitulari
2071 3283 2316 3333 volueritis
2331 3283 2500 3346 injuria
2514 3283 2719 3334 oneratis
2733 3320 2748 3345 ,
2768 3289 2817 3334 et
2836 3298 2931 3334 non
2948 3285 3063 3335 solis
3078 3285 3340 3346 Thebanis3

1779 3389 1943 3433 eontra
1967 3396 2088 3446 quos
2123 3385 2163 3433 si
2196 3397 2327 3432 nunc
2359 3383 2645 3434 sententiam
2682 3385 2914 3447 tuleritis,
2950 3387 3006 3435 ut
3034 3383 3093 3434 ad
3134 3387 3341 3434 vestram

1779 3483 2035 3534 amicitiam
2067 3483 2208 3532 multi
2240 3496 2292 3533 se
2322 3484 2539 3536 conferre
2560 3485 2737 3546 velint,
2775 3483 3009 3535 efficietis.
3090 3483 3184 3533 Ubi
3212 3484 3341 3534 enim

1781 3598 1866 3634 vos
1897 3590 2093 3648 paratos
2118 3598 2221 3634 esse
2250 3584 2375 3634 bella
2400 3599 2539 3648 aeque
2561 3588 2728 3635 contra
2754 3599 2921 3636 omnes
2954 3599 3042 3649 pro
3073 3585 3343 3636 defensione
3444 3609 3451 3618 ·

1779 3685 2012 3736 foederum
2052 3685 2287 3747 suscipere
2324 3684 2665 3747 ostenderitis,
2707 3686 2806 3749 (43)
2841 3687 3036 3749 quinam
3070 3681 3171 3735 ta'm
3203 3689 3343 3736 erunt

154 3785 332 3856 μᾶλλον
363 3785 400 3860 ἢ
444 3790 562 3865 μεθ’
588 3791 734 3865 ὓμῶν
762 3794 866 3849 τῶν
908 3791 1039 3871 ὑπὲρ
1069 3796 1163 3862 τῆς
1191 3794 1360 3850 αὑτῶν
1398 3791 1688 3871 ihueeptac
1709 3813 1745 3854 e
1773 3787 2016 3841 amentes,
2042 3785 2097 3830 ut
2113 3793 2223 3830 cum
2242 3781 2609 3843 oppressoribus
2629 3795 2681 3831 se
2704 3782 2991 3863 conjungere
3008 3781 3179 3832 malint
3194 3794 3341 3843 quam

154 3870 562 3952 ἅγωνιζομένων;
586 3877 632 3934 εἰ
655 3875 710 3934 δὲ
739 3875 814 3953 μή
827 3921 844 3948 ,
861 3876 914 3936 τί
937 3877 1195 3955 λέγοντες,
1215 3877 1278 3948 ἣν
1299 3879 1457 3938 πάλιν
1475 3879 1689 3957 γένηται

150 3959 384 4038 πόλεμος,
413 3960 663 4032 ἀξιώσετε
689 3963 1046 4044 προσάγεσθαι
1066 3964 1184 4032 τοὺς
1204 3961 1500 4038 Ἕλληνας,
1527 3968 1572 4024 εἷ
1593 3965 1688 4036 τὴν

87 4063 132 4100 ιο
150 4047 442 4127 αὐτονομίαν
466 4049 818 4132 προτείνοντες
834 4052 1083 4112 ἐνδώσετε
1106 4059 1310 4135 πορθεῖν
1331 4053 1586 4125 Θηὸαίοις
1603 4053 1691 4125 ἥν-

1777 3879 2053 3940 vobiscum‚
2078 3879 2311 3929 libertatis
2336 3879 2552 3940 ipsorum
2582 3879 2947 3928 defensoribus?
2973 3880 3057 3930 Sin
3079 3881 3217 3929 aliter
3239 3879 3340 3928 ani·

1780 3975 1892 4024 mati
1910 3975 2025 4024 estis
2039 4011 2053 4036 ,
2074 3975 2256 4039 quibus
2286 3974 2447 4025 verbis
2466 3977 2662 4024 Graecos
2680 3975 2893 4024 allicietis
2918 3975 3043 4024 bello
3071 3975 3245 4024 iterum
3269 3975 3339 4024 in·

1775 4073 1999 4134 grueute,
2032 4071 2073 4121 si
2110 4071 2379 4120 libertatem
2413 4071 2765 4135 prm-tendentes
2786 4071 3120 4121 Thebanorum
3153 4072 3336 4122 libidini

70 4137 235 4192 ³⁰5³&
263 4133 324 4194 &v
355 4137 652 4217 βθύλθΝΊῑ(ιι
673 4143 775 4199 τῶν
804 4139 1033 4214 πόλεωνὶ
1063 4143 1153 4218 (⁴⁴)
1173 4145 1283 4207 πῶς
1299 4140 1343 4198 δ’
1364 4141 1422 4198 Οὐ
1443 4139 1688 4199 τάναντία
1718 4161 1754 4201 a
1777 4170 2015 4234 quaslibet
2038 4170 2256 4220 civitates
2280 4170 2541 4218 vastandas
2568 4170 2915 4232 permiseritis?
2949 4171 3049 4231 (44)
3075 4183 3173 4232 quo
3202 4177 3341 4233 pacto

151 4222 420 4300 φανήσεσθε
441 4225 756 4309 πράττοντες
777 4229 900 4304 ὑμῖν
922 4230 1119 4299 αὐτοῖς,
1144 4230 1188 4287 εἰ
1205 4225 1474 4300 Θηὸαίους
1497 4228 1592 4306 μὲν
1613 4228 1688 4306 μὴ

151 4309 484 4372 διακωλύσετε
512 4313 932 4395 παραΰαίνοντας
965 4313 1080 4383 τοὺς
1107 4314 1291 4397 ὅρκους
1324 4316 1414 4376 καὶ
1445 4315 1536 4382 τὰς
1565 4339 1688 4375 συν-

149 4397 316 4472 θήκας,
343 4401 471 4482 πρὸς
491 4401 548 4461 δὲ
575 4403 1016 4478 Λακεδαιμονίους
1038 4401 1166 4484 ὑπὲρ
1178 4408 1282 4462 τῶν
1305 4407 1475 4463 αὐτῶν
1493 4403 1689 4464 τούτων

84 4493 124 4533 ⁴⁵
148 4489 550 4565 προσποιήσεσθε
587 4492 863 4568 πολεμεῖν,
894 4492 984 4551 καὶ
1010 4497 1113 4551 τῶν
1143 4491 1238 4570 μὲν
1266 4491 1548 4570 κτημάτων
1585 4497 1689 4552 τῶν

149 4574 392 4658 ὑμετέροιν
417 4580 592 4636 αὐτῶν
621 4577 907 4652 ἀπέστητε,
934 4579 1237 4659 βουλόμενοι
1263 4579 1360 4651 τὴν
1379 4579 1688 4659 συμμαχίαν

145 4665 206 4728 ὥς
226 4665 474 4746 μεγίστην
499 4671 744 4740 ποιῆσαι,
776 4666 985 4734 τούτους
1017 4669 1072 4726 δὲ
1093 4667 1201 4740 τὴν
1238 4668 1512 4748 ἀλλοτρίαν
1549 4667 1689 4748 ἔχειν

1777 4270 1985 4320 levitatis
2006 4276 2055 4321 et
2073 4269 2403 4319 inconstantioe
2417 4269 2596 4319 crimen
2620 4248 2887 4330 effugietis,
2904 4269 2944 4318 si
2967 4268 3221 4318 Thebanos
3239 4269 3341 4331 jus-

1773 4367 2033 4431 jurandum
2059 4373 2109 4417 et
2141 4366 2317 4416 foedera
2344 4366 2521 4417 violare
2554 4366 2745 4427 sinetis,
2772 4378 2858 4428 pro
2887 4365 3063 4428 quibus
3087 4366 3205 4429 ipsis
3233 4380 3338 4415 san·

1777 4465 1957 4514 ciendis
1970 4477 2053 4514 vos
2068 4462 2439 4514 Lacedaemoniis
2450 4462 2624 4512 inferre
2634 4462 2811 4512 bellum
2824 4460 3139 4525 profiteamini
3152 4467 3173 4512 ?
3187 4475 3338 4524 quum

1777 4563 1873 4627 ipsi
1899 4565 2069 4613 vestris
2093 4561 2470 4626 possessionibus
2492 4561 2663 4612 cedere
2685 4562 2961 4623 volueritiS,
2988 4566 3043 4612 ut
3060 4563 3337 4613 societatem

1778 4679 1923 4730 quam
1936 4666 2195 4716 maximam
2209 4664 2485 4724 redderetis,
2502 4663 2680 4714 istosne
2692 4664 2845 4714 aliena
2866 4669 3026 4714 tenere
3043 4667 3093 4713 et
3114 4677 3171 4713 ea
3188 4664 3341 4714 facere

147 4750 308 4811 ἐάσετε
330 4752 422 4813 καὶ
445 4760 664 4814 τῦῑαῧτα
695 4755 860 4814 ποῑεῗν
887 4755 940 4824 ἐξ
966 4746 1038 4814 ὧν
1073 4754 1297 4822 ἅπαντες
1323 4755 1527 4835 χείρους
1554 4759 1688 4832 ὑμᾶς
1712 4755 1755 4818 b
1784 4772 1975 4832 sinetis,
1998 4774 2189 4834 propter
2210 4783 2319 4832 quoe
2336 4769 2543 4818 universi
2562 4768 2700 4832 pejus
2721 4769 2783 4819 de
2806 4768 2942 4818 vobis
2966 4767 3341 4818 existimabunt?

145 4847 392 4916 νομιοῦσιν
412 4833 575 4916 εἶναις
602 4841 692 4924 (4ο)
717 4841 745 4900 ὃ
768 4841 821 4902 δὲ
846 4842 1055 4901 πάντων
1077 4841 1383 4915 δεινότατον,
1406 4843 1451 4901 εἷ
1471 4847 1574 4909 τοῖς
1594 4842 1688 4919 μὲν

84 4939 128 4977 ⁵⁰
147 4934 358 5009 συνεχῶς
383 4929 524 5008 μετὰ
551 4930 982 5009 Λακεδαιμονίων
1002 4929 1362 5009 γεγενημένοις
1385 4929 1687 5007 δεδογμένον

146 5017 256 5092 ὑμῖν
287 5020 398 5077 ἐστι
435 5021 662 5098 βοηθεῖν,
691 5017 756 5088 ἤν
795 5041 848 5077 τι
886 5017 1254 5098 παράσπονδον
1294 5018 1468 5083 αὐτοῖς
1505 5019 1688 5074 ἐκεῖνοι

147 5105 546 5182 προστάττωσιν,
583 5109 727 5183 ἡμᾶς
761 5105 832 5181 δ’,
876 5103 928 5164 οἳ
962 5104 1052 5164 τὸν
1093 5103 1189 5182 μὲν
1225 5105 1467 5164 πλεῖστον
1503 5103 1688 5184 χρόνον

1780 4875 1876 4936 (45)
1898 4873 2023 4923 111υά
2048 4876 2208 4922 autem
2230 4871 2442 4920 omnium
2461 4871 2845 4933 indignissimum
2868 4874 2968 4929 est,
2992 4869 3034 4917 si
3059 4869 3196 4918 vobis
3217 4869 3337 4919 deli-

1777 4981 1997 5030 beratum
2021 4978 2112 5029 erit
2136 4977 2239 5027 istis
2262 4990 2402 5040 opem
2434 4977 2581 5036 ferre,
2615 4975 2699 5039 qui
2723 4973 3017 5023 continenter
3048 4986 3077 5020 a
3110 4972 3337 5022 Lacedae-

1777 5087 1951 5138 moniis
1974 5089 2234 5148 steterunt,
2254 5084 2293 5133 si
2317 5084 2430 5148 quid
2452 5084 2521 5133 eis
2542 5080 2708 5132 foederi
2737 5079 3028 5130 contrarium
3051 5078 3118 5128 illi
3142 5079 3337 5141 impera-

148 5192 248 5268 μεθ’
267 5196 414 5271 ὑμῶν
433 5192 577 5262 ὄντες
593 5191 1047 5272 διατετελέκαμεν,
1057 5193 1146 5252 τὸν
1167 5192 1523 5255 attenuatos,
1536 5191 1691 5268 μόνον
1771 5193 1893 5253 rint,
1913 5204 2005 5241 nos
2019 5203 2133 5241 vero
2146 5226 2160 5249 ,
2180 5189 2264 5252 qui
2279 5187 2552 5250 longissimo
2564 5188 2779 5248 tempore
2798 5197 2885 5233 vos
2898 5186 3172 5232 constanter
3186 5182 3336 5232 secuti

150 5280 370 5358 πόλεμον
399 5279 502 5341 ὑπὸ
525 5281 961 5372 Λακεδαιμονίοις
990 5279 1394 5362 ἠναγκάσθημεν
1421 5279 1689 5362 γενέσθαι,

1777 5309 1951 5346 sumus
1965 5331 1982 5358 ,
2004 5295 2054 5345 in
2075 5299 2289 5346 extremo
2308 5291 2463 5343 solum
2478 5289 2607 5341 bello
2619 5301 2785 5354 parere
2803 5287 3175 5340 Lacedaemoniis
3187 5287 3335 5337 coacti
