3825 5842
485 476 596 527 314

483 628 608 685 τερα
637 601 681 661 δ’
721 601 814 661 οὔκ
851 592 917 672 ἦν
957 618 1046 675 μοι
1087 596 1293 675 λαχεῖν,
1325 594 1369 652 εἰ
1398 590 1474 668 μὴ
1515 586 1755 667 πείσαιμι
1791 586 2031 666 τούτους;

485 691 625 751 Ἀλλ’
650 691 678 749 ὁ
703 689 864 768 νόμος
882 688 956 767 τῷ
981 681 1278 766 βουλομένῳ
1307 678 1488 740 δίδωσι
1504 676 1598 749 τὴν
1615 675 1863 749 ἐξουσίαν,
1895 674 2031 734 ὥστε

409 797 461 839 25
485 783 637 838 τοῦτο
681 779 774 835 οὐκ
821 766 884 847 ἦν
932 774 1104 838 αὐτοῖς
1143 771 1325 832 εἰπεῖν.
1404 767 1543 827 Ἀλλ’
1591 755 1730 845 εἶχόν
1779 764 1896 821 τινοί
1946 784 2035 841 μοι

491 864 778 947 μαρτυρίαν
805 866 895 921 τοῦ
924 857 1264 940 πράγματος,
1289 856 1354 928 ἣν
1383 855 1428 913 εἰ
1465 850 1540 931 μὴ
1569 848 1912 932 ἐμαρτύρουν,
1943 851 2035 909 οὔκ

489 954 704 1030 ἔμελλον
728 946 1129 1009 ἐπιδικάσασθαι
1152 943 1372 1018 τούτων;
1394 941 1557 1003 Ἀλλὰ
1584 939 1720 1000 κατὰ
1760 938 1903 1018 γένος
1931 940 2037 1015 ἠμ-

491 1038 795 1125 φισὸήτουν,
823 1039 880 1097 οὗ
921 1034 1058 1095 κατὰ
1087 1033 1250 1110 δόσιν,
1281 1030 1402 1091 ὥστ’
1427 1028 1570 1089 οὐδὲν
1610 1027 1713 1088 ἔδει
1740 1025 2037 1108 μαρτύρων.

492 1128 580 1209 (aa)
613 1125 770 1188 Ἀλλδι
807 1122 910 1203 μὴν
945 1127 990 1184 εἰ
1028 1121 1161 1202 μήτε
1198 1118 1546 1180 κοινώσασθαι
1571 1116 1632 1175 τὸ
1651 1123 1872 1197 πρᾶγμα
1900 1116 2037 1186 ἐνῆν,

491 1216 566 1275 ὅτ’
597 1215 683 1287 ἔζη
713 1214 1049 1295 Στρατοκλῆς
1064 1258 1080 1285 ,
1111 1208 1244 1287 μήτε
1289 1212 1317 1266 ὃ
1356 1204 1534 1286 πατὴρ
1579 1207 1718 1264 αὐτῶ
1762 1202 2038 1262 κατέλιπεν

491 1299 921 1379 ἐπιδικασάμενος
945 1298 1139 1358 τούτων
1169 1293 1349 1374 μηδέν,
1374 1292 1508 1371 μήτε
1532 1290 1665 1358 εἰκὸς
1725 1314 1752 1349 ν
1796 1287 2041 1369 μεταδώ-

493 1415 598 1451 σειν
635 1387 728 1468 ἐμὲ
771 1386 831 1447 τὸ
881 1382 1188 1466 ἡμικλήριον
1233 1383 1554 1460 ὁμολογῆσαι
1599 1380 1771 1459 αὐτῷ,
1822 1377 2039 1437 ἀπέδοτε

426 1500 451 1535 υ
491 1481 535 1540 δ’
553 1482 698 1558 ὑμεῖς
714 1472 1106 1541 ἕπιδικάσαντίς
1121 1496 1211 1551 μοι
1233 1476 1411 1532 τοῦτον
1427 1468 1515 1531 τὸν
1529 1472 1742 1549 κλῆρον,
1761 1468 1809 1525 οἱ
1832 1464 1886 1525 δὲ
1909 1465 2043 1543 μήτε

493 1566 682 1648 ἔλαχον
726 1568 826 1623 τῶν
857 1565 1025 1624 αὐτῶν
1069 1559 1191 1640 μήτ’
1225 1557 1626 1641 ἀμφισὸητῆσαι
1649 1554 1852 1615 πώποτ’
1887 1553 2045 1625 ἠξίω-

495 1680 618 1735 σαν,
647 1656 756 1721 πῶς
783 1651 886 1735 χρὴ
912 1648 1125 1718 πιστοὺς
1156 1640 1286 1707 εἶναι
1315 1645 1538 1725 νομίζειν
1577 1644 1694 1711 τοὺς
1721 1642 1914 1702 τούτων
1956 1640 2047 1701 λό-

494 1768 644 1825 γους,
689 1740 793 1819 ἐγὼ
845 1738 940 1819 μὲν
985 1738 1160 1817 οἴομαι
1183 1737 1442 1815 οὗδαμῶς.
1531 1734 1622 1813 (27)
1672 1734 2047 1813 Προσποιεῒται

496 1832 662 1893 τοίνυν
700 1822 844 1897 οὗτος
886 1826 1084 1911 (ἐπειδὴ
1110 1824 1247 1885 τοῦτ’
1277 1821 1485 1891 εἰκότως
1511 1820 1575 1883 ἃν
1605 1819 1945 1899 θαυμάζοιτε,
1969 1818 2047 1879 ὅτι

496 1927 586 1980 τοῦ
625 1916 938 1999 ἡμικληρίου
977 1915 1095 1975 τότε
1137 1912 1232 1985 τὴν
1277 1911 1424 1985 δίκην
1470 1912 1565 1971 οὐκ
1607 1908 1914 1989 ἐλάγχανον)
1957 1911 2047 1967 τοῦ

502 2006 595 2087 μὲν
623 2006 698 2086 μὴ
725 2008 908 2085 λαχεῖν
935 2000 1063 2083 πρὸς
1090 2000 1313 2067 ἐκείνους
1343 1998 1437 2077 ἐμὲ
1465 1989 1596 2057 εἶναι
1623 1992 1786 2055 α’ίτιον
1823 1998 1892 2062 ὣς
1923 1998 2048 2071 ὁμο-

505 2094 802 2173 λογήσαντα
831 2086 1169 2170 μεταδώσειν,
1196 2085 1330 2145 ὥστε
1359 2084 1446 2145 διὰ
1471 2082 1610 2143 τοῦτ’
1641 2083 1702 2142 οὗ
1735 2104 2048 2163 παρακατα·

503 2184 713 2243 Θάλλειν
743 2183 941 2253 αὖτοῖς,
968 2183 1062 2250 τῆς
1091 2176 1145 2236 δὲ
1169 2174 1297 2259 πρὸς
1323 2173 1416 2252 ἐμὲ
1437 2170 1630 2245 λήξεως
1658 2168 1897 2249 ἐμποδὼν
1922 2160 2052 2229 εἶναι

500 2270 618 2339 τοὺς
637 2269 824 2348 νόμους
858 2269 935 2346 (οὖ
961 2265 1063 2348 γὰρ
1087 2255 1220 2325 εἶναι
1246 2271 1352 2331 τοῖς
1377 2261 1616 2345 ὀρφανοῖς
1639 2256 1777 2319 κατὰ
1801 2261 1905 2319 τῶν
1938 2260 2052 2318 ἔπι-

427 2386 480 2425 ss
503 2356 758 2439 τρόπων),
801 2353 1024 2437 οὐδέτερ’
1067 2353 1237 2425 ἀληθῆ
1281 2350 1467 2428 λέγων.
1551 2349 1640 2426 (as)
1686 2345 1826 2408 Οὔτε
1856 2344 1959 2425 γὰρ
1990 2344 2054 2404 ἂν

503 2446 658 2524 νόμον
688 2442 893 2514 δείξειεν
919 2441 973 2510 ὃς
995 2439 1186 2501 κωλύει
1212 2444 1390 2498 τοῦτον
1419 2435 1549 2515 ὑπὲρ
1575 2440 1667 2495 τοῦ
1693 2432 1875 2501 παιδὸς
1906 2432 2053 2506 δίκην

505 2536 628 2617 παρ’
657 2536 786 2611 ἐμοῦ
828 2527 1137 2608 λαμὸάνειν·
1163 2528 1219 2587 οὗ
1248 2526 1350 2607 γάρ
1386 2528 1523 2585 ἐστιν
1550 2520 1932 2599 ἐναντιούμενος
1973 2522 2056 2581 ού·-

507 2619 638 2694 δείς,
660 2620 776 2677 ἀλλ’
803 2616 946 2676 ὥσπε
1013 2612 1104 2675 καὶ
1130 2611 1330 2695 γραφὰς
1356 2610 1472 2671 κατ’
1501 2613 1626 2689 ἐμοῦ
1657 2608 1892 2683 δέδωκεν,
1921 2606 2057 2669 οὕτω

509 2706 598 2767 καὶ
626 2705 771 2773 δίκας
795 2704 912 2783 ἐμοὶ
936 2639 1067 2763 aquen
1106 2702 1196 2763 καὶ
1230 2705 1306 2782 τῷ
1341 2697 1490 2759 παιδὶ
1527 2696 1826 2769 πεποίηκεν·
1861 2694 1968 2756 οὔτ’
1992 2688 2059 2759 αὗ

511 2794 600 2853 διὰ
642 2799 809 2854 ταῦτα
849 2791 1059 2859 ἐκείνοις
1095 2792 1199 2857 τοῖς
1243 2786 1563 2870 προσήκουσι
1603 2790 1692 2845 τοῦ
1735 2783 1929 2866 κλήρου
1970 2787 2061 2845 οὒκ

508 2880 812 2962 ἐλάγχανον,
846 2884 918 2948 ὥς
953 2882 1080 2957 ἐμοῦ
1121 2877 1440 2957 μεταδώσειν
1467 2872 1884 2953 ὁμολογήσαντος
1898 2920 1915 2947 ,
1945 2872 2060 2933 ἀλλ’

431 2995 484 3036 ao
513 2968 590 3029 ὅτι
612 2971 718 3029 οὐδ’
739 2972 906 3029 ὁτιοῦν
933 2968 1104 3034 αὐτοῖς
1129 2965 1324 3025 τούτων
1345 2968 1446 3024 τῶν
1473 2960 1759 3043 χρημάτων
1783 2964 2061 3041 προσῆκεν.

513 3058 600 3137 (aa)
629 3048 711 3118 Εὖ
738 3058 784 3116 δ’
815 3046 910 3116 οἷδ’
939 3054 1018 3115 ὅτι
1046 3054 1151 3114 οὐδ’
1177 3056 1222 3113 εἰ
1249 3049 1574 3133 συνεχώρουν
1601 3052 1677 3132 τῷ
1704 3050 1854 3109 παιδὶ
1880 3048 2061 3109 λαὸεἴν

514 3144 937 3225 ἐπιδικασαμένῳ
963 3144 1090 3221 παρ’
1113 3145 1239 3220 ἐμοῦ
1273 3140 1332 3201 τὸ
1358 3136 1688 3218 ἡμικλήριον,
1711 3140 1804 3197 οὐκ
1835 3136 1897 3197 ἄν
1938 3160 2065 3198 ποτε

511 3232 656 3292 ταῦτ’
685 3232 935 3305 ἐποίησαν
967 3230 1070 3291 οὔδ’
1093 3228 1456 3311 ἐπεχείρησαν,
1483 3224 1673 3293 εἰδότες
1699 3224 1805 3299 ὅτι,
1829 3223 1904 3284 ὅτ’
1924 3228 1977 3285 ἐν
1998 3230 2064 3306 τῇ

516 3320 790 3403 ἀγχιστεία
815 3320 888 3398 μὴ
909 3318 1050 3387 ὄντες
1069 3310 1208 3399 εἶχόν
1227 3340 1277 3377 τι
1301 3320 1402 3375 τῶν
1425 3315 1501 3394 μὴ
1519 3312 1907 3393 προσηκόντων,
1929 3316 2067 3373 τοῦτ’

518 3408 582 3469 ἂν
630 3406 730 3467 ὑπὸ
776 3411 879 3467 τῶν
930 3404 1190 3485 ἐγγύτατα
1243 3402 1418 3482 γένους
1471 3401 1656 3483 ῥαδίως
1711 3400 2065 3482 ἀφῃρέθησαν.

515 3494 695 3575 ’Ὅπερ
722 3492 940 3576 γὰρκαὶ
976 3491 1224 3574 πρότερον
1252 3484 1417 3564 εἶπον,
1457 3492 1516 3549 οὗ
1556 3489 1736 3549 δίδωσι
1775 3490 1887 3566 μεθ’
1931 3494 2071 3566 ἡμᾶς

521 3585 625 3651 τοῖς
685 3581 955 3662 ἡμετέροις
1003 3579 1156 3639 παισὶ
1208 3578 1268 3638 τὸ
1328 3576 1580 3657 παράπαν
1626 3575 1722 3647 τὴν
1767 3576 2069 3655 ἀγχιστείαν

435 3684 500 3734 87
522 3676 549 3731 ὁ
577 3671 761 3748 νόμος,
799 3666 934 3728 ἀλλὰ
971 3672 1076 3735 τοῖς
1113 3664 1240 3747 πρὸς
1279 3665 1473 3745 μητρὸς
1513 3669 1606 3724 τοῦ
1647 3664 2066 3735 τελευτήσαντος.

527 3757 616 3840 (so)
653 3748 819 3817 ’Ἧκεν
863 3754 923 3814 ἂν
943 3746 1030 3814 οὗν
1059 3754 1144 3813 ἔπ’
1165 3752 1300 3812 αὐτὰ
1318 3758 1470 3813 τοῦτο
1485 3752 1579 3830 μὲν
1619 3755 1648 3810 ὃ
1667 3750 1916 3813 Γλαύκων
1938 3756 1967 3811 ὁ
1984 3757 2073 3810 τοῦ

523 3843 724 3924 Ἁγνίου
761 3841 1008 3924 ἀδελφός,
1033 3840 1160 3923 πρὸς
1181 3838 1238 3899 ὃν
1271 3839 1346 3918 μὴ
1387 3836 1466 3897 ὅτι
1503 3836 1647 3916 γένος
1687 3828 1828 3918 εἶχον
1865 3837 2075 3916 ἄμεινον

528 3936 709 4006 εἰπεῖν,
757 3930 894 3990 ἀλλὰ
943 3930 1032 3989 καὶ
1081 3927 1180 3998 ἔξω
1225 3931 1320 3999 τῆς
1361 3928 1396 3985 ἅ
1472 3925 1664 3993 ιστείας
1709 3923 1965 4006 ἐφαίνοντ’
2014 3924 2075 3984 ἂν

528 4020 694 4094 ὄντες,
712 4026 863 4080 τοῦτο
885 4020 950 4093 δ’,
965 4014 1100 4096 εἰμὴ
1119 4014 1361 4077 ἐδούλετο
1380 4038 1410 4074 ο
1536 4018 1595 4089 ,ἡ
1618 4012 1818 4093 Ἁγνίου
1836 4012 2078 4074 κάκείνου

532 4108 740 4191 μήτηρ,
765 4110 1028 4188 προσῆκον
1056 4106 1148 4165 καὶ
1182 4106 1315 4183 αὐτῇ
1349 4106 1441 4174 τῆς
1467 4100 1765 4181 ἀγχιστείας
1800 4106 1890 4161 τοῦ
1922 4104 2081 4173 αὖτῆς

471 4220 497 4259 s
527 4196 658 4262 υἱέος
673 4240 689 4269 ,
730 4192 857 4255 ὥσθ’
897 4190 1042 4253 ὁπότ’
1087 4190 1368 4271 ἠγωνίζετο
1410 4190 1538 4270 πρὸς
1579 4188 1698 4256 τοὺς
1745 4186 1904 4264 μηδὲν
1945 4188 2081 4267 γένει

527 4282 912 4364 προσήκοντας,
954 4282 1184 4363 φανερῶς
1225 4278 1289 4338 διν
1331 4276 1490 4337 ἔλαὸε
1523 4276 1582 4335 τὸ
1612 4274 1925 4354 ἡμικλήριον
1957 4275 2081 4355 παρ’

531 4375 698 4449 ὑμῶν,
725 4375 876 4429 τοῦτο
908 4374 1000 4427 τοῦ
1041 4366 1241 4427 δικαίου
1277 4366 1370 4426 καὶ
1403 4368 1506 4424 τῶν
1543 4362 1711 4442 νόμων
1754 4365 1888 4443 αὐτῇ
1930 4365 2083 4424 δεδω-

531 4458 714 4518 κότων.
797 4458 885 4534 (31)
915 4457 1120 4515 Οὐκοῦν
1153 4451 1236 4512 διὰ
1259 4451 1404 4511 ταῦτ’
1425 4451 1518 4510 οὔκ
1557 4449 1863 4530 ἐλάγχανεν,
1891 4453 1992 4532 οὐχ
2013 4454 2083 4519 ὥς

534 4546 599 4604 δι’
627 4544 720 4622 ἐμὲ
753 4542 789 4616 ἢ
829 4541 950 4609 τοὺς
975 4539 1162 4619 νόμους
1182 4536 1538 4617 κωλυόμενος,
1563 4537 1700 4597 ἀλλὰ
1734 4536 1930 4604 ταύτας
1955 4561 2085 4619 προ·

534 4626 713 4714 φάσεις
758 4629 1061 4707 ποιούμενος
1105 4628 1191 4687 ἐπὶ
1231 4627 1426 4695 ταύτας
1455 4624 1547 4694 τὰς
1585 4624 1928 4705 συκοφαντίας
1962 4624 2084 4698 ἐλή-

534 4724 705 4794 λυθεν,
731 4718 784 4789 ἐξ
820 4711 894 4778 ὧν
933 4716 1138 4799 γραφὴν
1165 4714 1496 4797 γραψάμενος
1536 4714 1626 4773 καὶ
1653 4712 1746 4791 ἐμὲ
1787 4711 2085 4772 διαὸάλλων

537 4808 733 4875 ἐλπίζει
779 4806 1032 4887 χρήματα
1080 4803 1338 4885 λήψεσθαι
1389 4800 1480 4861 καὶ
1533 4799 1626 4878 ἐμὲ
1667 4806 1760 4872 τῆς
1803 4800 2087 4877 ἐπιτροπῆς

462 4919 512 4959 io
537 4894 874 4964 ἀπαλλάξειν.
971 4892 1081 4954 Καὶ
1124 4890 1286 4952 οἴεται
1331 4892 1496 4951 δεινοῦ
1539 4912 1674 4955 τινος
1718 4887 1896 4967 ἀνδρὸς
1938 4886 2085 4969 ἔργον

539 4984 944 5066 διαπράττεσθαι
982 4981 1196 5049 ταύταις
1219 4983 1335 5047 ταῖς
1363 4978 1746 5058 παρασκευαῖς,
1771 4974 1849 5037 ὅτι
1881 4975 1957 5054 μὴ
1984 4999 2087 5036 κα-

539 5072 798 5155 τορθώσας
848 5070 942 5150 μὲν
985 5066 1129 5128 οὐδὲν
1179 5069 1364 5127 ἀπολεῖ
1402 5070 1505 5125 τῶν
1555 5068 1711 5124 αὗτοῧ
1729 5108 1748 5142 ,
1801 5062 2091 5144 διαπραξά-

543 5184 694 5239 μενος
715 5162 759 5219 δ’
789 5160 822 5219 ἃ
853 5158 1095 5241 βούλεται
1119 5156 1212 5215 καὶ
1236 5154 1304 5215 τὰ
1329 5160 1421 5215 τοῦ
1448 5153 1630 5220 παιδὸς
1655 5153 1816 5240 ἀδεῷς
1840 5151 1943 5226 ἤδη
1976 5154 2088 5211 δια·

543 5248 774 5331 φορήσει.
874 5248 966 5326 (aa)
1014 5246 1218 5306 Οὐκοῦν
1261 5246 1320 5303 οὗ
1371 5243 1449 5301 δεῖ
1488 5241 1762 5323 προσέχειν
1805 5244 1939 5320 ὑμᾶς
1985 5240 2090 5307 τοῖς

1287 456 1545 523 ΙΣΑῙΟΥ
1584 457 1635 517 Ο
1675 450 1858 517 ΠΕΡΙ
1895 452 2049 517 ΤΟΥ
2089 454 2369 517 armo?
2412 456 2737 518 ΚΛΗΡΟΥ.

3380 460 3517 539 52⁸³*
3544 484 3625 543 ²¹³⁷.

2120 596 2207 647 soli
2236 596 2547 649 hereditatem
2582 612 2643 649 ex
2670 610 2774 650 asse
2804 596 3169 651 addicentibus?
3196 601 3259 652 At
3272 603 3433 655 eratne
3460 607 3636 663 forsitan

2120 667 2236 717 mihi
2274 672 2525 731 negatum,
2562 670 2651 721 nisi
2694 670 2783 721 hos
2817 670 2935 720 mihi
2969 671 3317 736 conciliassent,
3354 674 3638 733 hereditatem

2121 740 2315 801 petere?
2348 740 2494 803 Atqui
2532 741 2615 790 lex
2644 741 2825 791 volenti
2865 741 3043 803 cuique
3077 742 3266 793 veniam
3306 745 3405 805 eJus
3443 750 3505 799 rei
3538 751 3637 802 dat·

2123 812 2412 873 quapropter
2435 811 2527 860 hac
2543 810 2739 873 quidem
2764 812 2836 861 uti
2859 812 3134 862 causatione
3160 813 3253 863 illis
3282 827 3379 865 non
3409 816 3530 869 licet.
3590 794 3643 875 Αί

2125 879 2229 929 erat
2250 880 2447 931 forsitan
2468 894 2613 943 penoe
2644 881 2752 930 illos
2784 881 2977 945 aliquod
3006 884 3328 933 testimonium
3342 922 3357 947 ,
3380 898 3471 950 quo
3496 903 3643 944 carens

2125 961 2213 1009 ego
2244 950 2644 1011 adiudicationem
2679 951 2953 1002 hereditatis
2970 951 3165 1015 adipisci
3190 966 3287 1003 non
3318 960 3552 1017 poteram?
3574 966 3642 1013 At.

2126 1021 2288 1083 quiex
2304 1022 2445 1071 titulo
2465 1022 2757 1084 cognationis
2776 1024 2995 1085 petebam
3013 1059 3028 1083 ‚
3048 1036 3148 1072 non
3178 1037 3242 1074 ex
3270 1027 3409 1076 titulo
3427 1027 3647 1092 legationis

2125 1094 2512 1144 testamentarioe.
2580 1098 2685 1153 Quo
2726 1106 2835 1155 ergo
2866 1096 3039 1144 testes?
3089 1096 3187 1155 (26)
3225 1098 3369 1159 Atqui
3406 1101 3473 1163 si,
3511 1103 3646 1153 donec

2127 1164 2359 1227 superfuit
2378 1164 2659 1224 Stratocles,
2681 1164 2799 1212 mihi
2819 1178 2916 1214 non
2941 1164 3076 1214 licuit
3106 1166 3448 1219 clandestinum
3474 1171 3531 1221 de
3558 1188 3646 1235 par·

2128 1234 2302 1285 tiendis
2324 1233 2464 1285 bonis
2484 1236 2679 1297 pactum
2708 1234 2852 1297 inire,
2878 1247 3035 1298 neque
3058 1238 3194 1299 pater
3218 1236 3305 1299 ipsi
3334 1238 3509 1303 [puero
3531 1246 3649 1293 stra-

2128 1304 2269 1355 toclis
2286 1305 2415 1373 tilio]
2436 1306 2607 1355 horum
2630 1304 2857 1368 [nagniae
2886 1306 3153 1371 bonorum]
3172 1310 3430 1372 quicquam
3454 1312 3651 1379 reliquit,

2130 1378 2365 1427 sententia
2400 1376 2619 1439 judicum
2648 1376 2741 1428 sibi
2764 1376 3090 1439 adjudicatum
3122 1378 3324 1442 adeptus
3340 1417 3354 1443 ,
3388 1396 3535 1445 neque
3561 1399 3654 1447 pro·

2133 1445 2289 1497 babile
2310 1448 2383 1497 est
2406 1460 2487 1497 me
2521 1446 2790 1509 pollicitum
2825 1447 2911 1511 ipsi
2940 1447 3157 1512 [puero]
3188 1462 3291 1499 esse
3323 1451 3568 1515 quicquam
3604 1457 3656 1508 de

2132 1516 2423 1567 restituenda
2446 1517 2639 1567 semisse
2668 1516 2969 1581 hereditatis,
2989 1532 3075 1569 vos
3098 1522 3264 1569 autem
3286 1522 3405 1572 mibi
3445 1524 3560 1573 banc
3587 1526 3655 1576 be-

2134 1585 2384 1637 reditatem
2420 1586 2777 1649 adjudicavistis
2790 1622 2807 1649 ‚
2840 1587 2909 1637 iiii
2934 1601 3055 1639 vero
3084 1602 3243 1651 neque
3280 1592 3435 1641 sortiti
3470 1596 3574 1644 sunt
3606 1596 3659 1647 de

2133 1655 2301 1707 iisdem
2314 1656 2551 1707 actionem
2560 1658 2607 1706 in
2628 1670 2704 1706 me
2715 1670 2874 1720 neque
2884 1670 3080 1721 aequum
3093 1659 3374 1721 jndicarunt
3382 1675 3479 1713 esse
3490 1678 3659 1715 mecum

2136 1732 2351 1779 certare:
2378 1732 2463 1793 qut
2487 1743 2575 1792 par
2609 1728 2671 1779 sit
2680 1740 2768 1777 vos
2786 1729 2963 1784 borum
2972 1730 3396 1793 praedicationibus
3414 1733 3550 1785 fidem
3586 1738 3659 1787 lia·

2136 1798 2277 1849 bere?
2296 1802 2393 1861 Ego
2410 1798 2603 1861 quidem
2616 1796 2821 1847 arbitror
2837 1798 2987 1861 perid
3008 1812 3106 1849 non
3115 1812 3231 1850 esse.
3252 1800 3464 1863 (27).iam
3482 1818 3561 1855 vos
3578 1820 3661 1857 me·

2137 1870 2229 1918 rito
2248 1868 2515 1930 miremini,
2558 1881 2647 1918 cur
2673 1867 2757 1917 illo
2781 1868 3001 1931 tempore
3028 1868 3081 1919 bi
3104 1869 3167 1918 de
3190 1870 3385 1921 semisse
3413 1872 3662 1927 hereditatis

2137 1942 2321 1991 certare
2333 1940 2594 1991 omiserint.
2615 1940 2705 1989 cui
2717 1938 3001 1989 dubitationi
3014 1942 3191 1992 vestrae
3214 1955 3313 2005 quo
3330 1948 3543 1995 occurrat
3560 1948 3629 1997 hic
3642 1984 3656 2009 ‚

2139 2012 2533 2073 comminiscitur,
2574 2009 2834 2073 quominus
2880 2012 3121 2063 actionem
3187 2012 3239 2062 in
3288 2012 3405 2065 istos
3454 2014 3665 2080 [reliquos

2138 2081 2392 2147 cognatos]
2426 2082 2513 2144 ipsi
2552 2080 2891 2145 instituissent,
2940 2082 2993 2133 in
3042 2096 3190 2133 causa
3220 2096 3301 2133 me
3332 2084 3471 2135 fuisse
3502 2088 3579 2151 qui
3614 2090 3665 2138 de

2139 2153 2299 2203 danda
2322 2152 2514 2203 semisse
2550 2150 2935 2215 spopondissem,
2975 2154 3025 2203 et
3058 2156 3315 2218 propterea
3344 2168 3396 2205 se
3420 2168 3665 2209 sacramen-

2142 2225 2249 2274 tum
2296 2237 2392 2273 non
2423 2222 2720 2285 deposuisse3
2764 2223 3023 2284 quominus
3062 2228 3230 2275 autem
3270 2226 3359 2289 ipsi
3394 2240 3470 2277 me
3498 2230 3663 2279 actione

2142 2295 2556 2359 persequerentur,
2580 2293 2704 2355 leges
2726 2292 3044 2344 intercessisse
3058 2329 3071 2355 ,
3088 2308 3175 2358 per
3193 2308 3315 2358 quas
3346 2298 3531 2361 pupillis
3554 2300 3666 2349 haud

2143 2365 2284 2414 liceat
2304 2365 2517 2414 actiones
2538 2363 2747 2413 forenses
2767 2362 2819 2411 in
2848 2376 2961 2413 suos
2978 2365 3169 2415 tutores
3198 2366 3469 2417 intentare:
3494 2371 3543 2418 at
3560 2383 3666 2420 neu-

2146 2438 2277 2486 trum
2324 2436 2502 2484 horum
2552 2435 2625 2483 ent
2680 2433 2871 2483 veritati
2904 2438 3300 2488 consentaneum.
3392 2440 3487 2496 (28)
3525 2444 3667 2501 Neque

2146 2508 2274 2557 enim
2302 2507 2456 2569 legem
2484 2506 2657 2557 babeat
2674 2504 2887 2569 proferre
2903 2542 2920 2567 ,
2938 2520 3049 2571 quae
3066 2511 3203 2559 vetet
3233 2510 3391 2571 ipsum
3414 2524 3497 2573 pro
3512 2512 3669 2575 pupillo

2146 2591 2341 2629 causam
2364 2580 2533 2628 contra
2550 2591 2629 2628 me
2654 2589 2825 2639 agere3
2845 2577 2979 2629 nulia
2994 2579 3123 2629 enim
3144 2579 3308 2630 obstat
3324 2580 3420 2644 lex,
3438 2581 3516 2632 sed
3542 2586 3591 2632 ut
3606 2584 3669 2633 lex

2147 2649 2325 2713 inme,
2361 2649 2401 2699 si
2434 2649 2671 2713 pupilium
2688 2646 2883 2711 laedam,
2915 2650 3181 2713 majestatis
3218 2651 3454 2703 actionem
3488 2653 3590 2717 dat,
3616 2656 3672 2704 ita

2148 2720 2304 2771 multo
2318 2720 2467 2783 magis
2488 2720 2595 2771 vult
2613 2721 2775 2771 locum
2794 2734 2895 2771 esse
2911 2721 3109 2785 privatis
3124 2722 3255 2772 inter
3273 2735 3352 2773 me
3370 2723 3673 2789 pupillumqus

2148 2790 2417 2843 actionibus
2453 2804 2466 2835 =
2504 2806 2661 2856 neque
2696 2794 2843 2844 etiam
2879 2794 3135 2855 propterea
3174 2806 3205 2843 a
3246 2795 3549 2847 contentione
3578 2810 3673 2846 cuin

2150 2862 2245 2914 iilis
2284 2862 2461 2927 quibus
2506 2864 2741 2915 hereditas
2794 2862 3050 2927 competit,
3086 2863 3409 2927 destiterunt,
3436 2868 3561 2930 quod
3602 2882 3675 2931 ego

2150 2932 2264 2997 ipsis
2282 2932 2599 2996 promisissem
2620 2947 2699 2983 me
2720 2945 2962 2983 semissem
2984 2932 3267 2984 hereditatis
3292 2948 3405 2985 cum
3435 2936 3541 2999 ipsis
3560 2950 3675 2986 com-

2154 3004 2534 3065 municaturum,
2570 3003 2653 3053 sed
2688 3004 2794 3053 ideo
2826 3002 2957 3067 quod
2996 3004 3178 3053 conscii
3230 3006 3319 3055 sibi
3356 3008 3491 3056 erant
3524 3007 3597 3069 Jus
3634 3008 3676 3057 in

2154 3074 2259 3125 hoec
2282 3074 2411 3124 bona
2436 3073 2525 3123 sibi
2542 3074 2731 3124 nullum
2748 3087 2866 3125 esse.
2933 3073 3033 3137 (29)
3051 3077 3240 3125 Verum
3266 3075 3528 3138 enimvero,
3556 3078 3593 3127 si
3613 3081 3679 3129 vei

2154 3146 2367 3195 maxime
2398 3144 2587 3193 veniam
2614 3146 2729 3195 buic
2765 3157 2918 3209 puero
2956 3144 3199 3195 dedissem
3234 3145 3505 3197 hereditatis
3532 3153 3678 3199 semis-

2154 3225 2257 3262 sem
2288 3224 2316 3261 a
2340 3223 2421 3261 me
2452 3209 2502 3260 in
2532 3211 2639 3273 iure
2664 3210 2855 3275 petendi
2890 3212 3063 3273 atque,
3088 3212 3175 3261 ubi
3196 3226 3305 3262 eam
3322 3226 3351 3261 a
3364 3212 3591 3275 jndicibus
3605 3216 3679 3265 sibi

2157 3276 2477 3339 adJudicatam
2508 3277 2833 3341 impetrasset,
2853 3278 3099 3341 exigendi,
3128 3282 3295 3329 certus
3310 3280 3471 3329 tamen
3490 3294 3591 3329 sum
3610 3296 3681 3333 eos

2157 3356 2403 3407 nunquam
2439 3343 2489 3393 id
2515 3346 2725 3395 facturos
2755 3346 2897 3395 tuisse
2925 3359 2937 3389 =
2964 3347 3182 3409 proiecto
3216 3360 3280 3397 ne
3315 3348 3471 3397 conati
3506 3350 3678 3409 quidem

2158 3413 2343 3472 essent,
2369 3410 2491 3461 bene
2514 3414 2680 3475 gnari,
2700 3414 2741 3463 si
2761 3414 2982 3462 tenerent
3006 3414 3222 3475 aliquam
3257 3416 3443 3476 partem
3467 3414 3679 3466 bonorum

2160 3478 2222 3529 ad
2242 3491 2295 3553 se
2318 3478 2385 3527 nil
2402 3480 2707 3529 attinentium
2724 3516 2739 3540 ‚
2760 3492 2913 3543 quum
2946 3482 3101 3529 essent
3122 3482 3263 3530 extra
3288 3480 3678 3545 propinquitatem,

2160 3555 2405 3607 proximos
2445 3548 2672 3607 cognatos
2710 3546 2843 3595 iliam
2896 3546 3024 3595 facili
3066 3546 3263 3608 negotio
3302 3548 3541 3608 erepturos
3577 3562 3679 3599 esse.

2161 3618 2282 3665 Nam
2301 3652 2316 3678 ,
2344 3616 2395 3665 id
2417 3614 2549 3677 quod
2574 3614 2750 3665 iterum
2782 3616 2927 3677 atque
2950 3614 3127 3663 iterum
3148 3614 3289 3674 dico,
3316 3612 3395 3665 lex
3424 3612 3573 3662 liberis
3605 3622 3683 3659 no-

2161 3682 2273 3733 stris
2296 3683 2401 3745 post
2438 3679 2685 3731 excessum
2720 3682 2936 3730 nostrum
2972 3681 3345 3744 propinquitatis
3379 3678 3565 3729 titulum
3601 3689 3686 3727 non

2161 3752 2368 3815 amplius
2390 3750 2503 3802 facit
2522 3750 2761 3813 reliquum
2774 3784 2791 3811 ‚
2824 3748 2909 3798 sed
2930 3762 3043 3798 eum
3060 3748 3121 3798 ad
3147 3747 3517 3811 consanguineos
3532 3758 3557 3793 a
3568 3747 3687 3807 parte

2164 3819 2330 3869 matris
2362 3818 2602 3867 transfert.
2668 3818 2765 3880 (30)
2792 3817 2964 3866 Veniet
3000 3817 3165 3879 itaque
3202 3816 3341 3867 istaec
3361 3815 3423 3864 ab
3448 3826 3503 3863 eo
3534 3812 3688 3875 repeti-

2165 3890 2267 3939 tum
2286 3924 2301 3950 ,
2328 3886 2441 3936 hinc
2480 3886 2663 3938 Glauco
2702 3886 2899 3949 Hagniae
2940 3886 3083 3935 frater
3123 3885 3385 3947 (adversus
3424 3896 3563 3947 quem
3600 3896 3687 3932 non

2166 3952 2470 4005 solummodo
2520 3952 2768 4003 meliorem
2807 3952 3100 4015 cognationis
3136 3951 3339 4001 titulum
3374 3950 3566 4011 allegare
3604 3961 3686 3997 non

2166 4022 2386 4084 possent,
2412 4018 2496 4069 sed
2518 4032 2580 4069 ne
2602 4019 2755 4069 ullum
2780 4018 2973 4083 quidem
2989 4054 3005 4081 ,
3040 4018 3221 4081 quippe
3249 4018 3337 4081 qui
3362 4018 3493 4067 extra
3520 4015 3687 4078 propin-

2168 4090 2401 4153 quitatem
2426 4088 2575 4152 sint),
2596 4088 2726 4138 illinc
2748 4091 2901 4137 mater
2926 4089 3121 4151 Hagnioe
3144 4086 3474 4149 Glauconique
3498 4096 3687 4132 commu·

2168 4159 2269 4221 nis,
2301 4158 2341 4209 si
2380 4158 2549 4220 veliet,
2580 4157 2755 4222 quippe
2780 4159 2858 4207 cui
2887 4158 2977 4222 ipsi
3014 4170 3211 4221 quoque
3232 4157 3402 4206 titulus
3426 4153 3686 4216 cogmtioffl

2170 4236 2282 4274 cum
2323 4224 2421 4273 iilio
2446 4236 2534 4273 suo
2558 4226 2811 4287 competit;
2844 4238 2943 4287 quo
2982 4225 3199 4273 futurum
3235 4224 3361 4273 esset
3388 4224 3470 4283 ut,
3493 4221 3530 4269 si
3552 4222 3685 4268 mater

2170 4292 2525 4341 contentionem
2543 4304 2655 4341 cum
2672 4292 2730 4341 iis
2754 4292 2896 4343 iniret
2912 4292 2996 4355 qui
3025 4292 3261 4352 Hagniam
3280 4289 3551 4353 cognatione
3565 4300 3683 4349 pror-

2168 4372 2250 4411 sus
2270 4358 2401 4407 nulla
2416 4357 2685 4421 attingunt,
2704 4359 2946 4410 semissem
2958 4371 3015 4409 ea
3028 4357 3131 4409 sita
3146 4358 3309 4420 vobis,
3330 4356 3523 4419 jndices,
3542 4350 3683 4417 procul

2171 4425 2303 4474 omni
2319 4424 2464 4474 dubio
2490 4424 2735 4487 ablatura,
2763 4427 2940 4488 quippe
2969 4438 3115 4487 quam
3138 4424 3181 4473 ei
3212 4426 3265 4473 et·
3294 4424 3420 4485 leges
3450 4421 3602 4482 etipsa
3616 4418 3685 4467 dat

2171 4492 2388 4555 aequitas.
2454 4492 2555 4553 (31)
2582 4496 2679 4543 iias
2702 4493 2847 4555 igitur
2868 4494 2931 4543 ob
2954 4505 3121 4541 causas
3142 4492 3383 4541 actionem
3410 4489 3459 4538 in
3476 4488 3548 4537 me
3562 4486 3683 4536 sorti·

2171 4564 2253 4610 tus
2270 4562 2376 4609 tum
2397 4572 2496 4609 non
2514 4559 2603 4609 suit
2619 4596 2634 4621 ,
2654 4573 2751 4611 non
2777 4567 2941 4611 autem
2969 4558 3077 4609 ideo
3110 4560 3241 4623 quod
3258 4559 3384 4609 esset
3408 4569 3438 4606 a
3460 4568 3535 4605 me
3563 4556 3637 4603 aut
3662 4566 3686 4602 a

2172 4628 2355 4691 iegibus
2379 4628 2633 4690 impeditus
2649 4664 2665 4689 ,
2698 4629 2781 4679 sed
2818 4629 2905 4679 hos
2940 4630 3201 4691 prietextus
3218 4625 3515 4677 commentus
3532 4623 3588 4673 ad
3614 4623 3686 4671 has

2171 4698 2377 4749 nefarias
2424 4698 2777 4749 criminationes
2822 4702 3089 4763 grassatur,
3140 4698 3318 4762 quibus
3363 4695 3685 4746 accusationem

2174 4767 2435 4831 maiestatis
2476 4768 2809 4831 inaedificavit,
2848 4782 2934 4831 per
2968 4780 3115 4830 qnam
3148 4780 3200 4816 se
3228 4766 3388 4829 ipsum
3422 4764 3541 4813 bona
3571 4761 3685 4824 pueri

2174 4838 2447 4889 ablaturum
2474 4850 2600 4901 esse,
2624 4852 2704 4888 me
2720 4851 2837 4889 vero
2859 4839 3017 4901 sperat
3034 4850 3065 4888 a
3088 4848 3139 4887 se
3162 4836 3293 4899 apud
3313 4848 3399 4885 vos
3410 4836 3460 4885 in
3484 4832 3691 4893 suspicio·

2174 4922 2286 4959 nem
2322 4908 2583 4959 adductum
2606 4920 2635 4957 a
2656 4908 2809 4959 tutela
2831 4908 2966 4972 pueri
2988 4907 3237 4970 depulsum
3268 4906 3345 4955 iri.
3420 4904 3690 4965 videturque

2175 4977 2264 5031 sibi
2306 4988 2391 5039 per
2430 4976 2515 5025 lias
2552 4975 2926 5025 machinationes
2963 4974 3055 5024 viri
3096 4972 3311 5037 inprimis
3367 4972 3519 5022 callidi
3553 4973 3691 5033 partes

2177 5048 2373 5097 acturus
2401 5065 2414 5097 ε
2434 5060 2547 5095 nam
2560 5082 2575 5106 ,
2594 5046 2636 5094 si
2663 5048 2863 5095 conatus
2888 5044 3050 5095 minus
3069 5057 3293 5108 prospere
3308 5042 3527 5095 succedat
3540 5078 3553 5104 ,
3572 5052 3617 5089 se
3632 5038 3690 5087 nil

2178 5114 2345 5177 utique
2360 5112 2657 5175 perditurum
2676 5114 2921 5174 autumat3
2951 5113 3023 5162 sin
3052 5111 3213 5161 autem
3232 5124 3295 5161 ex
3308 5110 3455 5159 animi
3478 5104 3692 5157 sententia

2179 5194 2281 5231 rem
2314 5180 2475 5242 gerat,
2500 5177 2589 5229 sibi
2602 5178 2785 5229 licitum
2818 5178 2921 5229 fore
2949 5178 3114 5241 pupilli
3148 5190 3341 5240 quoque
3372 5174 3494 5225 bona
3516 5174 3693 5235 impune

2176 5246 2420 5309 dissipare.
2484 5246 2585 5308 (³2)
2605 5248 2768 5303 Quare
2784 5256 2873 5295 vos
2892 5244 3059 5309 decet,
3074 5244 3261 5308 jndices
3274 5278 3293 5307 ‚
3312 5243 3375 5294 ad
3396 5240 3534 5305 bujns
3550 5240 3691 5290 homi-
