3825 5842
106 552 335 629 (ms-1³1>

841 540 1015 603 ISAEI
1054 542 1176 602 OB.
1226 541 1327 602 DE
1366 537 1980 602 PHILOCTEMONIS
2023 540 2529 601 HEREDITATE.

3131 552 3241 601 275

105 680 233 757 μίοις,
260 680 359 745 πῶς
375 674 437 735 ἄν
470 698 545 743 τις
570 678 750 734 τοῦτον
790 671 1095 751 τολμήσειεν
1132 674 1293 733 εἶπεῑν
1323 676 1391 741 ὣς
1412 674 1507 733 οὐκ
1540 662 1599 730 εῧ
1687 694 1804 731 nera
1824 681 2016 745 publica
2033 682 2347 745 mandaretis,
2367 681 2516 745 etqui
2543 692 2759 745 pugnans
2790 694 2879 744 pro
2915 682 3070 745 patria
3096 694 3240 731 occu·

103 772 121 827 ἔ
198 789 281 825 νει·

122 767 207 915 ῖφίί)
227 811 335 915 ’ὁτι
356 852 447 933 μὲν
484 844 572 913 οἷν
605 851 797 912 διέθετο
829 850 919 910 καὶ
958 850 1241 923 ἐποιήσατο
1266 842 1325 911 εὗ
1368 854 1592 932 φρονῶν,

106 945 189 1013 ἐξὸν
212 947 359 1025 αὐτῷ,
396 942 760 1001 ἀποδέδεικται
794 941 938 1017 ὑμῖν,
968 937 1105 999 ὥστε
1143 938 1280 999 κατὰ
1320 937 1415 1016 μὲν
1448 944 1603 999 τοῦτο

105 1034 235 1111 ψευδῆ
260 1027 657 1112 μεμαρτυρηκὼς
680 1028 983 1109 Ἀνδροκλῆς
1011 1028 1399 1087 ἀποδέδεικται·
1423 1024 1603 1099 ἐπειδὴ

73 1146 81 1181 ι
106 1119 147 1177 δὲ
166 1115 753 1199 προσδιαμεμαρτῦρηκεν
780 1118 851 1181 ὣς
881 1113 990 1173 υἱὸν
1012 1106 1142 1174 εἶναι
1166 1106 1375 1192 γνήσιον
1393 1114 1603 1185 Εὐκτή-

110 1223 227 1283 μονος
240 1211 417 1278 τοῦτον,
436 1204 529 1265 καὶ
552 1206 699 1263 ταῦτ’
720 1202 975 1271 ἀποδείξω
992 1204 1157 1284 ψευδῆ
1176 1201 1321 1263 ὄντα.
1405 1200 1607 1274 Εὐκτή-

112 1318 201 1371 μονι
218 1294 319 1375 γάρ,
339 1284 381 1351 ὦ
404 1292 586 1372 ἄνδρες
602 1338 619 1371 ,
643 1296 718 1373 τῷ
744 1291 1141 1369 Φιλοκτήμονος
1162 1290 1346 1373 πατρί,
1368 1291 1485 1359 τοὺς
1513 1289 1607 1369 μὲν

112 1382 233 1449 ὄντως
255 1381 539 1460 γενομένους
563 1382 753 1447 παῖδας
768 1425 785 1458 ,
810 1378 1191 1457 Φιλοκτήμονα
1223 1378 1313 1438 καὶ
1340 1380 1605 1461 Ἐργαμέ-

111 1494 183 1543 νην
200 1471 275 1529 καὶ
292 1470 565 1549 Ἡγήμονα
588 1470 679 1528 καὶ
707 1467 798 1528 δύο
818 1467 1101 1549 θυγατέρας
1119 1512 1136 1540 ,
1169 1468 1261 1527 καὶ
1283 1465 1377 1539 τὴν
1406 1466 1609 1551 μητέρα

113 1561 265 1636 οὔτῶν,
303 1558 364 1632 ἣν
390 1558 587 1637 ἔγημεν
608 1561 651 1617 ὁ
675 1556 990 1635 Εὐκτήμων,
1018 1554 1275 1625 Μιξιοίδου
1312 1556 1612 1637 Κηφισιέως

114 1646 344 1726 θυγατέρα,
372 1646 563 1712 πάντες
597 1647 645 1703 οἱ
671 1642 1018 1723 προσήκοντες
1043 1643 1189 1703 ἴσασι
1211 1642 1301 1703 καὶ
1335 1646 1384 1725 ρὶ
1420 1643 1611 1727 φράτο·

114 1756 177 1811 pt<
196 1732 271 1792 καὶ
294 1737 387 1793 τῶν
431 1735 677 1811 δημοτῶν
714 1734 763 1790 οἱ
808 1730 1018 1809 πολλοί,
1064 1730 1154 1790 καὶ
1195 1731 1611 1813 μαρτυρήσουσιν

73 1838 95 1874 ,ο
112 1820 229 1895 ὑμῖν·
255 1822 333 1899 (ιι)
360 1818 434 1880 ὅτι
454 1820 498 1879 δ’
526 1820 697 1893 ἄλλην
722 1818 839 1879 τινὰ
856 1818 1021 1898 ἔγημε
1049 1828 1303 1899 γυναῖκα,
1330 1818 1381 1889 ἐξ
1408 1812 1615 1893 ἧστινος

112 1908 193 1965 οἵδε
228 1911 353 1987 αὐτῷ
407 1908 645 1989 ἐγένοντο
658 1952 675 1982 ,
713 1906 878 1975 οὐδεὶς
922 1906 983 1966 τὸ
1035 1906 1289 1991 παράπαν
1331 1898 1464 1967 οἶδεν
1507 1908 1614 1968 οὐδ’

112 1995 265 2066 ἤκουσε
284 1996 481 2055 πώποτε
510 2000 701 2065 ζῶντος
733 1994 1091 2072 Εὐκτήμονος.
1178 1995 1365 2056 Καίτοι
1407 1995 1615 2064 τούτους

114 2082 218 2151 εἰκὸς
239 2084 554 2153 πιστοτάτους
600 2073 733 2143 εἶναι
761 2081 984 2161 νομίζειν
1015 2083 1310 2166 μάρτυρας·
1359 2084 1477 2152 τοὺς
1512 2083 1615 2166 γὰρ

116 2171 285 2236 οἰκείους
308 2172 485 2232 εἰδέναι
511 2170 772 2254 προσήκει
810 2170 879 2230 τὰ
898 2176 1136 2233 τοιαῦτα.
1219 2172 1331 2233 Καί
1377 2196 1465 2252 μοι
1496 2172 1614 2233 τού·

114 2280 203 2327 τους
222 2260 351 2320 κάλει
372 2266 603 2343 πρῶτον,
626 2260 717 2320 καὶ
744 2260 837 2328 τὰς
864 2258 1155 2342 μαρτυρίας
1172 2260 1448 2341 ἀνάγνωθι.

656 2404 1021 2453 ΜΑΡΤΪΡῘᾸῙ.

174 2545 229 2587 12.
262 2521 377 2587 Ἔτι
408 2526 579 2587 τοίνυν
609 2525 701 2586 καὶ
728 2524 846 2595 τοὺς
886 2526 1171 2597 ἀντιδίκους
1202 2528 1439 2599 ἐπιδείξω
1477 2527 1614 2609 ἔργῳ

114 2612 207 2687 ὑμῖν
236 2619 383 2673 ταῦτα
420 2614 913 2697 μεμαρτυρηκότας.
994 2613 1130 2677 Ὅτε
1166 2615 1269 2697 γὰρ
1311 2619 1364 2675 αἱ
1404 2616 1617 2699 ἀνακρί-

72 2722 193 2765 neti<
218 2692 331 2773 ’ἦσαν
362 2703 485 2784 πρὸς
510 2706 592 2784 τῷ
631 2702 845 2782 ἄρχοντι
881 2702 971 2763 καὶ
1003 2694 1145 2765 οὗτοι
1180 2704 1617 2785 παρακατέὸαλον

116 2790 165 2853 ὥς
184 2787 289 2871 ὑπὲρ
308 2790 523 2869 γνησίων
543 2792 697 2850 τῶνδ’
716 2790 1050 2869 Εὐκτήμονος
1075 2790 1239 2850 ὄντων
1254 2837 1271 2871 ,
1295 2790 1619 2873 ἐρωτώμενοι

118 2878 181 2967 iff’
204 2882 331 2957 ἡμῶν
362 2881 436 2948 τίς
462 2880 543 2953 εἴη
576 2882 751 2939 αὐτῶν
780 2878 955 2961 μήτηρ
985 2879 1073 2939 καὶ
1105 2880 1225 2940 ὅτου
1264 2880 1496 2961 θυγάτηρ
1524 2881 1618 2939 οὐκ

116 2968 223 3041 εἰχον
245 2966 517 3043 ἀποδεῖξαι,
547 2966 1047 3050 διαμαρτυρομένων
1082 2972 1237 3047 ἡμῶν
1274 2969 1364 3027 καὶ
1401 2974 1491 3027 τοῦ
1523 2967 1617 3049 ἄρ·

113 3074 253 3159 {mog
272 3054 559 3125 κελεύοντος
580 3055 964 3136 ἀποκρίνασθαι
988 3056 1127 3117 κατὰ
1149 3058 1237 3117 τὸν
1258 3056 1413 3135 νόμον
1433 3103 1448 3118 .
1479 3102 1496 3119 .
1518 3102 1532 3117 .
1562 3102 1577 3119 .
1602 3102 1615 3115 .

114 3162 147 3195 ω
186 3140 365 3222 ἄνδρες,
412 3142 764 3228 ἅμφισὸητεῑν
812 3144 905 3224 μὲν
948 3148 1016 3213 ὥς
1069 3144 1197 3229 ὑπὲρ
1244 3146 1469 3225 γνησίων
1527 3145 1618 3205 καὶ

116 3226 456 3313 διαμαρτυρεῖν,
491 3230 703 3313 μητέρα
737 3230 793 3291 δὲ
820 3230 933 3304 ἥτις
955 3225 1018 3307 ἦν
1044 3231 1119 3312 μὴ
1148 3232 1289 3313 ἔχειν
1323 3232 1617 3306 ἀποδεῖξαι,

72 3313 215 3387 ulmi}
238 3318 549 3399 προσήκοντα
571 3320 746 3387 αὐτοῖς
768 3318 988 3399 μηδένα.
1073 3322 1167 3403 (ts)
1192 3322 1351 3383 Ἀλλὰ
1378 3322 1497 3381 τότε
1524 3318 1637 3398 μὲν·

114 3404 313 3481 Λημνίαν
346 3408 679 3490 σκηψάμενοι
725 3408 921 3483 ταύτην
974 3410 1235 3485 ἀναὸολὴν
1288 3411 1617 3485 ἐποιήσαντο·

116 3490 159 3549 τὸ
177 3494 213 3550 δ’
234 3493 430 3578 ὕστερον
452 3496 671 3569 ἥκοντες
699 3499 771 3565 εἶς
792 3496 887 3571 τὴν
911 3497 1179 3579 ἀνάκρισιν
1196 3545 1214 3580 ,
1242 3499 1363 3581 πρὶν
1389 3500 1480 3559 καί
1504 3521 1620 3559 τινα

119 3579 303 3658 ἐρέσθαι,
322 3583 463 3653 εὐθὺς
480 3584 663 3664 ἔλεγον
686 3585 765 3645 ὅτι
794 3586 1089 3663 Καλλίππη
1106 3588 1305 3671 μήτηρ,
1324 3588 1459 3663 αὕτη
1470 3588 1517 3648 δ’
1536 3587 1617 3660 εἴη

116 3670 377 3740 Πιστοξένου
414 3674 685 3755 θυγάτηρ,
724 3678 795 3745 ὣς
842 3674 1115 3757 ἐξαρκέσον
1168 3680 1215 3737 εἷ
1264 3677 1429 3758 ὄνομα
1464 3676 1621 3757 μόνον

120 3758 366 3837 πορίσαιντο
389 3762 477 3823 τὸν
516 3762 851 3833 Πιστόξενον.
931 3763 1235 3846 Ἔρομένων
1272 3768 1318 3826 δ’
1352 3770 1503 3845 ἡμῶν
1532 3765 1625 3825 ὅσ-

118 3865 174 3910 τις
194 3846 259 3921 εἴη
279 3848 363 3908 καὶ
390 3854 433 3910 εἷ
460 3855 525 3931 ζῇ
552 3850 591 3923 ἢ
627 3849 733 3929 μή,
772 3853 827 3910 ἐν
852 3852 1071 3935 Σικελίᾳ
1110 3852 1309 3935 ἔφασαν
1346 3856 1625 3915 ἀποθανεῖν

120 3936 473 4015 στρατευόμενον
489 3984 507 4013 ,
527 3937 892 3999 καταλιπόντα
938 3938 1135 4016 ταύτην
1176 3940 1432 4024 Θυγατέρα
1477 3940 1625 4024 παρὰ

72 4022 171 4097 ῠτῷ
191 4024 465 4101 Εὐκτήμονι
479 4070 497 4099 ,
527 4025 583 4094 ἐξ
614 4028 1083 4107 ἐπιτροπευομένης
1102 4028 1157 4089 δὲ
1178 4028 1353 4111 τούτῳ
1365 4028 1624 4111 γενέσθαι,

116 4118 295 4188 πρᾶγμα
340 4114 659 4181 πλάττοντες
718 4116 952 4195 ἀναιδείᾳ
1004 4116 1334 4198 ὓπερὸάλλον
1384 4118 1474 4177 καὶ
1518 4118 1625 4179 οὐδ’

116 4196 422 4277 ἐγγενόμενον,
446 4206 519 4269 ὣς
544 4199 653 4281 ἐγὼ
680 4206 805 4280 ὑμῖν
830 4205 1084 4285 ἀποφανῶ
1108 4208 1166 4265 ἐκ
1199 4205 1396 4265 τούτων
1420 4210 1623 4287 πρῶτον

118 4270 171 4375 ὗ]
191 4287 316 4345 αὐτοὶ
337 4290 702 4371 ἀπεκρίναντο.
790 4290 882 4372 (ιι)
912 4294 998 4371 Τῇ
1023 4292 1117 4371 μὲν
1135 4291 1236 4373 γὰρ
1263 4302 1507 4376 στρατιᾷ,
1534 4293 1628 4377 ἀφ’

118 4376 162 4427 0¹5
184 4374 455 4441 ἐξέπλευσεν
497 4380 571 4446 εἰς
614 4378 894 4453 Σικελίαν,
918 4380 1019 4452 ἤδη
1050 4380 1161 4440 ἐστὶ
1185 4380 1277 4441 δύο
1311 4380 1403 4441 καὶ
1435 4382 1627 4455 πεντή-

118 4478 244 4519 κοντα
263 4462 378 4543 ἔτη,
402 4465 507 4526 ἀπὸ
526 4464 871 4547 Ἀριμνήστου
900 4466 1177 4549 ἄρχοντος,
1211 4474 1287 4551 τῷ
1316 4470 1371 4529 δὲ
1398 4470 1627 4551 πρεσὸυ-

120 4542 221 4628 τίρῳ
252 4550 453 4629 τούτων,
616 4576 773 4636 φασιν
812 4558 873 4615 ἐκ
916 4560 1009 4629 τῆς
1048 4556 1369 4631 Καλλίπτιης
1396 4557 1487 4617 καὶ
1536 4564 1628 4618 τοῦ

73 4646 107 4689 ³⁵
128 4634 415 4733 ἓῦκτήμονος
441 4634 605 4717 εἶναι,
630 4641 774 4702 οὔπω
797 4642 931 4724 ὑπὲρ
953 4643 1143 4705 εἴκοσιν
1170 4644 1282 4718 ἔτη.
1364 4644 1629 4727 Ἀφελόντι

128 4734 191 4781 ουν
213 4732 357 4789 ταῦτα
394 4730 499 4791 ἀπὸ
534 4735 641 4791 τῶν
678 4734 732 4791 ἐν
761 4732 981 4816 Σικελίᾳ
1018 4733 1354 4795 ὑπολείπεται
1388 4734 1555 4794 πλείω
1592 4734 1628 4808 ἢ

129 4810 353 4906 τΞίῑῠὶπι.ονί.·ιι
376 4816 488 4891 ἔτη·
511 4817 643 4879 ὥστ’
673 4818 780 4879 οὔτ’
810 4820 1239 4903 ἐπιτροπεύεσθαι
1276 4826 1509 4903 προσῆκε
1532 4821 1628 4895 τὴν

134 4892 397 4977 lumem-qv
428 4906 537 4982 ἔτι,
563 4908 947 4987 τριακοντοῦτίν
974 4932 1033 4987 γε
1059 4902 1243 4991 οὖσαν,
1274 4909 1392 4971 οὔτε
1420 4910 1633 4971 ἀνέκδο-

134 5003 197 5086 fra
216 4992 293 5045 καὶ
323 4992 518 5053 ἄπαιδα
544 4986 709 5071 εἶναι,
755 4997 894 5056 ἀλλὰ
928 4998 1067 5057 πάνυ
1102 4996 1270 5059 πάλαι
1298 4998 1631 5077 συνοικεῖν,ἢ

138 5081 416 5174 {nonoris-nv
435 5082 579 5143 κατὰ
609 5082 765 5161 νόμον
797 5082 832 5157 ἢ
859 5086 1301 5151 ἐπιδικασθεῑσαν.
1386 5088 1477 5171 (ts)
1508 5086 1634 5151 Ἔτι

140 5162 263 5220 texti
278 5170 611 5242 γινώσκεσθαι
645 5172 804 5245 αὐτὴν
830 5172 930 5233 ὑπὸ
952 5178 1055 5235 τῶν
1073 5176 1409 5255 Εὐκτήμονος
1432 5176 1633 5237 οἰκείων

141 5243 368 5325 iva-suive
395 5248 459 5332 ἦν
478 5258 571 5319 καὶ
600 5260 700 5319 ὑπὸ
721 5265 824 5321 τῶν
856 5263 1089 5341 οἰκετῶν,
1114 5264 1165 5324 εἴ
1187 5264 1287 5347 πέρ
1316 5286 1377 5344 γε
1397 5263 1636 5345 συνῴκη·

87 5330 125 5373 ⁸⁰
143 5350 205 5391 θεν
245 5341 403 5430 ἐκείνῳ
439 5344 476 5419 ἢ
516 5346 739 5429 διῃτήθη
778 5354 1021 5412 τοσοῦτον
1054 5352 1238 5436 χρόνον
1280 5355 1334 5414 ἕν
1372 5356 1439 5435 τῇ
1473 5350 1631 5441 οἰκίᾳ.

1689 769 1874 831 buerit,
1903 770 2068 833 ecquis
2084 770 2130 819 ei
2153 768 2346 832 negabit
2363 770 2572 819 mentem
2596 767 2892 820 constitisse?

1755 864 1830 910 10.
1864 858 2038 909 Mentis
2055 872 2167 920 ergo
2187 859 2272 921 qui
2300 870 2496 921 compos
2525 860 2676 921 esset,
2700 857 2744 907 ei
2766 857 2960 908 licuisse
2986 859 3246 909 testamen·

1692 952 1799 1003 tum
1839 953 2048 1005 scribere
2087 954 2338 1017 filiumque
2370 952 2625 1015 adoptare,
2667 952 2864 1014 planum
2906 950 3044 1002 vobis
3071 952 3249 1001 iactum

1692 1046 1764 1097 est
1773 1062 1790 1109 3
1806 1045 1936 1097 unde
1951 1048 2165 1108 constat,
2183 1046 2414 1096 hactenus
2432 1046 2561 1096 certe
2580 1044 2866 1096 Androclem
2887 1045 3002 1095 salsa
3019 1046 3250 1095 testatum

1694 1152 1796 1191 esse
1821 1159 1834 1191 ι
1868 1153 2040 1191 verum
2067 1140 2161 1193 hoc
2195 1153 2391 1203 quoque
2421 1139 2527 1189 salsi
2557 1152 2778 1201 arguam,
2811 1138 2942 1201 quod
2973 1138 3100 1189 idem
3121 1138 3253 1189 addit

1694 1232 1826 1282 hunc
1843 1234 2153 1284 Euctemonis
2169 1234 2431 1297 genuinum
2452 1246 2554 1283 esse
2573 1232 2740 1283 tilium.
2807 1233 3086 1283 Euctemoni
3105 1233 3250 1295 enim,

1698 1331 1822 1395 patri
1838 1330 2206 1381 Philoctemonis
2217 1366 2232 1392 ,
2252 1332 2425 1395 praeter
2443 1332 2854 1383 Philoctemonem
2869 1333 2920 1383 et
2941 1335 3253 1396 Ergamenem

1698 1430 1749 1481 et
1771 1432 2096 1495 Hegemonem
2119 1431 2336 1495 duasque
2353 1431 2475 1483 filias
2486 1470 2501 1495 ,
2517 1432 2727 1496 legitima
2743 1446 2806 1483 ex
2823 1446 2974 1484 uxore
2990 1435 3253 1497 susceptos,

1698 1524 1798 1575 filia
1826 1522 2050 1575 Mixiadis
2072 1524 2413 1588 ceplilsiensis,
2441 1526 2561 1576 alios
2584 1526 2745 1577 nullos
2761 1527 2906 1577 ruisse
2935 1527 3139 1590 liberos,
3165 1540 3255 1577 no·

1700 1618 1816 1668 runt
1844 1618 2034 1682 cognati
2062 1632 2232 1671 omnes
2269 1620 2418 1683 atque
2451 1620 2702 1683 phi-atores
2737 1622 2788 1673 et
2819 1622 3120 1675 demotarum
3151 1622 3254 1687 ple·

1700 1710 1837 1774 rique
1850 1746 1865 1775 ,
1900 1711 2145 1775 iidemque
2169 1712 2307 1762 vobis
2343 1712 2392 1762 id
2417 1712 2703 1765 testimoniis
2729 1715 2832 1765 suis
2866 1715 3254 1767 confirmabunt:

1702 1802 1803 1867 (ιι)
1826 1802 1970 1853 aliam
1987 1806 2151 1855 autem
2169 1804 2238 1855 illi
2261 1804 2404 1855 ruisse
2439 1818 2661 1869 uxorem,
2683 1806 2814 1857 unde
2832 1807 2974 1859 hosce
2996 1807 3140 1873 [quos
3159 1814 3258 1860 An-

1702 1895 1888 1947 drocles
1904 1895 2172 1960 subjectum
2197 1896 2254 1963 it]
2269 1898 2549 1962 susceperit,
2559 1910 2702 1949 nemo
2726 1899 2799 1951 est
2816 1900 2900 1963 qui
2922 1903 3008 1951 aut
3031 1902 3159 1951 norit
3175 1899 3270 1952 aut'

1704 1988 1852 2039 fando
1896 2003 2113 2053 unquam
2153 1990 2408 2042 inaudierit
2462 1992 2758 2044 Euctemone
2787 1993 2948 2044 adhuc
2987 1996 3259 2059 superstite.

1704 2086 1851 2149 Atqui
1868 2087 2014 2137 testes
2038 2088 2088 2137 hi
2110 2090 2250 2153 sunt,
2285 2102 2408 2153 quos
2430 2092 2802 2141 consentaneum
2829 2092 2892 2143 sit
2916 2092 3135 2143 omnium
3162 2106 3266 2145 esse

1703 2183 1960 2237 fidissimos
1978 2206 1990 2237 ι
2008 2190 2233 2251 cognatos
2251 2188 2380 2239 enim
2401 2188 2680 2251 huiusmodi
2695 2202 2774 2241 res
2793 2189 2916 2241 scire
2933 2204 3019 2255 par
3033 2195 3118 2245 est.
3167 2196 3265 2247 uos

1705 2280 1760 2329 tu
1784 2280 1901 2331 milii
1925 2280 2079 2344 primo
2100 2281 2208 2333 loco
2226 2282 2346 2345 cita,
2365 2281 2608 2334 ethorum
2627 2284 2898 2336 testimonla
2919 2286 3085 2341 recita.

2289 2428 2686 2471 TESTIMONIA.

1777 2548 1849 2595 12.
1882 2545 2064 2594 Verum
2084 2546 2211 2607 ipsos
2227 2558 2423 2609 quoque
2437 2546 2573 2597 vobis
2590 2548 2827 2610 praestabo
2841 2548 3140 2603 adversarios
3155 2554 3264 2605 haec

1708 2624 1873 2676 eadem
1902 2638 2068 2691 reapse
2095 2628 2477 2691 comprobantes.
2543 2632 2666 2681 Nam
2684 2631 2736 2681 in
2755 2633 2975 2685 examine
2993 2648 3158 2687 coram
3183 2653 3265 2689 ar-

1709 2706 1884 2758 chonte
1915 2708 2106 2781 habito,
2131 2724 2282 2773 quum
2317 2711 2368 2761 hi
2389 2714 2746 2764 sacramentum
2773 2712 3098 2778 deposuissent
3123 2732 3268 2785 super

1708 2789 1784 2840 his
1801 2793 2033 2854 tanquam
2051 2793 2272 2857 genuinis
2290 2795 2599 2845 Euctemonis
2621 2795 2732 2849 filiis
2753 2798 2804 2847 et
2823 2811 2914 2848 nos
2935 2800 3266 2865 interrogasse·

1709 2882 1819 2919 mus
1841 2884 1924 2921 eos
1941 2884 2166 2933 quaenam
2186 2876 2310 2923 esset
2332 2872 2508 2922 horum
2527 2876 2681 2923 mater
2708 2876 2756 2925 et
2778 2876 2917 2937 cuius
2939 2877 3062 2941 filia,
3096 2880 3266 2933 docere

1710 2960 1807 2997 non
1838 2949 2087 3011 poterant,
2112 2950 2302 3000 tametsi
2333 2951 2382 2999 et
2401 2952 2746 3001 contestatione
2769 2955 2934 3003 nostra
2965 2960 3264 3022 urgerentur,

1710 3030 1759 3078 et
1788 3029 1970 3079 archon
2001 3030 2114 3092 ipsis
2144 3031 2414 3095 injungeret
2444 3032 2506 3082 ad
2535 3034 2825 3096 interrogata
2850 3038 2906 3085 ut
2929 3040 3269 3100 responderent

1709 3114 1854 3175 prout
1883 3113 1964 3162 lex
1997 3113 2099 3162 fieri
2124 3112 2334 3175 juberet.
2400 3116 2464 3163 At
2489 3114 2765 3178 quomodo,
2795 3116 3007 3181 iudices,
3039 3134 3128 3184 pro
3160 3124 3267 3174 aliis

1712 3192 1861 3243 veluti
1880 3206 1969 3256 pro
1987 3193 2148 3244 liberis
2170 3193 2388 3257 genuinis
2405 3194 2579 3259 aliquis
2596 3196 2772 3259 injure
2787 3200 3077 3264 contendat,
3101 3203 3151 3253 et
3176 3204 3266 3254 ob-

1708 3271 2058 3321 nuntiationem
2077 3271 2369 3336 interponat,
2387 3273 2426 3324 si
2445 3272 2572 3323 idem
2588 3276 2750 3325 tamen
2769 3289 2924 3340 neque
2937 3292 3047 3341 quae
3065 3280 3140 3330 his
3157 3281 3268 3332 insi·

1710 3354 1827 3406 titiis
1854 3358 2006 3405 mater
2045 3356 2190 3407 fuerit
2224 3355 2400 3407 docere
2435 3356 2608 3408 babeat
2620 3392 2637 3419 ,
2675 3372 2834 3421 neque
2869 3361 3028 3412 ullum
3065 3376 3178 3413 cum
3212 3378 3268 3416 ea

1712 3435 1968 3497 cognatum
1977 3432 2149 3485 edere?
2160 3433 2201 3498 (t
2212 3435 2258 3497 3)
2274 3434 2482 3487 sedtum
2491 3435 2686 3498 quidem
2697 3438 3004 3499 praetexendo
3017 3442 3268 3493 mulierem

1712 3529 1815 3567 esse
1855 3516 2105 3568 Lemniam
2137 3530 2324 3567 moram
2355 3518 2565 3580 aliquam
2596 3517 2876 3580 injiciebant
2916 3538 2930 3569 z
2963 3523 3268 3583 postmodum

1712 3597 1875 3647 autem
1893 3597 1957 3645 ad
1969 3607 2172 3645 examen
2183 3608 2338 3659 quum
2355 3595 2705 3656 convenissent,
2718 3597 2796 3647 vel
2810 3596 2942 3659 prius
2959 3598 3104 3651 etiam
3121 3613 3268 3664 quam

1712 3682 2135 3743 interrogarentur,
2171 3680 2334 3731 statim
2362 3679 2580 3743 aiebant,
2604 3680 2852 3744 callippen
2878 3694 3046 3733 eorum
3065 3686 3270 3736 matrem

1714 3775 1815 3813 esse
1825 3799 1842 3826 ,
1864 3762 2104 3813 Pistoxeni
2125 3761 2274 3813 filiam
2290 3799 2306 3826 ,
2328 3761 2377 3811 id
2395 3763 2550 3813 solum
2573 3762 2899 3814 existimantes
2914 3766 3159 3829 sufficere,
3178 3780 3270 3817 no-

1714 3861 1827 3898 men
1848 3860 2002 3897 unum
2022 3847 2216 3909 aliquod
2240 3846 2318 3897 edi
2339 3847 2502 3897 nescio
2521 3846 2657 3909 quus
2685 3847 2946 3899 Pistoxenl.
3015 3848 3110 3907 Qui
3137 3849 3269 3911 cujas

1715 3932 1879 3983 suisset
1904 3932 2230 3995 quaerentibus
2253 3930 2390 3981 nobis
2417 3932 2465 3981 et
2487 3944 2607 3980 num
2627 3932 2678 3981 in
2709 3931 2831 3981 vivis
2860 3932 3018 3981 adhuc
3049 3946 3271 3995 superes-

1714 4018 1813 4077 set,
1836 4016 1887 4067 in
1904 4016 2066 4066 Sicilia
2085 4028 2198 4065 eum
2218 4014 2410 4065 aiebant
2431 4012 2711 4063 occubuisse
2729 4014 2779 4064 in
2796 4015 2979 4078 castris,
2999 4016 3164 4066 relicta
3181 4016 3270 4067 bac

1716 4101 1815 4151 iilia
1835 4100 1968 4164 apud
1999 4102 2344 4149 Euctemonem
2369 4095 2473 4159 ejus
2503 4098 2716 4147 tutorem
2729 4133 2744 4159 ,
2773 4098 2823 4148 et
2848 4111 2912 4147 ex
2933 4111 2990 4148 ea
3022 4098 3091 4148 illl
3129 4098 3273 4148 hosce

1717 4181 1837 4232 duos
1867 4193 2041 4243 pueros
2070 4181 2210 4229 natos
2245 4177 2388 4227 fuisse
2401 4213 2416 4238 ,
2449 4176 2634 4227 facinus
2668 4176 2898 4240 fingentes
2921 4178 3272 4241 impudentissi-

1716 4272 1851 4312 mum
1873 4262 1924 4309 et
1945 4258 2024 4309 vel
2053 4272 2083 4308 a
2100 4256 2258 4320 specie
2282 4256 2384 4307 veri
2403 4256 2685 4318 abhorrens,
2713 4256 2786 4306 uti
2811 4257 3006 4319 planum
3041 4257 3274 4307 faciemus

1718 4340 1928 4405 primum
1944 4351 2008 4388 ex
2039 4337 2152 4401 ipsis
2177 4336 2354 4386 horum
2377 4334 2766 4399 responsionibus
2793 4334 2844 4384 in
2866 4335 3098 4385 scrutinio
3120 4334 3274 4385 editis,

1719 4418 1818 4481 (14)
1840 4420 1963 4468 Nam
1985 4429 2048 4465 ex
2073 4414 2157 4465 illa
2174 4414 2336 4465 Sicula
2359 4412 2662 4475 expeditione
2685 4411 2788 4463 sive
2809 4411 2872 4463 ab
2889 4413 3158 4463 Arimnesto
3193 4426 3274 4462 ar-

1718 4498 1895 4549 chonte
1915 4496 2014 4547 duo
2037 4496 2088 4546 et
2099 4494 2448 4558 quinquaginta
2459 4493 2572 4542 anni
2586 4491 2843 4553 effluxere;
2867 4494 2984 4542 natu
3002 4505 3114 4542 vero
3126 4492 3276 4541 maxi·

1720 4590 1829 4627 mus
1846 4576 2048 4636 horum,
2061 4586 2184 4637 quos
2197 4572 2259 4622 ab
2279 4573 2572 4623 Euctemone
2590 4584 2654 4621 ex
2667 4570 2750 4620 illa
2768 4569 2982 4633 Callippe
3003 4571 3278 4633 procreatos

1720 4653 1998 4719 perhibent,
2017 4650 2174 4701 oetatis
2199 4663 2382 4701 annum
2399 4648 2680 4713 vigoeimum
2702 4646 2920 4697 nondum
2946 4647 3164 4697 excessit.
3187 4650 3278 4695 De·

1719 4732 1885 4783 tractis
1904 4731 2049 4795 igitur
2065 4730 2142 4781 his
2159 4728 2326 4791 viginti
2352 4727 2490 4781 annia
2515 4726 2578 4775 ab
2609 4725 2738 4775 illius
2757 4725 2930 4775 Siculae
2961 4722 3278 4787 expeditionis

1721 4808 2284 4874 tempestate,fremanent
2297 4806 2406 4869 plus
2418 4818 2565 4869 quam
2584 4803 2778 4867 triginta
2789 4802 2905 4852 anni
2921 4821 2933 4851 ι
2951 4802 3087 4863 atqui
3107 4800 3276 4862 Callip-

1720 4902 1813 4953 pen
1825 4925 1842 4951 ‚
1865 4888 2022 4939 aetatis
2038 4900 2220 4936 annum
2238 4884 2534 4948 trigesimum
2548 4881 2649 4945 Jam
2663 4892 2898 4944 egressam
2911 4916 2926 4942 ,
2946 4878 3105 4929 adhuc
3119 4878 3168 4927 in
3189 4882 3278 4927 Eu-

1723 4967 1957 5017 ctemonis
1977 4965 2130 5015 tutela
2152 4965 2321 5022 fuisse,
2335 4960 2552 5012 nondum
2573 4961 2807 5010 elocatam
2838 4956 3152 5018 nondumque
3171 4968 3275 5003 ma-

1722 5048 1848 5096 trem
1862 5046 2038 5095 factam
2049 5082 2065 5108 ,
2083 5042 2309 5094 credibile
2325 5055 2424 5092 nou
2441 5041 2530 5102 est,
2547 5038 2631 5089 sed
2649 5038 2807 5101 potius
2828 5050 2936 5086 eam
2949 5035 2999 5083 in
3018 5047 3161 5082 manu
3183 5046 3278 5083 ma·

1724 5124 1909 5187 ritijam
1919 5122 2104 5172 dudum
2116 5124 2228 5172 ante
2241 5120 2401 5182 tuisse,
2412 5118 2514 5169 sive
2523 5117 2698 5179 exlege
2712 5129 2740 5165 a
2751 5112 3020 5164 necessariis
3033 5112 3106 5161 vel
3117 5112 3279 5161 tutore

1724 5204 1984 5265 elocatam,
2009 5202 2113 5253 sive
2139 5216 2170 5251 a
2186 5200 2430 5263 judicibus
2455 5197 2599 5248 alicui
2630 5194 2968 5257 adjudicatam.
3035 5191 3132 5252 (15)
3159 5194 3280 5241 Prin·

1725 5282 1856 5333 terea
1888 5280 2134 5345 callippm
2158 5280 2284 5331 banc
2317 5290 2510 5329 necesse
2533 5277 2606 5327 est
2623 5276 2680 5325 ut
2697 5270 3002 5325 Euctemonis
3027 5269 3280 5318 necessarii

1726 5360 1992 5425 famulique
2011 5358 2203 5423 norint,
2225 5357 2266 5409 si
2291 5356 2486 5421 quidem
2517 5367 2642 5403 uxor
2662 5352 2704 5403 ei
2733 5350 2903 5413 tuerit,
2926 5350 3012 5399 aut
3033 5348 3162 5397 certe
3182 5350 3283 5397 tam

2987 5482 3050 5523 ta.
