3825 5842
535 505 612 559 46

453 648 503 690 ιιι
529 626 682 689 Ἔδει
710 624 804 705 μὲν
830 624 934 707 γὰρ
959 624 1048 685 τὸν
1079 623 1297 707 βασιλέα
1312 624 1528 700 ,ἐπειδὴ
1555 626 1924 709 ἀπεγράψατο,
1954 627 2089 711 τρεῖς

531 713 871 796 προδικασίας
893 716 1110 786 ποιῆσαι
1137 715 1192 773 ἰν
1227 712 1362 795 τρισὶ
1386 714 1545 792 μησί,
1573 714 1667 787 τὴν
1693 713 1840 789 δίκην
1863 717 1907 774 δ’
1938 714 2087 774 εἰσά-

531 825 640 885 γειν
663 800 898 883 τετάρτῳ
913 802 1072 879 μηνί,
1102 801 1281 884 ὥσπερ
1302 803 1428 861 νυνί·
1447 807 1540 875 τῆς
1565 802 1610 861 δ’
1631 806 1798 883 ἀρχῆς
1823 804 1969 883 αὐτῷ
1987 804 2089 861 λοι-

535 889 622 948 troi
643 888 736 950 δὺο
753 894 912 968 μῆνες
921 881 1078 964 ἦσαν,
1093 890 1412 972 Θαργηλιὼν
1428 889 1519 950 καὶ
1535 892 1941 973 Σκιρροφοριῶν.
1982 889 2089 951 Καὶ

531 976 640 1037 οὔτ’
665 977 889 1058 εἰσάγειν
916 978 1082 1051 δήπου
1107 971 1216 1047 οἷός
1253 982 1302 1040 τ’
1339 970 1404 1054 ἦν
1425 981 1515 1061 ἔφ’
1548 981 1753 1053 εαυτοῦ,
1775 978 1892 1039 οὔτε
1915 1000 2089 1058 παρα-

533 1065 708 1125 δοῦναι
737 1065 891 1148 φόνου
937 1065 1152 1142 ἔξεστιν,
1194 1066 1310 1127 οὐδὲ
1350 1064 1650 1149 παρέδωκεν
1685 1064 1851 1133 οὐδεὶς
1875 1065 2091 1125 πώποτε

536 1152 778 1234 βασιλεὺς
811 1156 864 1215 ἐν
889 1158 956 1236 τῇ
997 1159 1066 1237 γῇ
1106 1154 1298 1237 ταύτῃ.
1409 1154 1634 1217 Ἦντινα
1663 1144 1752 1215 οὗν
1783 1153 1918 1233 μήτε
1941 1152 2091 1213 εἰσά-

449 1262 504 1305 εο
529 1264 639 1321 γειν
669 1242 803 1321 μήτε
838 1246 1164 1325 παραδοῦναι
1199 1243 1316 1317 ἐξῆν
1345 1246 1520 1325 αὐτῷ,
1551 1243 1659 1304 οὐδ’
1693 1244 2093 1327 ἀπογράφεσθαι

530 1330 674 1403 ἠξίου
701 1330 848 1413 παρὰ
875 1329 992 1400 τοὺς
1028 1331 1310 1413 ἡμετέρους
1346 1330 1551 1411 νόμους.
1635 1332 1731 1413 (43)
1759 1332 1869 1392 Καὶ
1888 1332 1967 1393 ὅτι
1997 1334 2093 1393 οὐκ

530 1418 699 1491 ἠδίκει
730 1418 946 1497 αὐτούς,
997 1418 1243 1499 μέγιστον
1289 1423 1527 1499 σημεῖον·
1611 1418 1951 1500 Φιλοκράτης
1986 1418 2091 1502 γὰρ

531 1508 704 1568 οὗτοσὶ
729 1508 930 1590 ἕτίρους
955 1512 1058 1569 τῶν
1088 1508 1384 1569 ὑπευθύνων
1415 1508 1546 1569 ἔσειε
1585 1508 1676 1568 καὶ
1724 1508 2087 1591 ἐσυκοφάντει,

530 1596 714 1657 τούτου
756 1595 811 1655 δὲ
837 1601 929 1655 τοῦ
977 1596 1264 1675 βασιλέως,
1301 1596 1358 1656 ὅν
1390 1620 1520 1679 φασι
1563 1597 1705 1657 δεινὰ
1741 1597 1833 1657 καὶ
1871 1595 2091 1678 σχέτλια

532 1681 835 1763 εἷργάσθαι,
862 1684 956 1743 οὐκ
991 1674 1116 1756 ἦλθε
1164 1683 1540 1767 κατηγορήσων
1591 1688 1668 1753 εἰς
1707 1684 1806 1753 τὰς
1857 1684 2086 1753 εὐθύνας.

531 1770 722 1831 Καίτοι
744 1768 795 1829 τί
821 1768 884 1828 ἂν
915 1772 1038 1849 ὑμῖν
1063 1772 1234 1850 μεῖζον
1261 1773 1445 1833 τούτου
1480 1772 1766 1856 τεκμήριον
1799 1772 2091 1841 ἀποδείξαι-

533 1880 621 1935 μι,
643 1856 723 1917 ὅτι
741 1860 836 1918 οὔκ
853 1860 1082 1931 ἠδικεῖτο
1102 1858 1209 1920 οὔθ’
1237 1860 1325 1920 ὑπ’
1343 1863 1471 1939 ἐμοῦ
1497 1860 1604 1921 οὔθ’
1623 1860 1710 1922 ὕπ’
1733 1861 1966 1939 ἕκείνου;
1997 1861 2093 1941 (u)

451 1959 506 2001 aa
531 1945 754 2019 Ἐπειδὴ
772 1946 874 2029 γὰρ
890 1946 1062 2007 οὑτοσὶ
1077 1951 1105 2006 6
1123 1948 1363 2029 βασιλεὺς
1377 1952 1635 2029 εἰσῆλθεν,
1659 1948 1766 2020 ἐξὸν
1788 1953 1962 2017 αὐτοῖς
1987 1948 2093 2009 ἀπὸ

531 2038 624 2107 τῆς
667 2034 879 2117 πρώτης
918 2034 1116 2117 ἡμέρας
1157 2036 1463 2119 ἀρξαμένοις
1501 2043 1595 2097 τοῦ
1623 2036 2091 2117 Ἑκατομὸαιῶνος

531 2123 692 2203 μηνὸς
708 2122 967 2205 τριάκονθ’
986 2123 1186 2207 ἡμέρας
1207 2129 1434 2208 συνεχῶς
1453 2135 1648 2187 τούτων
1667 2120 1803 2209 ’ᾗτινι
1821 2126 2091 2187 ἐδούλοντο

531 2210 950 2293 ἀπογράφεσθαι,
967 2212 1326 2296 ἀπεγράφοντο
1339 2217 1574 2299 οὐδεμιᾷ·
1595 2216 1684 2277 καὶ
1699 2206 1844 2283 αὖθις
1854 2220 1946 2275 τοῦ
1972 2217 2090 2277 Με-

535 2304 886 2382 ταγειτνιῶνος
930 2301 1091 2378 μηνὸς
1118 2302 1222 2362 ἀπὸ
1262 2307 1358 2377 τῆς
1386 2326 1428 2361 π
1461 2303 1594 2377 ώτης
1621 2302 1822 2386 ἡμέρας
1855 2300 2089 2387 ἀρξαμέ-

529 2408 634 2455 νοις
659 2387 771 2458 ἒξὸν
795 2388 966 2457 αὐτοῖς
992 2391 1386 2472 ἀπογράφεσθαι
1407 2327 1545 2473 ἔτινε
1568 2390 1871 2467 ἐδούλοντο,
1897 2390 2005 2450 οὐδ’
2024 2382 2093 2450 αὖ

533 2476 753 2536 ἐνταῦθα
803 2475 1176 2558 ἀπεγράψαντο
1191 2523 1208 2552 ,
1259 2478 1399 2538 ἀλλὰ
1447 2480 1704 2559 παρεῖσαν
1763 2478 1856 2539 καὶ
1903 2479 2089 2539 τούτου

451 2578 508 2621 ao
531 2567 622 2624 τοῦ
663 2562 824 2641 μηνὸς
849 2564 1039 2625 εἴκοσιν
1077 2564 1302 2649 ἡμέρας·
1330 2564 1465 2627 ὥστε
1495 2569 1550 2625 αἱ
1579 2564 1854 2645 σύμπασαι
1895 2566 2090 2649 ἡμέραι

532 2649 766 2731 ζγένοντο
793 2652 967 2721 αὐτοῖς
1010 2652 1170 2713 πλέον
1216 2653 1252 2727 ἢ
1298 2653 1623 2727 πεντήκοντα
1656 2653 1743 2713 ἐπὶ
1782 2654 1967 2715 τούτου
1997 2660 2091 2715 τοῦ

535 2738 815 2821 βασιλέως,
844 2744 897 2801 ἑν
930 2731 1012 2809 αἷς
1042 2739 1152 2811 ἐξὸν
1184 2744 1359 2811 αὐτοῖς
1390 2742 1800 2827 ἀπογράψασθαι
1841 2746 1935 2804 οὗκ
1960 2745 2090 2804 ἀπε-

531 2827 818 2911 γράψαντο.
905 2830 996 2908 (45)
1029 2828 1138 2891 Καὶ
1175 2833 1223 2889 οἱ
1268 2830 1363 2909 μὲν
1393 2831 1542 2891 ἄλλοι
1581 2830 1806 2901 ἅπαντες
1839 2831 1979 2900 ὅσοις
2005 2833 2091 2892 ἐπὶ

533 2921 626 2976 τοῦ
653 2920 810 2976 αὐτοῦ
833 2916 1092 2997 βασιλέως
1114 2921 1142 2977 6
1167 2918 1346 3001 χρόνος
1374 2919 1449 2997 μὴ
1476 2917 1746 3001 ἐνεχώρει,
1753 2965 1849 2983 .....
1875 2912 2017 2981 οἷτοι
2045 2921 2090 2980 δ’

531 3004 867 3084 ἔπιστάμενοι
893 3002 988 3083 μὶν
1009 3005 1126 3074 τοὺς
1158 3007 1340 3085 νόμους
1376 3008 1638 3084 ἅπαντας,
1673 3011 1889 3091 ὁρῶντες
1922 3008 1967 3069 δ’
1998 3008 2091 3088 lgr}

535 3092 842 3173 βουλεύοντα
859 3093 950 3153 καὶ
963 3093 1168 3155 εἰσιόντ’
1179 3096 1230 3162 ἐς
1239 3094 1300 3155 τὸ
1315 3095 1676 3176 βουλευτήριον
1689 3130 1767 3142 -
1783 3096 1874 3155 καὶ
1884 3098 1937 3155 ἐν
1951 3097 2091 3179 αὐτῷ

456 3206 509 3247 as
533 3185 610 3263 τῷ
676 3182 994 3265 ουλευτηρίῳ
1028 3181 1149 3251 Διὸς
1187 3183 1430 3265 βουλαίου
1465 3185 1555 3244 καὶ
1593 3184 1808 3258 Ἀθηνᾶς
1846 3184 2093 3264 βουλαίας

535 3264 580 3319 ta
643 3286 670 3318 ν
701 3264 840 3333 ἔστι,
883 3264 976 3321 καὶ
1013 3262 1254 3331 εἰσιόντες
1283 3266 1330 3323 οἱ
1381 3263 1651 3343 βουλευταὶ
1691 3263 2091 3345 προσεύχονται,

531 3338 605 3408 ὅν
617 3347 766 3428 κάγὼ
781 3340 854 3416 εἶς
872 3341 936 3421 ἦν
957 3354 986 3407 6
1011 3355 1179 3409 ταῦτα
1206 3350 1482 3431 πράττων,
1508 3350 1601 3411 καὶ
1633 3354 1706 3419 εἰς
1721 3342 1891 3411 τᾶλλα
1918 3351 2091 3413 πάντα

530 3435 646 3518 ἱερὰ
669 3435 841 3495 εἰσιὼν
883 3434 1016 3514 μετὰ
1051 3440 1143 3509 τῆς
1175 3442 1392 3519 βουλῆς,
1425 3439 1516 3497 καὶ
1543 3436 1676 3497 θύων
1699 3438 1790 3497 καὶ
1818 3438 2094 3519 εὗχόμενος

533 3523 664 3607 ὑπὲρ
689 3528 783 3597 τῆς
799 3523 1000 3592 πόλεως
1019 3523 1232 3600 ταύτης,
1251 3525 1342 3586 καὶ
1365 3524 1494 3608 πρὸς
1511 3524 1710 3595 τούτοις
1734 3526 2094 3608 πρυτανεύσας

531 3610 626 3685 τὴν
660 3609 874 3693 πρώτην
901 3611 1215 3693 πρυτανείαν
1251 3612 1464 3673 ἅπασαν
1493 3612 1631 3687 πλὴν
1661 3616 1798 3674 δυοῖν
1842 3614 2089 3697 ἡμέραιν,

451 3718 508 3761 so
531 3701 620 3762 καὶ
663 3702 935 3779 ἱεροποιῶν
978 3699 1070 3760 καὶ
1107 3700 1241 3760 θύων
1292 3700 1422 3783 ὑπὲρ
1461 3706 1558 3775 τῆς
1599 3704 1957 3786 δημοκρατίας
1998 3706 2091 3765 καὶ

532 3789 857 3872 ἰπιψηφίζων
903 3788 994 3849 καὶ
1041 3788 1208 3869 λέγων
1251 3790 1466 3871 γνώμας
1508 3790 1631 3873 περὶ
1677 3796 1781 3852 τῶν
1833 3792 2092 3873 μεγίστων

532 3877 623 3939 καὶ
649 3876 897 3938 πλείστου
925 3876 1081 3947 ἀξίων
1107 3882 1174 3959 τῇ
1203 3878 1355 3939 πόλει
1381 3879 1596 3963 φανερὸς
1624 3871 1707 3954 ἦν·
1749 3882 1841 3961 (se)
1873 3881 1964 3941 καὶ
1990 3874 2093 3941 οὗ-

530 3992 610 4029 τοι
627 3966 877 4051 παρόντες
917 3967 1007 4027 καὶ
1031 3970 1419 4047 ἐπιδημοῦντες,
1449 3968 1560 4039 ἰξὸν
1585 3970 1756 4038 αὖτοῒς
1786 3971 2090 4054 ἀπογράφε-

531 4063 670 4120 σθαι·
695 4058 866 4120 καίτοι
902 4057 1057 4119 ἱκανά
1079 4058 1130 4140 γ’
1151 4050 1216 4133 ἦν
1257 4062 1556 4139 ὑπομνῆσαι
1578 4060 1670 4119 καὶ
1710 4061 2091 4138 ἐνθυμηθῆναι,

531 4147 675 4230 εἴπερ
697 4149 997 4222 ἠδικοῦντο,
1033 4147 1304 4232 ἀμφότερα
1331 4148 1423 4209 καὶ
1448 4152 1590 4232 σφῶν
1625 4150 1798 4210 αὖτῶν
1821 4149 1973 4210 ἕνεκα
2002 4150 2092 4211 καὶ

430 4241 622 4309 ι47τῆς
638 4236 854 4304 πόλεως.
934 4236 1038 4297 Διὰ
1058 4238 1110 4297 τί
1123 4228 1213 4298 οὖν
1231 4240 1326 4298 οὔκ
1355 4238 1750 4321 ἀπεγράφοντος
1777 4237 1861 4298 διὰ
1886 4238 1939 4298 τί
1969 4261 2091 4299 συν·

529 4327 666 4394 ἦσαν
703 4323 796 4381 καὶ
836 4323 1156 4404 διελέγοντος
1187 4326 1413 4395 cuv-zoob
1440 4348 1498 4386 τε
1527 4326 1629 4407 γάρ
1659 4350 1748 4405 μοι
1775 4328 1870 4387 οὐκ
1892 4326 2095 4397 ἀξιοῦν-

530 4431 614 4477 τες
648 4408 806 4490 φονέα
847 4400 1008 4483 εἶναι,
1047 4412 1140 4471 καὶ
1172 4415 1267 4471 οὐκ
1301 4414 1662 4495 ἀπεγράφοντο
1705 4414 1888 4474 τούτου
1932 4419 2092 4476 αὐτοῦ

531 4492 712 4571 ἕνεκα,
758 4498 856 4577 οὐχ
889 4494 1169 4576 ἡγούμενοί
1215 4523 1280 4578 με
1319 4502 1622 4560 ἀποκτεῖναι
1661 4502 1750 4561 τὸν
1778 4504 1945 4562 παῖδα
1986 4504 2095 4563 οὔδ’

531 4581 708 4663 ἔνοχον
736 4574 867 4643 εἶναι
888 4590 978 4644 τοῦ
1007 4584 1188 4667 φόνου,
1223 4586 1339 4647 οὐδὲ
1369 4586 1653 4669 προσήκειν
1675 4612 1765 4668 μοι
1789 4588 1977 4649 τούτου
2004 4596 2094 4650 τοῦ

531 4671 839 4753 πράγματος
869 4672 1034 4735 οὐδέν.
1121 4672 1210 4755 ((7)
1241 4675 1432 4738 Καίτοι
1461 4680 1572 4745 πῶς
1599 4676 1662 4737 ἂν
1687 4676 1950 4757 ἅνθρωποι
1970 4700 2095 4759 σχε-

529 4758 796 4842 τλιώτερον,
833 4758 869 4833 ἢ
904 4763 1223 4845 ἀνομώτεροι
1265 4763 1519 4846 γένοιντο,
1551 4764 1732 4834 οἵτινες
1769 4766 1906 4848 ἅπερ
1948 4767 2096 4828 αὐτοὶ

531 4856 664 4931 σφᾶς
691 4848 876 4918 αὐτοὺς
909 4852 1006 4910 οὐκ
1045 4849 1278 4927 ἔπεισαν,
1319 4853 1463 4913 ταῦθ’
1495 4858 1629 4933 ὑμᾶς
1655 4854 1852 4924 ἀξιοῦσι
1879 4864 2094 4928 πεῖσαι,

473 4958 504 5001 ι
529 4936 620 4997 καὶ
651 4936 686 4995 ἃ
720 4936 869 4997 αὐτοὶ
909 4937 1044 5021 ἔργῳ
1083 4941 1437 5015 ἀπεδίκασαν,
1464 4943 1614 5003 ταῦθ’
1655 4948 1790 5022 ὑμᾶς
1827 4944 2096 5004 κελεύουσι

529 5024 916 5102 καταδικάσαις
953 5028 1044 5087 καὶ
1079 5031 1126 5089 οἳ
1157 5028 1252 5108 μὲν
1299 5030 1450 5089 ἄλλοι
1491 5030 1751 5112 ἄνθρωποι
1791 5040 1897 5100 τοῖς
1930 5032 2097 5114 ἔργοις

529 5114 648 5185 τοὺς
673 5114 858 5195 λόγους
891 5114 1274 5199 ἰξελέγχουσιν,
1301 5109 1442 5179 οὗτοι
1469 5118 1526 5179 δὲ
1551 5129 1656 5188 τοῖς
1691 5120 1859 5200 λόγοις
1887 5125 2096 5193 ζητοῦσι

531 5203 598 5263 τὰ
635 5203 763 5286 ἔργα
801 5203 998 5266 ἄπιστα
1037 5211 1386 5281 καταστῆσαι.
1469 5210 1562 5287 (aa)
1609 5207 1800 5270 Καίτοι
1835 5212 1882 5268 εἰ
1934 5208 2094 5287 μηδὲν

533 5291 663 5351 ἄλλο
700 5293 834 5370 μήτε
863 5285 1007 5356 εἷπον
1037 5295 1170 5375 μήτε
1204 5295 1449 5379 ἀπέφηνα
1475 5296 1608 5375 μήτε
1633 5298 1900 5380 μάρτυρας
1925 5321 2097 5381 παρε-

1387 490 1895 555 ΑΝΤῙΦΩΝΤΟΣ
1935 494 1987 553 Ο
2031 491 2216 555 ΠΕΡΙ
2256 492 2411 556 ΤΟΥ
2450 493 2867 555 ΧΟΡΕΥΤΟΥ.

3450 490 3743 572 (πο-791)

2184 632 2447 696 delatione,
2480 632 2774 696 oportuisset
2794 634 2894 683 tres
2927 632 3231 698 προδικασίας
3266 631 3471 684 totidem
3504 632 3745 683 mensibus

2184 710 2433 763 distinctas
2447 710 2695 762 instituere
2711 747 2727 774 ,
2751 712 2803 763 et
2826 714 3003 775 quarto
3024 712 3224 762 deinum
3241 724 3407 761 mense
3422 712 3669 761 actionem
3684 725 3747 759 n·
3790 689 3792 787 ψ

2178 790 2377 841 stituere
2392 826 2409 853 ,
2430 790 2501 841 uti
2520 802 2651 840 nunc
2668 790 2849 841 tactum
2868 792 2941 841 est
2963 790 3129 853 :atqui
3153 790 3255 840 duo
3272 792 3467 841 tautum
3484 801 3679 841 meuses
3696 790 3749 839 de
3790 794 3792 851 ξ

2180 869 2459 933 magistratu
2476 868 2568 933 ipsi
2594 869 2755 921 adbuc
2776 872 3095 934 supererant,
3132 869 3422 933 'thargelion
3460 871 3511 919 et
3538 869 3749 919 Scir-rho-
3790 887 3792 928 ι

2178 945 2397 1009 phot-ion.
2464 948 2768 1012 Quapropter
2788 948 2889 1013 ipse
2936 947 3173 998 inducere
3200 958 3395 997 causam
3436 959 3539 997 non
3572 946 3749 1009 potuit,

2178 1024 2369 1077 tradere
2408 1038 2523 1077 vero
2564 1028 2828 1077 successori
2868 1040 2966 1077 non
2997 1027 3111 1077 licet
3124 1062 3139 1088 ,
3180 1038 3338 1089 neque
3372 1024 3505 1075 ullus
3542 1037 3751 1087 unquam
3792 1040 3794 1071 :

2179 1116 2267 1152 rex
2289 1104 2339 1153 in
2361 1104 2452 1153 hac
2476 1103 2681 1154 civitate
2712 1103 2926 1155 tradidit.
2992 1106 3151 1163 Quam
3169 1103 3333 1167 itaque
3352 1115 3513 1165 neque
3532 1102 3751 1152 inducere

2180 1182 2358 1234 licebat
2374 1196 2533 1247 neque
2554 1182 2779 1247 tradere,
2817 1198 2925 1234 eam
2952 1196 3015 1233 ne
3044 1182 3392 1234 admittendam
3432 1180 3637 1245 quidem
3672 1182 3751 1231 sibi

2180 1273 2283 1311 esse
2302 1262 2433 1312 recte
2456 1260 2793 1324 existimabam
2812 1275 2927 1311 nam
2944 1260 3064 1311 allas
3080 1262 3211 1325 leges
3234 1260 3475 1310 violasset.
3544 1260 3651 1323 (⁴3)
3668 1262 3749 1310 Ne-

2179 1350 2277 1402 que
2292 1351 2453 1403 mein
2473 1340 2732 1391 Philocrati
2754 1339 2907 1390 uuam
2926 1339 3095 1389 fecisse
3112 1337 3339 1401 injuriam
3350 1374 3365 1401 ,
3390 1337 3495 1400 ipse
3512 1337 3749 1387 Philocra-

2182 1418 2257 1468 tes
2276 1419 2481 1469 testatus
2504 1422 2593 1470 est.
2658 1419 2790 1471 Alios
2817 1418 2948 1469 enim
2980 1418 3292 1481 magistratus
3330 1417 3585 1481 gestorum
3606 1418 3751 1469 bono-

2180 1508 2292 1547 rum
2323 1496 2531 1548 rationes
2568 1496 2799 1549 debentes
2812 1532 2829 1560 ‚
2866 1498 2922 1547 ut
2946 1495 3304 1547 calumniarum
3340 1494 3751 1547 terriculamentis

2180 1577 2422 1627 concussit
2456 1578 2603 1641 atque
2632 1576 2893 1640 exagitavit
2906 1613 2925 1638 ‚
2960 1577 3031 1625 ita
3060 1576 3113 1627 in
3148 1576 3279 1625 bunc
3320 1577 3501 1637 Regem
3550 1574 3753 1627 rationes

2180 1653 2478 1717 reddentem,
2497 1666 2529 1703 a
2544 1667 2645 1718 quo
2662 1666 2715 1705 se
2732 1653 3052 1705 atrocissimas
3066 1652 3305 1717 accepisse
3324 1650 3526 1713 iniurias
3542 1664 3751 1715 quernu-
3796 1645 3798 1705 ἓ

2180 1734 2279 1797 tur,
2298 1734 2417 1783 nibil
2445 1733 2662 1797 protulit.
2728 1732 2927 1797 Ecquod
2942 1746 3032 1796 ego
3049 1732 3153 1795 iam
3171 1730 3305 1781 aliud
3328 1728 3489 1791 maius
3502 1729 3755 1781 decuma·-

2180 1812 2287 1861 tum
2304 1811 2551 1875 protulero
2562 1848 2579 1875 ,
2603 1824 2703 1875 quo
2719 1813 2907 1861 constet
2929 1810 3252 1861 Philocratem
3274 1822 3435 1871 neque
3455 1823 3485 1859 a
3500 1822 3585 1859 me
3604 1822 3755 1872 neque

2180 1888 2242 1938 ab
2265 1888 2349 1940 illo
2374 1890 2500 1953 Rege
2521 1901 2770 1939 sacrorum
2808 1888 2935 1938 nialo
2960 1887 3130 1937 laisum
3153 1888 3289 1937 esse?
3322 1887 3422 1951 (⁴4)
3445 1890 3575 1938 Nam
3596 1889 3655 1936 ut
3672 1888 3753 1947 ini,

2196 1966 2477 2031 magistratu
2502 1964 2731 2019 detuncto
2745 2003 2762 2030 ,
2798 1965 2882 2029 qui
2904 1978 3037 2016 nunc
3054 1966 3128 2015 est
3158 1966 3262 2015 Rex
3281 1976 3530 2014 sacrorum
3562 1978 3753 2015 sueces-

2179 2046 2269 2109 sit,
2294 2044 2471 2096 licebat
2488 2046 2563 2095 his
2579 2058 2665 2109 per
2682 2047 2825 2125 totos·
2830 2044 3027 2109 triginta
3050 2042 3155 2094 dies
3172 2043 3352 2094 mensis
3386 2044 3753 2095 Hecatomboeo-

2182 2126 2284 2189 nis,
2304 2125 2389 2190 qui
2410 2124 2587 2176 mensis
2609 2138 2738 2175 novo
2763 2126 2882 2188 Regi
2908 2124 3094 2189 primus
3110 2124 3215 2174 erat
3230 2158 3246 2186 ,
3260 2136 3557 2187 quocunque
3582 2124 3757 2175 mensis
3798 2142 3800 2153 ·

2178 2203 2307 2255 illius
2334 2202 2414 2254 die
2453 2204 2673 2255 libuisset
2690 2241 2707 2268 ,
2737 2216 2918 2255 nomen
2958 2216 3125 2255 meum
3158 2201 3376 2265 (ἱεῖσι-τος
3412 2202 3467 2252 at
3500 2201 3553 2251 tii
3590 2205 3753 2253 tamen

2178 2282 2315 2333 nullo
2344 2281 2622 2333 detulerunt
2660 2302 2674 2335 ε
2718 2296 2889 2335 rursus
2932 2284 3155 2347 proximo
3194 2294 3361 2333 meuse
3413 2281 3755 2345 Metagitnione

2179 2361 2354 2413 licebat
2370 2361 2469 2413 illis
2494 2362 2622 2413 idem
2639 2362 2797 2415 tacere
2810 2400 2827 2425 ,
2844 2374 3138 2427 quocunque
3158 2361 3285 2413 illius
3302 2363 3477 2413 mensis
3492 2359 3575 2413 die
3598 2362 3754 2415 suum

2180 2440 2371 2503 missen
2390 2442 2443 2491 at
2460 2440 2512 2491 hi
2544 2453 2607 2491 ne
2626 2441 2737 2491 tum
2771 2440 2969 2504 quidem
2992 2440 3323 2491 sustinuerunt
3344 2440 3525 2505 facere,
3550 2440 3637 2491 sed
3662 2440 3753 2489 hu-

2174 2518 2255 2582 ius
2293 2533 2488 2584 quoque
2532 2521 2711 2571 mensis
2754 2520 2926 2583 viginti
2967 2520 3072 2571 dias
3112 2520 3569 2585 praetermittebant.
3644 2524 3753 2580 Quo

2180 2598 2361 2648 factum
2398 2599 2455 2647 ut
2483 2596 2717 2648 bonorem
2752 2601 2947 2660 gerente
2982 2596 3105 2659 hoc,
3146 2598 3231 2661 qui
3266 2610 3397 2648 nunc
3430 2597 3587 2661 gerit,
3624 2600 3751 2661 Rege

2178 2688 2429 2727 sacrorum
2444 2713 2458 2739 ,
2478 2676 2588 2741 plus
2608 2677 2956 2740 quinquaginta
2978 2676 3082 2728 dies
3098 2677 3341 2741 exierint,
3362 2677 3539 2740 quibus
3574 2692 3751 2729 nomen

2178 2752 2393 2818 deferre,
2434 2768 2589 2819 quum
2620 2755 2916 2819 potuissent,
2942 2755 3138 2820 lumper
3175 2756 3469 2807 habuerunt.
3554 2758 3659 2819 (⁴5)
3692 2759 3755 2807 Et

2180 2831 2263 2881 alii
2284 2831 2485 2896 quidem
2500 2845 2670 2883 omnes
2683 2869 2700 2895 ,
2718 2832 2760 2883 si
2778 2832 2957 2896 quibus
2977 2834 3199 2898 tempora
3214 2847 3314 2885 non
3332 2834 3626 2898 permittunt
3646 2836 3754 2885 lites

2178 2912 2337 2977 priore
2372 2916 2499 2977 Rege
2522 2914 2807 2977 magistratu
2840 2912 3103 2965 decedente
3132 2915 3285 2965 ordiri
3336 2914 3460 2977 (aab
3484 2918 3617 2979 ipsis
3634 2918 3751 2965 not-i

2181 2995 2331 3055 Recta
2354 2996 2608 3057 auspiciis
2633 2992 2693 3045 id
2702 2993 2928 3056 faciunt
2938 2995 2955 3055 )
2982 3012 2995 3045 ε
3018 2992 3070 3043 hi
3087 3006 3233 3058 vero,
3258 2994 3353 3047 etsi
3376 2995 3506 3059 leges
3522 2994 3753 3045 tenebant

2180 3084 2348 3122 omnes
2358 3108 2375 3135 ,
2398 3084 2479 3123 me
2494 3071 2724 3123 videbant
2750 3070 2991 3123 senatorio
3012 3072 3197 3125 bonore
3216 3072 3499 3136 fungentem
3520 3074 3573 3123 et
3590 3074 3641 3123 in
3666 3086 3751 3123 cu·

2182 3150 2303 3201 riam
2318 3150 2661 3214 ingredientem
2682 3176 2747 3187 —
2764 3150 2848 3200 ubi
2865 3153 2895 3200 J
2897 3150 3098 3214 ovisque
3114 3151 3269 3203 Bulaei
3296 3152 3623 3215 Minervaeque
3650 3152 3747 3201 Bu·

2184 3231 2292 3282 inse
2316 3241 2403 3281 ara
2420 3235 2469 3281 et
2496 3230 2724 3283 sacellum
2760 3231 2864 3296 est,
2887 3230 2939 3280 in
2963 3244 3065 3293 quo
3106 3233 3164 3282 ut
3191 3234 3435 3283 senatores
3464 3244 3651 3293 omnes,
3684 3231 3751 3281 ita

2180 3322 2267 3373 ego
2288 3322 2486 3373 quoque
2520 3309 2635 3359 vota
2662 3306 2895 3359 faciebam
2929 3321 3075 3371 :quae
3100 3309 3211 3359 sana
3239 3312 3435 3361 senatus
3467 3308 3642 3371 adiret,
3658 3322 3742 3359 ea·

2180 3388 2293 3439 dem
2310 3402 2399 3452 ego
2415 3402 2607 3452 quoque
2620 3402 2715 3439 una
2734 3402 2850 3439 cnm
2866 3391 3039 3439 senatu
3060 3389 3273 3454 adibam,
3289 3390 3433 3440 thura
3450 3390 3749 3453 spargebam,

2179 3470 2293 3520 vota
2314 3468 2641 3532 concipiebam
2662 3483 2751 3533 pro
2778 3469 2935 3520 salute
2950 3469 3157 3533 reipubl.
3178 3490 3191 3520 ε
3216 3468 3341 3520 adde
3370 3468 3503 3534 quod
3526 3472 3635 3519 toto
3668 3470 3751 3521 ilio

2180 3549 2424 3611 tempore,
2453 3560 2550 3611 quo
2576 3548 2733 3599 tribus
2768 3562 2905 3613 mea,
2938 3548 3151 3612 primum
3174 3562 3391 3619 mensem
3419 3548 3617 3612 sortita,
3635 3562 3752 3612 pry-

2181 3627 2377 3677 taneatu
2395 3626 2563 3676 sunda
2580 3628 2657 3677 est
2668 3663 2683 3689 ,
2702 3640 2791 3690 ego
2814 3630 2977 3691 partes
2994 3626 3217 3691 Prytanis
3230 3640 3399 3679 omnes
3413 3626 3533 3691 gessi
3550 3630 3753 3690 excepto

2180 3704 2483 3755 solummodo
2500 3704 2676 3767 biduo,
2702 3718 2839 3755 sacra
2860 3706 2950 3756 seci
2967 3742 2985 3769 ,
3002 3718 3093 3769 pro
3108 3706 3229 3769 reip.
3258 3706 3417 3757 salute
3442 3708 3557 3755 vota
3576 3705 3689 3767 feci,
3704 3706 3753 3757 in

2180 3782 2407 3845 maingis
2427 3781 2537 3833 mist
2553 3820 2569 3845 ,
2592 3782 2853 3834 sententias
2874 3782 2977 3833 dixi
2998 3782 3061 3833 de
3090 3784 3234 3834 rebus
3261 3782 3553 3847 gravissimis
3577 3783 3629 3834 et
3646 3784 3753 3847 qui·

2179 3861 2273 3912 bus
2284 3862 2411 3912 salus
2427 3864 2548 3925 reip.
2573 3861 2901 3913 contineretur
2920 3863 3053 3912 :haec
3067 3861 3141 3927 egi
3158 3862 3210 3911 in
3226 3862 3487 3925 conspectu
3502 3861 3751 3923 omninum

2181 3928 2280 4001 (46)
2302 3938 2355 3989 hi
2372 3938 2463 4002 ipsi
2476 3938 2739 3989 cernebant
2755 3942 3016 4003 presentes
3032 3941 3083 3990 et
3100 3940 3151 3988 in
3177 3939 3283 3989 t'oro
3318 3940 3567 3989 versantes
3596 3952 3609 3982 ε
3636 3938 3751 3989 lice-

2178 4016 2263 4067 bat
2304 4016 2418 4080 ipsis
2448 4029 2627 4067 nomen
2674 4030 2838 4067 meum
2870 4017 3088 4080 deterre,
3124 4018 3175 4067 et
3212 4016 3332 4067 locis
3370 4018 3520 4067 sacris
3552 4015 3647 4067 illis
3672 4030 3753 4067 me

2180 4095 2451 4147 excludere.
2516 4098 2617 4147 cur
2658 4110 2770 4160 ergo
2807 4098 2963 4148 facere
2994 4098 3289 4147 omiserunt?
3322 4097 3506 4147 Revera
3540 4097 3583 4146 si
3618 4109 3751 4147 acce-

2180 4174 2360 4239 pissent
2405 4174 2630 4239 injuriam
2647 4211 2662 4239 ,
2701 4176 2925 4227 sufficere
2972 4178 3161 4240 poterat
3198 4176 3274 4227 vel
3316 4174 3418 4226 sola
3472 4174 3741 4227 admonitio

2180 4257 2231 4306 et
2264 4255 2459 4319 injectio
2492 4259 2654 4306 metus
2683 4269 2715 4306 a
2757 4254 3067 4320 religionibus
3101 4256 3305 4307 deorum
3342 4255 3498 4319 leals,
3540 4270 3751 4321 amque

2181 4334 2687 4385 commorationem
2716 4336 2769 4384 et
2804 4334 2895 4385 sibi
2937 4334 3053 4397 ipsis
3086 4332 3329 4385 debebant
3363 4335 3416 4384 et
3462 4335 3585 4398 reip.
3648 4338 3751 4387 cur

2181 4425 2293 4476 ergo
2314 4424 2491 4463 nomeu
2518 4424 2683 4462 meum
2714 4425 2812 4463 non
2834 4412 2979 4462 citius
2996 4410 3304 4463 detulerunt?
3322 4414 3421 4463 cur
3438 4411 3621 4463 interea
3636 4414 3755 4465 tein-

2182 4490 2311 4553 poris
2334 4502 2527 4541 mecum
2558 4488 2992 4553 congrediebantur
3025 4491 3175 4553 atque
3204 4488 3439 4552 agebant?
3478 4492 3753 4555 utrumque

2181 4569 2437 4634 nimirum,
2460 4570 2575 4634 quia
2600 4584 2697 4621 non
2724 4569 2923 4621 videbar
2944 4570 3059 4633 ipsis
3076 4568 3319 4619 homicida
3334 4582 3463 4632 esse,
3482 4568 3567 4621 sed
3585 4584 3615 4620 a
3634 4584 3753 4621 nece

2182 4647 2320 4711 pueri
2336 4647 2457 4699 liber
2480 4660 2613 4711 :quo
2640 4651 2845 4713 utroque
2866 4647 3201 4710 declarabant,
3236 4659 3405 4697 necem
3422 4647 3549 4697 hanc
3581 4648 3643 4699 ad
3671 4662 3755 4700 me

2182 4730 2251 4781 nil
2270 4728 2535 4794 quicquam
2553 4728 2807 4792 pertinere.
2872 4730 2968 4793 (47)
2998 4726 3094 4786 Qui
3110 4728 3209 4791 iam
3227 4729 3429 4792 possunt
3444 4740 3548 4779 esse
3572 4728 3751 4791 impro-

2182 4809 2339 4860 biores
2370 4813 2517 4874 atque
2542 4810 2665 4873 iuris
2684 4810 2812 4873 aequi
2840 4810 2992 4875 magis
3017 4810 3351 4873 immemores,
3371 4822 3523 4873 quam
3550 4808 3633 4872 bi,
3666 4811 3753 4871 qui

2184 4894 2311 4958 quod
2338 4895 2427 4958 ipsi
2450 4908 2548 4945 non
2588 4894 2791 4945 credunt
2804 4932 2819 4959 ‚
2854 4896 2907 4945 id
2936 4894 3075 4945 vobis
3108 4892 3393 4958 persuadere
3414 4892 3753 4955 contendunt,

2184 4979 2329 5040 atque
2348 4976 2593 5039 postulant
2606 4990 2663 5027 ea
2680 4976 2819 5029 vobis
2834 4975 3141 5027 condemnari
3154 5014 3169 5039 ,
3190 4988 3301 5039 quse
3318 4974 3405 5039 ipsi
3425 4974 3569 5025 factis
3596 4974 3757 5025 absol-

2183 5062 2389 5111 verunt?
2404 5060 2494 5110 Alii
2512 5060 2732 5111 homines
2756 5060 3016 5110 verborum
3036 5058 3274 5109 vanitates
3290 5070 3319 5107 e
3342 5056 3485 5107 thetis
3502 5056 3755 5119 refellunt,

2183 5143 2235 5192 hi
2270 5144 2435 5193 autem
2474 5142 2723 5192 veritatem
2762 5154 2923 5191 rerum
2962 5142 3201 5204 gestarum
3236 5139 3451 5189 vanitate
3488 5140 3757 5189 verborum

2185 5225 2465 5275 convulsum
2504 5225 2638 5275 eunt.
2706 5224 2805 5288 (48)
2832 5228 3121 5287 Quanquam
3136 5261 3153 5286 ‚
3182 5222 3371 5273 etiamsi
3404 5220 3542 5271 aliud
3564 5222 3761 5273 nullum

2182 5309 2516 5372 argumentum
2538 5304 2841 5371 protulissem
2857 5344 2874 5370 ,
2899 5308 3047 5357 testas
3066 5304 3195 5369 ipsos
3209 5303 3367 5354 nullos
3390 5300 3761 5365 produxissem,
