3825 5842
132 512 210 576 (τοι
223 539 291 549 --
304 504 399 581 7³7)

130 634 428 715 Εὐθύκριτον,
464 630 523 690 δν
559 632 760 711 πρῶτον
786 627 1011 709 ἠρόμην,
1034 629 1127 688 καὶ
1150 632 1253 688 τῶν
1285 629 1458 688 ἄλλων
1494 633 1645 689 Πλα·

128 725 287 783 ταιὲων
316 721 449 788 ὅσοις
474 720 785 800 προσῆλθον,
808 717 899 775 καὶ
919 717 1006 775 τὸν
1032 715 1087 785 ὃς
1116 716 1215 799 ἔφη
1244 718 1497 790 δεσπότης
1520 718 1642 779 τού-

76 842 107 879 n
129 838 203 874 του
226 804 363 883 εἶναι,
406 808 673 889 μάρτυρας
712 805 1023 887 παρέξομαι.
1134 805 1244 867 Καί
1290 828 1380 884 μοι
1429 807 1647 867 ἐπίλαὸε

130 903 181 961 τὸ
202 900 341 981 ὕδωρ.
481 920 487 925 ·
1226 914 1229 917 ’

703 1007 1047 1055 ΜΑΡἸῪΡΕΣ.

194 1140 231 1177 ο.
266 1114 512 1195 Ἡμέραις
537 1111 707 1173 τοίνυν
738 1110 871 1190 μετὰ
897 1118 1065 1171 ταῦτα
1106 1114 1165 1171 οὔ
1193 1114 1411 1181 πολλαῖς
1436 1111 1647 1195 ὕστερον

132 1206 233 1267 ἰδὼν
264 1202 503 1279 ἀγόμενον
541 1200 743 1261 τουτονὶ
784 1198 1114 1277 Παγκλέωνα
1154 1198 1252 1259 ὑπὸ
1282 1201 1614 1279 Νικομήδους
1628 1247 1645 1276 ,

132 1294 176 1361 ὃς
197 1290 528 1371 ἐμαρτύρησεν
558 1294 715 1348 αὐτοῦ
738 1286 991 1360 δεσπότης
1010 1278 1141 1346 εἶναι
1158 1333 1173 1360 ,
1205 1292 1493 1369 προσῆλθον
1526 1294 1651 1371 βου-

132 1381 309 1457 λόμενος
325 1376 508 1437 εἰδέναι
528 1378 705 1436 ὁποῖόν
726 1400 779 1435 τι
798 1377 919 1458 περὶ
935 1379 1091 1435 αὐτοῦ
1114 1375 1485 1457 πραχθήσοιτο.
1506 1378 1643 1439 Τότε

136 1470 211 1547 μὲν
233 1458 309 1527 οὖν
334 1463 509 1536 ἐπειδὴ
550 1463 848 1523 ἐπαύσαντο
874 1461 1191 1544 μαχόμενοι,
1220 1456 1361 1523 εἶπόν
1390 1488 1521 1534 τινες
1547 1470 1648 1524 τῶν

134 1556 268 1634 τούτῳ
297 1551 561 1629 παρόντων
600 1550 680 1609 ὅτι
709 1550 791 1622 εἴη
833 1552 973 1632 αὐτῷ
1003 1549 1218 1631 ἀδελφὸς
1249 1550 1301 1618 ὃς
1328 1551 1648 1631 ἐξαιρήσοιτο

78 1667 116 1704 ιο
136 1643 261 1703 αὐτὸν
280 1644 343 1707 εἷς
361 1638 672 1718 ἐλευθερίαν·
697 1638 785 1697 ἐπὶ
804 1638 999 1705 τούτοις
1013 1638 1393 1717 ἐγγυησάμενοι
1410 1640 1647 1720 παρέξειν

135 1732 191 1795 εἰς
214 1728 385 1809 ἀγορὰν
411 1726 618 1807 ᾤχοντο
646 1726 902 1793 ἀπιόντες.
970 1726 1059 1807 (10)
1090 1730 1175 1804 Τῇ
1208 1727 1257 1784 δ’
1286 1727 1532 1808 ὑστεραία
1559 1731 1651 1798 τῆς

136 1840 181 1875 τε
198 1817 485 1895 ἀντιγραφῆς
506 1813 663 1873 ἕνεκα
685 1812 906 1885 ταυτησὶ
930 1811 1023 1871 καὶ
1048 1812 1207 1885 αὗτῆς
1228 1816 1321 1883 τῆς
1344 1814 1488 1885 δίκης
1568 1814 1651 1883 οξέ

135 1926 207 1981 μοι
226 1908 399 1983 χρῆναι
414 1902 690 1984 μάρτυρας
712 1902 926 1963 λαὸόντι
948 1901 1353 1981 παραγενέσθαι,
1372 1901 1440 1959 ἵν’
1462 1902 1650 1976 εἰδείην

136 1990 207 2049 τόν
229 1992 266 2049 τ’
282 1990 671 2071 ἐξαιρησόμενον
692 1990 848 2050 αὐτὸν
867 1988 956 2050 καὶ
980 1988 1013 2047 ὅ
1030 2013 1082 2047 τι
1098 1988 1262 2067 λέγων
1284 1990 1646 2071 ἀφαιρήσοιτο.

138 2072 308 2159 Ἐφόἶς
324 2078 411 2153 μὲν
426 2069 512 2137 οῧν
533 2076 850 2157 ἐξηγγυήθη,
872 2076 988 2136 οὔτε
1010 2078 1226 2161 ἀδελφὸς
1248 2075 1363 2136 οὔτε
1388 2077 1541 2144 ἄλλος
1561 2079 1647 2135 οὔ·

139 2164 218 2231 δεὶς
239 2156 377 2241 ἦλθε,
404 2164 531 2242 γυνὴ
556 2164 616 2223 δὲ
640 2165 911 2247 φάσκουσα
932 2168 1092 2236 αὑτῆς
1112 2164 1267 2223 αὖτὸν
1293 2154 1427 2225 εἶναι
1450 2164 1648 2240 δοῦλον,

82 2276 119 2314 ²⁶
140 2250 489 2333 ἄμφισὸητοῦσα
504 2256 586 2331 τῷ
612 2251 936 2329 Νικομήδει,
962 2252 1053 2313 καὶ
1071 2254 1165 2311 οὐκ
1184 2252 1281 2335 ἔφη
1302 2252 1471 2311 ἐάσειν
1492 2252 1647 2313 αὐτὸν

138 2340 271 2418 ἄγειν.
311 2342 391 2417 (ιι)
416 2337 568 2401 Ὅσα
605 2339 699 2418 μὲν
728 2332 815 2399 οῧν
844 2339 1019 2399 αὐτόθι
1047 2340 1239 2421 ἐρρήθη
1255 2387 1273 2415 ,
1297 2339 1455 2406 πολὺς
1478 2338 1540 2399 ἂν
1567 2340 1647 2411 εἴη

140 2452 212 2505 μοι
231 2427 359 2505 λόγος
396 2430 706 2504 διηγεῖσθαι·
730 2430 801 2494 εἰς
826 2433 977 2486 τοῦτο
1005 2428 1061 2487 δὲ
1090 2428 1387 2509 βιαιότητος
1415 2420 1571 2501 ἦλθον
1601 2425 1655 2487 οἵ

140 2538 184 2573 τε
200 2513 419 2595 παρόντες
437 2516 615 2597 τούτῳ
637 2514 729 2575 καὶ
748 2516 903 2584 αὒτδς
929 2506 1099 2589 οὗτος,
1123 2514 1257 2575 ὥστε
1278 2514 1535 2583 ἐθέλοντος
1553 2516 1648 2596 μὲν

141 2608 209 2660 τοῦ
232 2602 553 2679 Νικομήδους,
590 2600 861 2673 ἐθελούσης
876 2600 930 2661 δὲ
959 2608 1050 2673 τῆς
1078 2602 1316 2681 γυναικὸς
1342 2604 1574 2685 ἀφιέναι,
1604 2602 1651 2663 εἴ

139 2685 246 2758 τιςῆ
272 2690 334 2756 εἷς
358 2689 653 2771 ἐλευθερίαν
675 2696 854 2749 τοῦτον
883 2690 1000 2769 ἄγοι
1025 2689 1060 2763 ἢ
1090 2690 1302 2771 φάσκων
1327 2696 1507 2751 ἑαυτοῦ
1539 2694 1651 2751 δοῦ-

141 2778 210 2833 λον
227 2766 338 2834 εἶναι
351 2821 368 2850 ,
389 2774 589 2836 τούτων
607 2774 752 2836 οὐδὲν
772 2777 1081 2849 ποιήσαντες
1102 2776 1409 2858 ἀφελόμενοι
1428 2776 1646 2857 ᾤχοντο.

142 2860 213 2931 Ὡς
240 2852 315 2923 οὖν
339 2869 401 2943 τῇ
438 2888 497 2923 τε
533 2864 829 2946 προτεραίᾳ
870 2864 958 2925 ἐπὶ
993 2863 1190 2932 τούτοις
1232 2864 1523 2944 ἐξηγγυήθη
1558 2864 1649 2924 καὶ

86 2974 125 3013 αι
142 2950 231 3011 τότε
257 2951 335 3031 βία
356 2952 553 3034 ᾤχοντο
586 2952 893 3033 ἀφελόμενοι
931 2952 1108 3029 αὐτόν,
1138 2951 1405 3035 μάρτυρας
1430 2952 1650 3034 παρέξο-

142 3060 216 3110 μαι
236 3041 360 3115 ὑμῖν.
443 3040 557 3101 Καί
584 3064 673 3118 μοι
699 3040 919 3100 ἐπίλαδε
950 3042 1011 3100 τὸ
1038 3040 1193 3121 ὕδωρ.

698 3187 1049 3237 mamma.

203 3324 256 3365 12.
293 3299 487 3387 Ῥᾴδιον
509 3304 687 3365 τοίνυν
716 3304 907 3365 εἰδέναι
938 3304 1018 3365 ὅτι
1044 3306 1152 3366 οὔδ’
1178 3304 1330 3373 αὐτὸς
1358 3304 1649 3384 Παγκλέων

142 3392 295 3467 νομίζει
319 3393 489 3451 ἑαυτὸν
520 3392 603 3472 μὴ
632 3394 710 3453 ὅτι
740 3394 1018 3455 Πλαταιέα
1046 3385 1204 3467 εἶναι,
1232 3395 1349 3452 ἀλλ’
1373 3392 1479 3453 οὐδ’
1506 3392 1649 3452 ἐλεύ-

142 3480 269 3557 Θιρον.
341 3478 525 3547 Ὅστις
551 3479 655 3560 γὰρ
692 3480 945 3553 ἐὸουλήθη
976 3481 1067 3563 βία
1114 3479 1401 3562 ἀφαιρεθεὶς
1446 3480 1653 3561 ἐνόχους

141 3571 421 3638 καταστῆσαι
438 3566 565 3635 τοὺς
586 3571 771 3627 ἑαυτοῦ
791 3567 1104 3639 ἐπιτηδείους
1122 3570 1227 3635 τοῖς
1250 3566 1435 3648 βιαίοις
1451 3568 1649 3644 μᾶλλον

140 3648 165 3719 ἦ
188 3652 301 3710 κατὰ
320 3652 432 3722 τοὺς
457 3654 652 3733 νόμους
678 3656 749 3722 εἷς
771 3654 864 3726 τὴν
893 3654 1179 3735 ἐλευθερίαν
1206 3652 1476 3736 ἐξαιρεθεὶς
1504 3654 1651 3726 δίκην

140 3739 286 3817 λαθεῖν
302 3741 439 3823 παρὰ
455 3746 568 3801 τῶν
586 3742 817 3819 ἀγόντων
838 3742 1012 3815 αὐτόν,
1032 3741 1198 3801 οὐδενὶ
1210 3740 1441 3822 χαλεπὸν
1460 3744 1653 3821 γνῶναι

88 3848 123 3889 ω
140 3826 201 3882 ὅτι
218 3818 265 3883 εῧ
286 3828 420 3897 εἰδὼς
442 3828 633 3888 ἑαυτὸν
654 3826 778 3889 ὄντα
805 3831 985 3889 δοῦλον
1006 3829 1196 3888 ἔδεισεν
1217 3828 1471 3909 ἐγγυητὰς
1493 3852 1651 3888 κατα·

139 3914 299 3985 στήσας
322 3917 433 3997 περὶ
454 3920 553 3976 τοῦ
580 3913 819 3993 σώματος
850 3916 1225 3995 ἀγωνίσασθαι.

200 4020 255 4061 1³.
293 4000 413 4063 Ὅτι
442 4004 542 4081 μὲν
566 3996 654 4063 οὖν
680 4002 978 4070 Πλαταιεὺς
1001 3993 1132 4061 εἶναι
1155 4004 1349 4062 πολλοῦ
1376 4004 1481 4075 δεῖ,
1504 3990 1652 4080 οἶμαι

137 4090 245 4163 ὑμᾶς
262 4091 314 4147 ἐκ
338 4090 533 4149 τούτων
558 4088 743 4169 σχεδόν
771 4114 821 4149 τι
844 4084 1136 4169 γινώσκειν·
1162 4088 1239 4147 ὅτι
1265 4088 1318 4149 δὲ
1348 4092 1453 4149 οὐδ’
1474 4080 1649 4165 οἶτος,

136 4174 177 4239 ὃς
195 4174 359 4252 ἄριστα
385 4170 486 4237 οἶδε
511 4177 581 4237 τὰ
610 4179 799 4250 αῧτοῧ,
828 4178 1065 4258 ἡγήσατο
1093 4175 1234 4246 δόξαι
1257 4170 1320 4235 ἂν
1348 4178 1468 4255 ὑμῖν
1499 4176 1653 4235 Πλα-

136 4261 278 4331 ταιεὺς
302 4255 458 4343 εἶναι,
484 4264 542 4335 ἐξ
567 4257 640 4325 ὧν
671 4264 858 4345 ἔπραξε
888 4264 1075 4349 ῥᾳδίως
1107 4265 1420 4341 μαθήσεσθε.
1464 4263 1557 4324 Ἐν
1585 4268 1650 4341 τῇ

136 4350 398 4430 ἀντωμοσία
428 4352 533 4433 γὰρ
556 4356 651 4424 τῆς
678 4344 821 4425 δίκης
841 4352 905 4425 ἣν
932 4354 1071 4433 αῧτῷ
1104 4350 1287 4433 ἔλαχεν
1313 4350 1651 4432 Ἀριστόδικος

138 4436 308 4509 οὑτοσί,
331 4440 673 4521 ἀμφισὸητῶν
706 4440 778 4517 μὴ
807 4440 935 4519 πρὸς
962 4440 1051 4498 τὸν
1077 4439 1411 4519 πολέμαρχον
1438 4430 1568 4497 εἷναί
1605 4440 1651 4497 οἱ

88 4519 211 4587 iord<
230 4523 361 4591 δίκας
382 4526 765 4607 διεμαρτυρήθη
792 4526 867 4599 μὴ
896 4525 1192 4592 Πλαταιεὺς
1225 4516 1382 4597 εἶναι,
1410 4526 1501 4607 (ιι)
1536 4528 1649 4584 ἐπι·

142 4611 433 4690 σκηψάμενος
464 4613 521 4671 δὲ
546 4617 625 4693 τῷ
655 4614 878 4695 μάρτυρι
905 4614 1002 4672 οὐκ
1033 4612 1327 4690 ἐπεξῆλθεν,
1358 4613 1471 4673 ἀλλ’
1509 4612 1651 4671 είασε

144 4698 553 4761 καταδικάσασθαι
574 4702 729 4759 αὐτοῦ
748 4700 835 4760 τὸν
859 4698 1221 4780 Ἀριστόδικον.
1240 4698 1398 4761 Ἐπεὶ
1420 4700 1474 4758 δὲ
1496 4705 1651 4781 ὑπερ-

144 4779 301 4863 ήμερος
332 4788 558 4865 ἐγένετο,
581 4787 773 4856 ἐξέτισε
804 4785 897 4859 τὴν
926 4786 1092 4861 δίκην,
1110 4789 1291 4847 καθότι
1310 4788 1498 4849 ἔπειθε.
1545 4788 1653 4849 Καὶ

151 4868 323 4943 τούτων,
342 4874 408 4939 ὥς
431 4876 599 4957 ᾆληθῆ
624 4878 735 4933 ἐστι
752 4918 769 4951 ,
796 4874 1061 4955 μάρτυρας
1082 4873 1185 4951 ἐγὼ
1206 4872 1496 4955 παρέξομαι
1514 4874 1652 4947 ὑμῖν.

155 4952 236 5010 Καί
262 4980 340 5033 μοι
361 4959 577 5019 ἐπίλαὸε
603 4959 661 5020 τὸ
686 4959 839 5042 ὕδωρ.

705 5093 1047 5145 ΜΑΡΓΥΡΒΣ.

214 5210 273 5253 tt.
308 5196 439 5277 Πρὶν
464 5197 627 5257 τοίνυν
663 5204 829 5257 ταῦτα
867 5196 1249 5279 ὁμολογηθῆναι
1280 5200 1421 5281 αὖτῷ
1438 5245 1455 5277 ,
1479 5194 1658 5267 δεδιὼς

1006 498 1255 561 LYSIAE
1294 498 1418 560 OB.
1466 498 1777 561 CONTRA
1818 500 2362 563 PANCLEONEM.

3186 514 3208 565 1
3223 518 3251 567 is
3261 514 3295 566 9

1736 640 1946 703 primum
1969 641 2258 705 interrogavi
2270 677 2285 703 ‚
2306 643 2670 705 ceterorumque
2687 642 3024 693 Plataeensium
3041 646 3296 706 quoscum-

1735 778 1833 828 que
1865 765 2094 829 conveni,
2127 767 2177 816 et
2213 766 2518 817 Nicomedem
2553 766 2636 830 qui
2658 766 2916 816 affirmavit
2955 780 3008 817 se
3029 780 3132 819 esse
3155 767 3294 819 istius

1736 887 2013 951 dominum,
2035 890 2180 940 testes
2203 885 2486 955 producam.
2548 890 2624 939 Τιι
2647 902 2763 940 vero
2779 902 2954 953 aquam
2978 890 3156 942 inhibe.

2397 1024 2640 1067 11381138.

1799 1138 1845 1182 9.
1880 1132 2050 1183 Paucis
2071 1132 2240 1183 diebus
2255 1136 2506 1197 postquam
2528 1134 2634 1185 haec
2666 1136 2792 1185 facta
2817 1136 2958 1207 sunt,
2994 1134 3300 1199 conspicatus

1738 1210 2058 1261 Pancleonem
2089 1210 2202 1260 duci
2230 1225 2259 1261 a
2285 1211 2541 1262 Nicomede
2573 1212 2658 1275 qui
2688 1212 2792 1274 ejus
2823 1226 2874 1263 se
2909 1212 3162 1263 dominum
3195 1226 3300 1263 esse

1736 1290 1966 1353 asseruit,
1991 1290 2167 1341 accessi
2185 1303 2271 1353 ego
2299 1290 2614 1353 cognoscendi
2635 1290 2838 1353 cupidus
2875 1302 3109 1354 quorsum
3131 1304 3188 1341 ea
3223 1304 3300 1341 res

1737 1368 1976 1420 evaderet.
2051 1372 2189 1419 Tunc
2211 1368 2355 1432 igitur
2385 1370 2469 1419 ubi
2497 1372 2731 1419 cessatum
2749 1372 2822 1419 est
2846 1382 2875 1419 a
2898 1370 3100 1420 rixando
3117 1407 3132 1431 ,
3163 1369 3294 1420 dixe·

1738 1447 1852 1496 runt
1886 1447 2105 1497 nonnulli
2131 1460 2193 1496 ex
2228 1447 2285 1496 iis
2319 1447 2402 1510 qui
2439 1447 2692 1496 Pancleoni
2723 1446 2951 1509 aderant,
2983 1447 3060 1497 isti
3099 1448 3296 1498 fratrem

1738 1537 1840 1574 esse
1860 1524 1944 1586 qui
1964 1538 2073 1573 eum
2097 1523 2146 1573 in
2167 1523 2437 1573 libertatem
2457 1517 2735 1573 vindicaret.
2803 1525 3126 1585 Quamobrem
3141 1538 3294 1587 quum

1740 1600 2080 1663 fideiussissent
2097 1614 2147 1650 se
2169 1600 2314 1649 istum
2335 1600 2658 1661 exhibituros,
2682 1601 2735 1649 in
2754 1601 2912 1650 sorum
2936 1602 3176 1652 abierunt.
3196 1602 3296 1665 (10)

1739 1680 1972 1730 Postridie
1993 1692 2135 1742 vero,
2162 1679 2457 1742 exceptionis
2479 1675 2624 1729 simul
2651 1679 2890 1730 diluendoe
2913 1682 2963 1731 et
2992 1680 3090 1731 litis
3119 1681 3295 1731 confir-

1738 1758 1930 1807 mandae
1967 1770 2110 1807 causa
2127 1795 2141 1819 ,
2179 1757 2297 1805 mihi
2325 1757 2480 1806 visum
2517 1759 2590 1807 est
2613 1760 2832 1818 oportere
2867 1770 2946 1807 me
2986 1757 3150 1807 adesse
3183 1771 3295 1808 cum

1737 1834 1940 1884 testibus
1954 1869 1969 1895 ‚
1994 1836 2052 1883 ut
2082 1834 2132 1883 et
2153 1830 2294 1883 illum
2324 1832 2411 1895 qui
2435 1832 2766 1884 vindicaturus
2795 1834 2899 1884 erat
2933 1833 3294 1899 cognoscerem,

1737 1914 1884 1974 atque
1900 1911 2210 1975 intelligerem
2246 1910 2388 1961 simul
2422 1924 2518 1973 qua
2547 1912 2764 1963 oratione
2783 1924 2898 1961 usus
2916 1911 3195 1963 vindicaret.
3221 1912 3298 1962 Ob

1738 2008 1857 2057 quas
1875 1994 2019 2057 igitur
2037 2008 2114 2043 res
2131 1994 2434 2057 fidejussores
2454 1992 2556 2043 dati
2577 1997 2715 2043 erant
2727 2033 2742 2057 ,
2766 2007 2932 2044 earum
2951 1993 3102 2057 gratia
3124 1988 3267 2045 nemo
3281 2030 3296 2055 ,

1738 2090 1894 2141 neque
1911 2077 2075 2138 frater,
2089 2090 2247 2139 neque
2259 2073 2491 2140 quispiam
2507 2076 2628 2126 alius
2638 2113 2654 2139 ,
2674 2076 2908 2139 injudicio
2924 2077 3170 2141 apparuit,
3187 2077 3297 2126 uni-
3379 2074 3386 2079 '

1738 2172 1843 2209 cam
1860 2162 2032 2222 praeter
2044 2159 2294 2210 mulierem
2307 2170 2418 2222 quae
2434 2158 2752 2209 contendebat
2765 2159 2912 2209 istum
2925 2173 3067 2209 suum
3083 2172 3297 2211 esseser·

1743 2254 1854 2291 vum
1869 2280 1883 2305 ‚
1904 2255 2016 2291 cum
2037 2241 2298 2293 Nicomede
2327 2240 2542 2305 litigans,
2565 2254 2722 2305 neque
2740 2238 3080 2305 permissuram
3099 2254 3151 2291 se
3169 2242 3299 2292 aiens

1740 2330 1797 2376 ut
1815 2340 1926 2377 eum
1944 2328 2026 2377 ille
2051 2323 2328 2377 abduceret.
2397 2328 2498 2391 (11)
2532 2329 2654 2384 Quae
2676 2326 2824 2376 verba
2840 2328 2960 2377 tunc
2980 2327 3077 2376 sint
3103 2324 3266 2377 habita
3277 2363 3295 2390 ,

1744 2410 1863 2459 mihi
1902 2410 2101 2473 longum
2141 2412 2214 2461 est
2251 2422 2475 2460 enarrare
2515 2428 2528 2459 ι
2571 2406 2655 2458 sed
2675 2422 2886 2471 eousque
2907 2409 3150 2460 violentiae
3181 2422 3298 2474 pro-

1741 2497 1989 2546 cesserunt
2019 2498 2071 2546 et
2105 2496 2191 2559 qui
2227 2494 2484 2545 Pancleoni
2522 2492 2722 2543 aderant
2753 2498 2805 2544 et
2828 2494 2928 2557 ipse
2951 2495 3182 2559 Pancleo,
3213 2494 3296 2559 ut,

1740 2590 1893 2642 quum
1914 2578 2062 2628 vellet
2077 2576 2359 2628 Nicomedes
2371 2613 2387 2639 ,
2410 2574 2558 2627 vellet
2583 2576 2731 2625 etiam
2763 2576 2938 2626 mulier
2959 2576 3204 2629 hominem
3222 2576 3297 2629 di-

1741 2664 1932 2714 mittere
1944 2700 1960 2727 ,
1979 2665 2018 2713 si
2038 2664 2147 2727 quis
2163 2663 2318 2727 ipsum
2345 2661 2422 2711 vel
2447 2663 2503 2711 ut
2525 2660 2732 2711 liberum
2750 2660 3040 2724 vindicaret,
3063 2662 3138 2713 vel
3155 2676 3299 2714 suum

1740 2760 1934 2799 servum
1955 2762 2056 2799 esse
2074 2748 2335 2799 affirmaret
2345 2784 2361 2811 ,
2384 2746 2610 2797 neutrum
2629 2746 2804 2796 horum
2825 2748 3076 2810 iacientes,
3096 2762 3182 2812 per
3197 2750 3299 2801 vim

1739 2832 1948 2882 abducto
1978 2832 2172 2881 bomine
2193 2829 2413 2881 abierint.
2477 2830 2544 2879 Ut
2581 2828 2727 2892 igitur
2748 2828 2934 2881 constet
2961 2830 3026 2880 ob
3061 2830 3168 2881 haec
3189 2844 3300 2895 quae

1741 2915 1841 2966 dixi
1880 2917 2035 2980 pridie
2069 2928 2158 2980 pro
2193 2916 2286 2967 isto
2313 2916 2664 2979 fidejussionem
2697 2914 2842 2965 fuisse
2866 2914 3056 2978 datam,
3092 2920 3301 2980 eumque

1740 2998 1862 3045 tunc
1878 3007 1964 3057 per
1980 2994 2081 3044 vim
2099 2994 2244 3045 fuisse
2259 2993 2522 3044 abductum
2537 3028 2552 3054 ‚
2569 2992 2831 3055 producam
2853 2995 3017 3044 testes.
3082 2997 3158 3045 'ru
3180 2995 3299 3045 mihi

1740 3084 1919 3135 aquam
1944 3072 2126 3122 inhibe.

2415 3188 2658 3232 TESTBS.

1808 3320 1881 3365 12.
1916 3314 2076 3365 Facile
2092 3316 2168 3365 est
2184 3314 2326 3377 igitur
2347 3315 2472 3365 scitu
2492 3314 2810 3365 Pancleonem
2831 3326 2921 3364 sno
2951 3313 3102 3379 ipsius
3114 3313 3299 3377 judicio

1741 3423 1840 3460 non
1856 3410 2002 3460 modo
2010 3422 2110 3460 non
2117 3410 2426 3461 Plataeensem
2434 3424 2554 3474 esse,
2568 3409 2653 3461 sed
2669 3422 2734 3460 ne
2745 3409 2954 3460 liberum
2963 3408 3178 3473 quidem.
3202 3410 3300 3471 Qui

1744 3510 1874 3561 enim
1904 3511 2078 3561 maluit
2093 3511 2142 3561 vi
2161 3513 2354 3574 ereptus
2369 3523 2482 3563 suos
2503 3509 2794 3560 necessarios
2815 3508 3013 3559 reddere
3033 3508 3219 3572 legibus
3237 3506 3300 3561 d‘e

1742 3607 1792 3656 vi
1809 3606 2046 3657 obnoxios
2056 3643 2072 3669 ,
2086 3618 2235 3670 quam
2255 3606 2360 3670 lege
2373 3606 2426 3655 in
2445 3605 2722 3656 libertatem
2739 3604 3012 3655 vindicatus
3023 3640 3038 3668 ‚
3059 3616 3224 3669 poenas
3235 3605 3299 3656 ab

1741 3713 1799 3762 iis
1832 3723 2079 3773 reposcere
2098 3710 2184 3774 qui
2207 3722 2320 3760 eum
2349 3708 2652 3759 abducebant
2673 3710 2724 3759 in
2755 3708 3039 3759 servitutem
3053 3745 3068 3770 ,
3091 3722 3190 3759 non
3224 3711 3298 3762 e'st

1741 3814 1937 3864 difficile
1958 3810 2204 3863 intellectu
2233 3824 2348 3862 eum
2364 3848 2380 3875 ‚
2405 3824 2506 3862 suoe
2525 3810 2768 3861 servitutis
2785 3810 3060 3871 conscium,
3079 3808 3297 3859 ssmuisse

1741 3923 1803 3960 ne
1819 3910 1920 3959 dati
1937 3908 2238 3971 fideiussores
2266 3906 2328 3957 de
2344 3906 2502 3970 capite
2519 3902 2878 3956 contenderent.

1812 4017 1881 4061 13.
1915 4011 2124 4061 Multum
2158 4010 2302 4072 igitur
2318 4008 2481 4059 abesse
2507 4010 2564 4057 ut
2585 4007 2676 4057 iste
2699 4005 2972 4057 Platoeensis
2989 4006 3078 4066 sit,
3098 4002 3146 4054 id
3163 4004 3298 4055 vobis

1740 4102 1804 4139 ex
1818 4087 1876 4138 iis
1892 4101 2003 4151 quae
2023 4087 2153 4137 dicta
2173 4090 2287 4137 sunt
2317 4086 2418 4136 rere
2443 4088 2664 4135 constare
2698 4081 2905 4133 arbitror
2948 4102 2962 4133 a
2995 4082 3098 4145 jam
3136 4084 3298 4132 autem

1740 4174 1897 4226 neque
1914 4176 2027 4212 eum
2047 4163 2203 4225 ipsum
2222 4160 2377 4224 quiea
2395 4174 2504 4223 quae
2527 4158 2588 4208 ad
2608 4173 2658 4209 se
2677 4156 2918 4221 pertinent
2941 4156 3080 4207 novit
3097 4156 3298 4222 optime,

1742 4238 2038 4289 existimasse
2052 4248 2140 4285 vos
2171 4248 2223 4285 se
2239 4248 2328 4297 pro
2347 4232 2596 4285 Plataeensi
2631 4232 2883 4283 babituros
2897 4266 2912 4292 ,
2949 4231 3000 4281 id
3035 4242 3098 4281 ex
3112 4228 3170 4280 iis
3185 4233 3298 4293 quie

1742 4314 1855 4363 iecit
1880 4313 2020 4362 facile
2033 4309 2317 4372 intelligetis.
2384 4313 2441 4359 In
2458 4322 2518 4358 ea
2537 4308 2664 4359 enim
2680 4307 2778 4358 litis
2793 4304 3138 4355 contestatione
3149 4315 3296 4367 quam

1742 4390 1829 4453 ipsi
1846 4388 2034 4451 scripsit
2051 4385 2344 4437 Aristodicus
2357 4420 2374 4448 ‚
2411 4396 2566 4448 quum
2601 4376 2912 4433 contenderet
2935 4380 3028 4431 sibi
3052 4380 3184 4443 apud
3205 4394 3296 4445 po-

1743 4463 2039 4516 lemarchum
2061 4473 2255 4511 causam
2273 4473 2370 4509 non
2393 4472 2496 4509 esse
2511 4458 2743 4522 agendam
2755 4494 2772 4520 ,
2795 4456 3001 4520 alicujus
3019 4456 3296 4507 testimonio

1742 4537 1845 4583 erat
1862 4532 2111 4582 convictus
2129 4544 2180 4581 se
2209 4546 2306 4580 non
2334 4544 2436 4581 esse
2456 4530 2785 4581 Plataeensem.
2853 4528 2956 4591 (14)
2988 4530 3150 4585 Quum
3181 4538 3296 4577 vcro

1741 4612 1977 4664 actionem
1998 4610 2098 4659 falsi
2108 4604 2366 4658 testimonii
2385 4606 2610 4657 adversus
2621 4607 2758 4661 illum
2777 4608 2952 4656 testem
2967 4602 3294 4667 denuntiaret,

1742 4699 1838 4736 non
1856 4682 2018 4735 tamen
2036 4685 2312 4747 persecutus
2329 4686 2426 4745 est,
2446 4682 2529 4731 sed
2542 4694 2593 4731 se
2609 4680 2672 4731 ab
2695 4678 2964 4730 Aristodico
2986 4673 3297 4727 condemnari

1742 4756 1982 4807 sustinuit.
2043 4758 2111 4804 -Et
2145 4757 2454 4817 posteaquam
2489 4752 2753 4815 legitimum
2781 4745 2999 4799 solvendi
3027 4745 3155 4795 diem
3175 4743 3300 4796 elabi

1746 4846 1909 4897 passus
1931 4832 2032 4894 est,
2048 4829 2393 4893 compositione
2409 4842 2554 4891 quam
2577 4825 2957 4878 commodissime
2977 4820 3133 4889 potuit
3151 4821 3295 4882 faeta,

1746 4912 1975 4961 mulctam
1991 4908 2154 4959 solvit.
2219 4910 2378 4971 Atque
2401 4908 2506 4957 haec
2527 4907 2583 4956 ut
2599 4904 2762 4957 sciatis
2779 4915 2892 4953 vera
2909 4913 3011 4951 esse
3022 4934 3038 4959 ,
3056 4898 3192 4947 vobis
3208 4906 3296 4959 ego

1745 4990 1889 5039 testes
1908 4985 2192 5049 producam.
2258 4988 2334 5036 Tu
2356 4984 2473 5034 mihi
2494 4996 2670 5046 aquam
2688 4979 2864 5032 inhibe.

2417 5098 2650 5144 nsua.

1816 5219 1887 5265 15.
1924 5214 2190 5274 Antequam
2209 5210 2353 5273 igitur
2373 5208 2478 5258 haec
2497 5207 2586 5272 ipsi
2605 5207 2744 5271 pacta
2766 5195 2962 5255 finissent
2977 5212 3090 5249 cum
3115 5198 3296 5248 Aristo-

87 5275 223 5334 tesan
242 5280 575 5365 Ἀριστόδικον,
604 5285 867 5365 μεταστὰς
898 5284 1128 5349 ἐντεῦθεν
1155 5278 1373 5361 Θήὸησι
1402 5284 1662 5376 μετῴκει,
1708 5372 1716 5375 ῃ
1748 5290 1883 5355 dico,
1906 5290 2052 5353 hujus
2065 5290 2200 5340 metu
2221 5286 2407 5341 Thebas
2424 5282 2772 5349 commigravit.
2839 5282 2898 5332 At
2918 5278 3044 5329 enim
3067 5288 3154 5327 vos
3177 5284 3298 5327 sure
