3825 5842
527 460 641 513 220

528 579 707 656 μάτων
727 580 897 650 ἕνεκα,
919 573 1054 635 ἀλλὰ
1071 574 1208 634 κατὰ
1229 574 1409 634 στάσιν
1427 573 1610 642 αὐτοὺς
1631 572 1959 637 ἀπέκτειναν.
1981 572 2075 655 (u)

526 667 658 729 Ἐὰν
682 656 770 725 οὖν
793 663 921 745 πρὸς
948 667 1113 722 ταῦτα
1141 665 1491 741 ἀπολογῆται,
1515 668 1754 722 τοσοῦτον
1775 662 2067 741 μέμνησθε,

527 755 607 814 ὅτι
629 756 681 812 ἐν
711 752 924 832 τοιούτῳ
947 755 1112 833 καιρῷ
1133 751 1222 809 τὸν
1247 750 1404 829 νόμον
1435 750 1695 819 ἀπέδειξεν
1724 753 1777 810 ἐν
1801 744 1845 834 ᾧ
1867 758 1901 824 ἡ
1929 752 2077 811 πολι-

526 840 638 899 τεία
667 838 970 917 μεθίστατο,
1011 838 1101 897 καὶ
1127 836 1324 905 τούτοις
1349 837 1683 919 χαριζόμενος
1711 837 1762 898 οἳ
1792 838 1882 898 τὸν
1909 840 2073 917 δῆμον

527 928 834 1001 κατέλυσαν,
853 926 940 987 καὶ
959 925 1153 999 ταύτην
1171 925 1265 998 τὴν
1285 925 1473 1005 βουλὴν
1495 926 1812 994 συνδικάζειν
1835 926 2075 998 ἐποίησεν

528 1019 580 1073 ἐν
621 1008 660 1096 ᾖ
704 1016 937 1095 Σάτυρος
983 1013 1078 1091 μὲν
1120 1012 1211 1072 καὶ
1260 1012 1485 1094 Χρέμων
1529 1012 1769 1091 μέγιστον
1805 1014 2073 1088 ἐδύναντο,

445 1121 498 1161 25
528 1102 913 1184 Στρομὸιχίδης
943 1100 997 1159 δὲ
1025 1100 1114 1158 καὶ
1144 1101 1445 1172 Καλλιάδης
1471 1101 1562 1159 καὶ
1589 1100 1751 1181 ἕτεροι
1778 1102 1961 1161 πολλοὶ
1986 1102 2075 1163 καὶ

524 1184 674 1249 καλοὶ
697 1190 916 1270 κάγαθοὶ
946 1192 1048 1247 τῶν
1071 1191 1294 1249 πολιτῶν
1319 1188 1638 1248 ἀπώλλυντο.

604 1300 671 1338 15.
717 1276 823 1338 Καὶ
849 1275 970 1357 περὶ
997 1275 1190 1335 τούτων
1221 1274 1404 1335 οὗδένα
1439 1274 1500 1334 ἂν
1528 1274 1855 1352 ἐποιησάμην
1893 1274 2072 1355 λόγον,

524 1368 569 1423 εἷ
595 1364 670 1443 μὴ
693 1364 997 1444 ᾐσθανόμην
1022 1362 1177 1422 αὐτὸν
1204 1366 1274 1430 ὣς
1297 1362 1572 1439 δημοτικὸν
1593 1362 1714 1421 ὄντα
1738 1362 2076 1443 πειράσεσθαι

521 1451 668 1533 παρὰ
690 1452 752 1511 τὸ
787 1452 982 1511 δίκαιον
1013 1450 1296 1523 σώζεσθαι,
1332 1450 1422 1509 καὶ
1449 1454 1542 1521 τῆς
1579 1450 1774 1519 εὐνοίας
1796 1456 1888 1523 τῆς
1915 1454 1987 1519 εἷς
2018 1451 2077 1510 τὸ

520 1542 715 1612 πλῆθος
758 1537 1024 1618 τεκμηρίῳ
1063 1539 1387 1617 χρησόμενον
1425 1536 1503 1595 ὅτι
1549 1536 1754 1618 ἔφυγεν.
1837 1536 1979 1617 Ἐγὼ
2019 1537 2075 1599 δὲ

519 1627 610 1686 καὶ
634 1626 835 1707 ἐτέρους
858 1625 919 1686 ἂν
949 1624 1126 1705 ἔχοιμι
1153 1624 1406 1695 ἐπιδεῖξαι
1437 1628 1538 1684 τῶν
1569 1626 2072 1703 συγκαταλυσάντων

518 1714 607 1783 τὸν
637 1717 802 1791 δῆμον
831 1712 948 1779 τοὺς
979 1712 1072 1789 μὲν
1099 1712 1477 1785 ἀποθανόντας,
1511 1710 1628 1781 τοὺς
1655 1712 1710 1771 δὲ
1737 1713 1991 1794 φυγόντας
2016 1736 2075 1773 τε

442 1816 494 1855 ³⁰
519 1802 610 1861 καὶ
636 1803 694 1861 οὔ
728 1799 1084 1881 μετασχόντας
1108 1806 1199 1872 τῆς
1234 1799 1496 1867 πολιτείας
1513 1843 1531 1876 ,
1558 1798 1692 1859 ὥστε
1721 1800 1906 1859 οὐδένα
1940 1800 2076 1869 εἰκὸς

520 1890 664 1969 αὐτῷ
693 1884 884 1947 τούτου
917 1886 1170 1966 ὑπόλογον
1212 1884 1471 1965 γενέσθαι.
1557 1888 1649 1965 (lo)
1683 1890 1793 1947 Τοῦ
1826 1886 1923 1964 μὲν
1972 1886 2073 1968 γὰρ

519 1978 656 2051 ὑμᾶς
690 1983 868 2056 φυγεῖν
906 1974 1059 2054 μέρος
1100 1997 1150 2033 τι
1186 1974 1277 2032 καὶ
1312 1966 1458 2042 οὗτος
1490 1973 1804 2033 συνεὸάλετο
1822 2019 1839 2054 ,
1885 1980 1976 2033 τοῦ
2018 1975 2073 2035 δὲ

517 2069 696 2123 τοῦτον
723 2064 987 2122 κατελθεῖν
1006 2062 1066 2121 τὸ
1081 2065 1277 2134 πλῆθος
1297 2060 1357 2121 τὸ
1383 2061 1628 2142 ὑμέτερον
1654 2061 1816 2121 αἴτιον
1847 2061 2069 2138 ἐγένετο.

517 2148 641 2211 Ἔτι
668 2150 723 2211 δὲ
747 2150 838 2211 καὶ
873 2150 1060 2227 δεινόν,
1091 2152 1136 2209 εἰ
1159 2141 1232 2209 ὦν
1259 2149 1354 2228 μὲν
1383 2150 1524 2209 ἄκων
1551 2148 1711 2207 ἔπαθε
1737 2148 1895 2229 χάριν
1924 2152 2067 2232 αὐτῷ

521 2236 718 2298 εἴσεσθε
734 2283 751 2313 ,
800 2231 874 2298 ὧν
917 2240 963 2297 δ’
1000 2234 1134 2297 ἑκὼν
1181 2236 1440 2317 ἐξήμαρτε
1491 2237 1752 2315 μηδεμίαν
1814 2237 2071 2319 τιμωρίαν

517 2324 810 2396 ποιήσεσθε.

595 2418 666 2475 ’17.
715 2412 1052 2491 Πυνθάνομαι
1069 2412 1124 2471 δὲ
1146 2410 1298 2472 αὐτὸν
1316 2410 1485 2491 λέγειν
1501 2414 1574 2479 ὡς
1596 2411 1773 2472 dees&
1795 2411 2069 2473 καταλύων

441 2510 494 2552 8⁶
520 2498 614 2567 τὰς
641 2499 834 2569 θυσίας.
915 2499 1062 2579 Ἐγὼ
1103 2499 1147 2559 δ’
1179 2502 1225 2559 εἷ
1253 2499 1348 2577 μὲν
1385 2498 1569 2577 νόμους
1615 2500 1784 2573 ἰτίθην
1831 2500 2072 2580 περὶτῆς

523 2588 850 2668 ἀναγραφῆς,
905 2587 1144 2664 ἡγούμην
1189 2584 1250 2644 ἂν
1293 2585 1476 2654 ἐξεῖναι
1523 2587 1820 2669 Νικομάχῳ
1853 2592 2071 2647 τοιαῦτα

522 2675 684 2732 εἰπεῖν
710 2673 831 2755 περὶ
849 2676 994 2751 ἐμοῦ·
1021 2678 1110 2731 νῦν
1140 2672 1193 2732 δὲ
1213 2674 1316 2741 τοῖς
1342 2674 1526 2741 κοινοῖς
1553 2674 1646 2731 καὶ
1667 2674 1919 2751 κειμένοις
1942 2673 2069 2743 ἀξιῶ

521 2764 702 2820 τοῦτον
741 2760 1023 2820 πείθεσθαι.
1121 2760 1394 2839 Θαυμάζω
1431 2760 1485 2819 δὲ
1531 2763 1578 2820 εἰ
1618 2761 1693 2837 μὴ
1742 2765 2067 2841 ἐνθυμεῖται,

522 2844 646 2905 ὅταν
669 2846 762 2925 ἐμὲ
787 2846 962 2929 φάσκῃ
988 2848 1190 2907 desecti·
1221 2846 1438 2926 λέγοντα
1475 2851 1543 2916 ὡς
1565 2850 1669 2929 χρὴ
1701 2848 1837 2909 θύειν
1857 2849 1950 2917 τὰς
1980 2854 2066 2908 θυ-

521 2934 636 3004 σίας
677 2935 768 3004 τὸς
811 2940 871 2995 ἐκ
896 2941 998 2997 τῶν
1027 2934 1258 3017 κύρὸεων
1289 2937 1379 2996 καὶ
1420 2942 1522 2996 τῶν
1565 2940 1768 3008 στηλῶν
1813 2937 1951 2996 κατὰ
1978 2936 2070 3004 τὰς

521 3024 822 3107 συγγραφάς
840 3070 856 3098 ,
885 3023 964 3085 ὅτι
984 3025 1077 3086 καὶ
1102 3030 1196 3097 τῆς
1215 3024 1413 3094 πόλεως
1436 3027 1732 3107 κατηγορεῖ·
1772 3032 1939 3085 ταῦτα
1967 3024 2067 3105 γὰρ

519 3117 665 3189 ὑμεῖς
693 3112 1033 3194 ἐψηφίσασθε.
1116 3110 1346 3174 Ἔπειτα
1377 3116 1424 3172 εἰ
1455 3117 1621 3171 ταῦτα
1644 3111 1863 3189 νομίζεις
1887 3111 2027 3169 δεινά
2046 3155 2064 3189 ,

439 3226 494 3266 40
519 3192 658 3273 ἦπου
697 3200 894 3281 σφόδρα
931 3200 1149 3268 ἐκείνους
1180 3204 1284 3278 ἡγῇ
1315 3201 1528 3273 ἀδικεῖν,
1555 3198 1606 3260 οἳ
1625 3198 1693 3257 τὰ
1729 3200 1788 3257 ἐκ
1814 3202 1916 3256 τῶν
1942 3198 2064 3280 κύρ-

520 3287 653 3347 6εων
675 3287 826 3363 μόνον
849 3286 1013 3345 ἔθυον.
1046 3288 1138 3365 (ιε)
1162 3286 1368 3359 Καίτοι,
1391 3276 1435 3345 ὦ
1457 3286 1634 3368 ἄνδρες
1655 3284 1921 3356 δικασταί,
1945 3283 2067 3365 περὶ

519 3372 782 3440 εὖσεὸείας
807 3374 864 3431 οὗ
895 3373 1039 3455 παρὰ
1066 3373 1376 3453 Νικομάχου
1404 3372 1508 3454 χρὴ
1540 3373 1840 3450 μανθάνειν,
1866 3372 1985 3431 ἀλλ’
2008 3374 2067 3435 ἐκ

518 3465 620 3519 τῶν
645 3458 1000 3540 γεγενημένων
1033 3468 1267 3522 σκοπεῖν.
1353 3462 1424 3521 Οἱ
1451 3460 1617 3519 τοίνυν
1645 3460 1888 3540 πρόγονοι
1915 3458 1984 3517 τὰ
2007 3462 2066 3519 ἐκ

517 3552 618 3607 τῶν
663 3547 894 3621 κύρὸεων
934 3546 1137 3615 θύοντες
1178 3546 1426 3625 μεγίστην
1464 3546 1554 3606 καὶ
1599 3545 2065 3624 εὐδαιμονεστάτην

512 3640 614 3695 τῶν
638 3626 960 3705 Ἑλληνίδων
980 3635 1075 3707 τὴν
1099 3634 1248 3693 πόλιν
1266 3634 1594 3715 παρέδωκαν,
1619 3634 1753 3694 ὥστε
1777 3633 1916 3703 ἄξιον
1938 3636 2065 3712 ἡμῖν

517 3721 611 3790 τὰς
635 3720 796 3789 αὐτας
839 3720 1048 3788 ἐκείνοις
1091 3720 1279 3791 θυσίας,
1303 3726 1561 3780 ποιεῖσθαι
1587 3721 1676 3780 καὶ
1721 3723 1766 3779 εἷ
1794 3720 1957 3797 μηδὲν
1999 3722 2063 3784 δι’

517 3810 678 3886 ἄλλο,
706 3814 798 3882 τῆς
825 3808 986 3889 τύχης
1027 3808 1176 3868 ἕνεκα
1203 3813 1294 3881 τῆς
1333 3808 1382 3877 ἐξ
1410 3807 1615 3867 ἐκείνων
1647 3811 1752 3866 τῶν
1792 3811 1945 3889 ἱερῶν
1986 3830 2065 3888 γε·

419 3896 818 3978 185γενημένης.
923 3894 1007 3979 (ιο)
1039 3900 1166 3964 Πῶς
1194 3896 1238 3955 δ’
1276 3896 1339 3955 ἄν
1373 3920 1448 3964 τις
1476 3895 1835 3976 εὖσεὸέστερος
1868 3893 2067 3975 γένοιτο

515 3988 672 4063 ἐμοῦ,
699 3986 836 4052 ὅστις
875 3982 1001 4053 ἀξιῶ
1032 3988 1234 4065 πρῶτον
1273 3982 1366 4063 μὲν
1404 3981 1540 4043 κατὰ
1581 3981 1647 4042 τὰ
1671 3983 1866 4063 πάτρια
1906 3982 2065 4061 θύειν,

517 4072 694 4148 ἔπειτα
725 4072 758 4131 ἃ
789 4073 988 4151 μᾶλλον
1018 4072 1268 4155 συμφέρει
1295 4076 1360 4153 τῇ
1389 4071 1567 4147 πόλει,
1599 4070 1676 4130 ἔτι
1705 4069 1758 4129 δὲ
1787 4069 1822 4128 ἃ
1852 4075 1879 4129 ὁ
1903 4072 2066 4148 δῆμος

516 4162 805 4245 ἐψηφίσατο
822 4160 912 4220 καὶ
937 4162 1262 4239 δυνησόμεθα
1282 4163 1518 4219 δαπανᾶν
1541 4162 1600 4219 ἐκ
1625 4164 1729 4219 τῶν
1752 4158 2065 4240 προσιόντων

513 4248 829 4328 χρημάτων,
879 4247 958 4307 Σὺ
1000 4247 1092 4321 δέ,
1143 4238 1186 4308 εἶ)
1218 4248 1494 4327 Νικόμαχε
1512 4294 1528 4325 ,
1577 4246 1770 4307 τούτων
1815 4244 2065 4306 τάναντία

515 4335 820 4407 πεποίηκας·
845 4336 1148 4417 ἀναγράψας
1174 4336 1274 4415 γὰρ
1306 4336 1470 4394 πλείω
1497 4340 1600 4395 τῶν
1636 4332 2065 4416 προσταχθέντων

465 4446 491 4484 s
519 4421 680 4489 αἴτιος
697 4421 973 4500 γεγένησαι
995 4420 1062 4479 τὰ
1089 4421 1370 4502 προσιόντα
1397 4423 1650 4502 χρήματα
1679 4426 1749 4490 εἰς
1774 4428 1943 4482 ταῦτα
1972 4421 2066 4500 μὲν

515 4510 912 4583 ἀναλίσκεσθαι,
945 4512 997 4569 ἐν
1033 4510 1088 4569 δὲ
1130 4520 1244 4579 ταῖς
1274 4512 1509 4590 πατρίοις
1535 4512 1733 4579 θυσίαις
1753 4512 2056 4574 ἐπιλείπειν.

518 4599 609 4677 (20)
637 4596 839 4658 Αὖτίκα
867 4597 1081 4677 πέρυσιν
1104 4598 1220 4678 ἱερὰ
1249 4598 1412 4658 ἄθυτα
1437 4603 1590 4679 τριῶν
1623 4598 1893 4660 ταλάντων
1922 4600 2066 4677 γεγέ·

513 4709 668 4756 νηται
710 4687 812 4744 τῶν
858 4686 910 4743 ἐν
939 4692 1063 4760 ιταῖς
1100 4685 1314 4765 κύρὸεσι
1343 4684 1737 4766 γεγραμμένων.
1821 4685 1933 4745 Καὶ
1968 4690 2066 4766 οὐχ

514 4764 618 4831 οἶόν
646 4795 702 4830 τε
731 4772 892 4830 εἰπεῖν
919 4774 988 4837 ὡς
1009 4773 1108 4851 οὔχ
1145 4770 1301 4831 ἱκανὰ
1328 4764 1458 4831 εἶναι
1497 4774 1763 4854 προσῆλθε
1795 4777 1860 4854 τῇ
1895 4771 2063 4831 πόλει·

513 4863 560 4919 εἰ
586 4858 687 4939 γὰρ
715 4850 861 4927 οὗτος
888 4857 961 4936 μὴ
990 4858 1154 4917 πλείω
1185 4860 1470 4940 ἀνέγραψεν
1496 4859 1548 4930 ἓξ
1576 4860 1850 4927 ταλάντοις
1866 4906 1882 4934 ,
1909 4862 1981 4928 εἴς
2008 4884 2065 4919 τε

513 4947 605 5016 τὰς
633 4946 810 5015 θυσίας
837 4946 930 5015 τὰς
955 4945 1201 5025 πατρίους
1224 4943 1287 5004 ἂν
1312 4946 1554 5027 ἐξήρκεσε
1579 4945 1669 5006 καὶ
1695 4950 1814 5027 τρία
1832 4945 2062 5007 τάλαντα

514 5038 576 5097 ἂν
601 5035 1002 5119 περιεγένετοτῇ
1029 5033 1198 5095 πόλει.
1284 5036 1417 5116 Περὶ
1447 5034 1502 5096 δὲ
1534 5040 1634 5095 τῶν
1667 5036 1949 5116 εἰρημένων
1973 5034 2063 5095 καὶ

434 5144 486 5184 ιο
513 5125 778 5208 μάρτυρας
801 5126 923 5203 ὑμῖν
943 5121 1260 5204 παρέξομαι.

1532 446 1810 508 umor
1851 445 1902 507 Ο
1943 446 2151 507 KATA
2194 450 2671 516 ΝΙΚΟΜΑΧΟΥ.

3430 464 3593 541 (sso—
3602 468 3701 541 sss}

2166 588 2303 648 setis,
2319 588 2450 651 quod
2464 602 2649 641 eosnon
2662 592 2725 643 ob
2738 591 2951 656 ipsorum
2964 594 3343 659 improbitatem,
3356 596 3439 647 sed
3450 611 3510 649 ex
3520 601 3713 662 privatis

2167 664 2371 716 dissidiis
2394 666 2745 719 interimerunt.
2834 672 2937 733 (14)
2959 674 3127 736 Itaque
3148 674 3190 723 si
3220 672 3283 723 ad
3300 674 3405 725 haec
3432 678 3713 739 respondere

2164 744 2389 807 suscipiat
2402 782 2418 808 ,
2442 746 2494 796 id
2520 746 2757 798 duntaxat
2774 749 3106 813 recordemini,
3140 752 3289 801 istum
3310 756 3359 803 in
3390 755 3477 805 tali
3500 758 3715 818 tempore

2163 823 2414 884 protulisse
2444 823 2597 886 legem
2616 825 2665 873 in
2679 839 2778 888 quo
2798 827 3067 890 respublica
3086 828 3306 879 inclinari
3326 832 3494 895 coepit,
3512 836 3563 883 et
3580 838 3636 883 ut
3660 838 3717 884 iis

2163 902 2507 964 gratificaretur
2534 904 2620 967 qui
2642 904 2989 956 democratiam
3010 910 3315 971 everterunt,
3335 912 3479 973 atque
3509 912 3629 962 adeo
3648 914 3717 963 illi

2163 981 2347 1030 senatui
2381 994 2476 1031 una
2508 995 2621 1031 cum
2654 984 2876 1045 legitimis
2894 984 3135 1046 iudicibus
3159 987 3407 1048 judicandi
3436 992 3715 1051 potestatem

2164 1059 2437 1111 conciliasse
2448 1098 2465 1123 ,
2490 1061 2539 1110 in
2565 1076 2662 1125 quo
2676 1065 2877 1125 Satyrus
2887 1066 2936 1113 et
2950 1065 3191 1115 Chremon
3204 1067 3463 1129 plurimum
3479 1070 3716 1129 valebant,

2163 1140 2213 1189 et
2239 1151 2269 1188 a
2295 1153 2392 1202 quo
2423 1140 2821 1205 strombichide5‚
2854 1144 3115 1205 calliades,
3138 1144 3315 1207 aliique
3333 1143 3447 1195 boni
3468 1150 3519 1197 et
3540 1152 3718 1199 strenui

2164 1215 2293 1264 cives
2310 1215 2583 1279 interempti
2602 1217 2733 1267 sunt.

2230 1294 2303 1337 15.
2340 1292 2401 1338 Et
2421 1289 2482 1339 de
2504 1290 2578 1341 his
2602 1292 2744 1341 rebus
2768 1292 2959 1343 nullum
2992 1294 3207 1345 fecissem
3242 1295 3475 1358 verbum,
3502 1298 3552 1345 ni
3578 1300 3717 1347 istum
3781 1324 3783 1333 =

2163 1379 2601 1432 animadvertissem
2632 1384 2807 1446 proeter
2824 1384 2907 1447 ius
2926 1398 2988 1435 ex
3018 1385 3177 1435 studio
3202 1400 3291 1437 suo
3312 1387 3363 1437 in
3382 1389 3620 1451 populum
3648 1405 3717 1439 sa·

2166 1474 2315 1524 tutem
2350 1477 2577 1539 consequi
2610 1478 2759 1541 velle,
2802 1480 3003 1543 eiusque
3040 1480 3185 1530 studii
3232 1481 3349 1531 illud
3383 1488 3719 1546 argumentum

2164 1570 2375 1631 praehere
2394 1569 2522 1646 quod
2548 1571 2597 1621 in
2616 1572 2815 1623 exilium
2834 1574 3077 1637 profectus
3106 1575 3186 1625 sit.
3252 1578 3317 1626 At
3348 1591 3437 1641 ego
3457 1579 3585 1629 alios
3606 1594 3721 1643 prae·

2162 1660 2293 1710 terea
2309 1661 2520 1723 proferre
2535 1664 2711 1725 possim
2730 1664 2811 1726 qui
2830 1664 3051 1728 quamvis
3065 1678 3261 1729 operam
3278 1669 3499 1731 tyrannis
3514 1671 3579 1719 ad
3598 1686 3720 1721 eser·

2162 1755 2355 1805 tendam
2373 1769 2524 1819 remp.
2544 1758 2797 1821 navat-int,
2818 1760 2983 1810 tamen
3004 1761 3181 1824 partim
3196 1762 3452 1825 trucidati,
3472 1766 3655 1828 partim
3675 1768 3718 1815 in

2162 1849 2359 1899 exilium
2383 1852 2479 1900 acti
2502 1850 2624 1915 sint,
2656 1865 2687 1901 a
2706 1852 3048 1907 dominationis
3072 1860 3203 1907 certe
3237 1858 3478 1908 consortio
3514 1861 3717 1911 exclusi.

2163 1947 2321 2002 Quare
2337 1958 2436 1995 non
2452 1945 2587 1997 decet
2608 1947 2755 1998 istinn
2768 1962 2826 2000 ea
2841 1949 3115 2003 defensione
3130 1952 3365 2016 adjuvari.
3410 1956 3517 2017 (16)
3538 1959 3721 2007 Vestra

2162 2038 2287 2087 enim
2312 2039 2437 2101 mgoe
2460 2039 2502 2090 is
2528 2054 2665 2091 suam
2690 2044 2895 2095 contulit
2925 2059 3147 2110 operam3
3170 2048 3320 2111 ipsius
3348 2056 3515 2101 autem
3540 2054 3721 2104 reditus

2162 2133 2365 2196 populus
2386 2135 2519 2185 solus
2552 2140 2721 2187 auctor
2756 2138 2956 2190 exstitit.
3017 2141 3091 2191 Ad
3118 2142 3256 2207 haec,
3275 2144 3499 2210 iniquum
3536 2148 3663 2199 foret
3682 2151 3719 2199 si

2160 2241 2327 2278 eorum
2349 2242 2460 2292 quae
2487 2229 2669 2281 invitus
2696 2232 2925 2295 pertulit,
2949 2231 3028 2283 isti
3050 2234 3265 2287 habeatis
3292 2238 3526 2302 gratim3
3546 2242 3595 2290 et
3612 2254 3721 2305 quae

2159 2326 2287 2379 idem
2304 2330 2455 2382 libens
2471 2333 2790 2397 perpetravit,
2814 2348 2982 2385 eorum
3006 2350 3171 2400 poenas
3190 2351 3290 2389 non
3316 2343 3599 2403 reposeens.

2224 2432 2299 2477 17.
2334 2428 2491 2478 Audio
2516 2432 2679 2481 autem
2702 2431 2850 2481 istum
2878 2433 3141 2495 praedicare
3161 2436 3288 2498 qnod
3316 2437 3582 2500 impietatis
3609 2454 3721 2493 reus

2156 2504 2249 2554 sim
2283 2508 2476 2568 propter
2493 2520 2628 2558 sacra
2657 2508 2852 2559 abolita.
2917 2513 3017 2573 Ego
3048 2525 3163 2562 vero
3184 2512 3225 2563 si
3256 2515 3379 2577 leges
3403 2516 3629 2569 tulissem
3664 2520 3721 2571 de

2157 2585 2426 2648 sumptibus
2450 2586 2499 2635 in
2516 2600 2649 2637 sacra
2668 2588 2919 2651 faciendis,
2944 2590 3197 2641 arbitrarer
3217 2592 3404 2643 licuisse
3424 2596 3721 2648 Nicomacho
3780 2610 3783 2665 ι

2158 2661 2265 2711 liaec
2292 2662 2343 2711 in
2374 2676 2453 2712 me
2481 2664 2672 2715 effutire
2694 2684 2707 2715 ε
2728 2679 2855 2716 nunc
2876 2669 3041 2718 autem
3076 2670 3410 2722 communibus
3439 2676 3491 2723 et
3518 2678 3723 2739 receptis

2159 2738 2340 2801 legibus
2356 2752 2525 2791 censeo
2548 2754 2663 2791 eum
2682 2741 2856 2793 debere
2878 2744 3091 2808 obsequi.
3158 2750 3383 2797 ceterum
3400 2751 3554 2802 miror
3572 2754 3721 2805 istum

2157 2828 2255 2865 non
2265 2816 2664 2879 animadvertere,
2680 2833 2833 2883 quum
2850 2834 2927 2871 me
2941 2822 3195 2885 impietatis
3208 2824 3453 2878 insimulat
3464 2832 3723 2893 propterea

2157 2894 2285 2957 quod
2310 2908 2447 2946 sacra
2470 2910 2531 2946 ex
2558 2898 2781 2960 cyrbibus
2799 2900 2849 2949 et
2868 2902 3000 2951 stetis
3020 2901 3217 2952 definita
3232 2940 3247 2963 ,
3270 2904 3412 2965 juxta
3434 2910 3721 2973 praescripta

2158 2972 2305 3023 literis
2332 2975 2633 3037 consignata,
2667 2976 2885 3028 facienda
2914 2992 3018 3029 esse
3042 2984 3374 3046 pronuntiem,
3406 2988 3543 3049 quod
3574 2991 3721 3041 simul

2158 3052 2428 3101 universam
2460 3053 2703 3103 civitatem
2726 3054 2971 3106 insimulet
2996 3072 3008 3105 :
3029 3058 3135 3109 hacc
3162 3060 3291 3109 enim
3316 3074 3403 3112 vos
3426 3064 3517 3125 ipsi
3549 3066 3719 3119 decre.

2157 3134 2308 3183 vistis.
2362 3134 2541 3184 Deinde
2553 3171 2568 3197 ,
2588 3135 2905 3200 Nicomacho,
2928 3138 2969 3187 si
2988 3138 3097 3189 haec
3116 3153 3227 3204 quie
3248 3143 3439 3205 postulo
3462 3148 3719 3207 reprehen-

2156 3216 2313 3266 denda
2330 3230 2431 3267 esse
2449 3216 2714 3280 existimes,
2735 3221 2866 3268 certe
2884 3220 3038 3269 multo
3060 3223 3211 3284 magis
3226 3236 3307 3273 eos
3328 3224 3600 3287 culpandos
3616 3242 3721 3281 effe

2152 3298 2388 3360 iudicabis
2404 3298 2489 3362 qui
2507 3312 2641 3349 sacra
2669 3300 2937 3351 secundum
2955 3304 3125 3366 cythes
3146 3304 3449 3355 solummodo
3470 3308 3717 3362 fecerunt.
3780 3302 3783 3353 Ι

2157 3383 2255 3443 (18)
2282 3383 2533 3442 Attamen,
2552 3380 2763 3445 judices,
2788 3396 2887 3432 nou
2904 3396 2935 3432 a
2955 3384 3243 3434 Nicomacho
3277 3387 3505 3449 pietatem
3528 3393 3719 3444 edicere

2156 3472 2243 3509 nos
2260 3460 2475 3523 oportet,
2494 3458 2575 3508 sed
2595 3459 2731 3509 factis
2749 3459 2809 3509 de
2827 3473 2883 3510 ea
2896 3460 3128 3522 iudicare.
3158 3462 3359 3524 Maiores
3372 3477 3549 3530 nempe
3564 3472 3715 3521 nostri

2153 3552 2287 3588 sacra
2324 3538 2587 3588 secundum
2621 3538 2790 3601 cyrbes
2834 3537 3087 3600 facientes,
3123 3540 3248 3589 hanc
3286 3542 3533 3593 civitatem
3568 3548 3718 3599 totius

2156 3622 2355 3675 Groecioe
2396 3624 2658 3673 maximam
2693 3624 2744 3672 et
2777 3623 3200 3675 fortunatissimam
3226 3626 3364 3678 nobis
3390 3630 3713 3683 tradiderunt.

2156 3709 2316 3764 Quare
2337 3719 2426 3755 nos
2452 3704 2589 3755 decet
2610 3705 2666 3753 ut
2700 3704 2867 3754 eadem
2890 3718 3025 3761 sacra
3046 3709 3189 3770 atque
3206 3708 3276 3758 illi
3298 3710 3533 3763 faciamus
3553 3716 3594 3765 si
3616 3730 3716 3767 non

2154 3788 2297 3837 aliam
2316 3788 2379 3838 ob
2396 3800 2590 3838 causam
2602 3823 2618 3850 ,
2646 3788 2697 3837 at
2715 3788 2779 3837 ob
2798 3788 3040 3838 fortunam
3059 3793 3221 3841 tamen
3243 3805 3354 3855 quoe
3369 3794 3453 3844 illa
3477 3800 3715 3851 sacrificia

2153 3868 2458 3932 sequebatur.
2526 3868 2624 3931 (19)
2644 3867 2737 3917 Sed
2754 3868 2995 3930 quomodo
3020 3869 3190 3932 aliquis
3216 3883 3293 3921 me
3318 3875 3468 3937 magis
3482 3876 3594 3939 pius
3611 3894 3717 3933 aso

2154 3951 2331 4015 possit?
2344 3950 2429 4013 qui
2441 3950 2619 4001 suadeo
2632 3986 2647 4011 ,
2666 3950 2875 4013 primum
2890 3962 3025 4000 sacra
3038 3952 3191 4014 patrio
3204 3966 3339 4004 more
3351 3970 3453 4007 esse
3466 3960 3687 4013 facienda
3694 3983 3711 4026 ;

2153 4035 2325 4086 deinde
2341 4048 2397 4085 ea
2420 4048 2531 4097 quae
2553 4032 2739 4082 civitati
2764 4033 2973 4083 maxime
2988 4037 3214 4099 prosunt,
3235 4040 3339 4087 tum
3358 4052 3414 4088 ea
3431 4054 3545 4103 quae
3574 4048 3715 4100 scivit

2154 4120 2358 4183 populus
2371 4155 2389 4180 ,
2407 4130 2713 4181 quorumque
2728 4118 2949 4179 sumptus
2966 4130 3029 4166 ex
3040 4118 3269 4169 reditibus
3284 4124 3459 4173 nostris
3474 4130 3715 4188 possimus

2154 4204 2469 4267 suppeditare.
2530 4204 2602 4251 Tu
2628 4204 2818 4265 autem,
2848 4201 3161 4265 Nicomacho,
3184 4204 3260 4254 liis
3279 4207 3443 4257 omnia
3468 4216 3711 4266 contraria

2154 4285 2321 4335 fecisti.
2356 4287 2477 4335 Nam
2494 4296 2645 4346 quum
2663 4283 2715 4331 in
2731 4280 3045 4344 descriptione
3065 4295 3313 4334 sacrorum
3334 4286 3473 4349 plura
3490 4290 3709 4345 faciunda

2149 4370 2343 4432 jusseris
2376 4383 2523 4433 quam
2564 4382 2675 4432 quae
2708 4370 2845 4419 erant
2882 4368 3141 4432 imperata,
3168 4370 3367 4421 effecisti
3400 4375 3484 4437 ut,
3508 4376 3629 4429 dum
3660 4382 3706 4431 in

2154 4457 2228 4506 his
2259 4454 2397 4506 novis
2422 4455 2674 4505 facultates
2698 4454 2877 4504 nostroe
2910 4452 3294 4517 absumerentur,
3324 4456 3387 4506 ad
3414 4459 3547 4511 avita
3574 4476 3705 4526 pera-

2152 4543 2305 4607 genda
2338 4542 2455 4594 nihil
2498 4542 2781 4605 superesset.
2863 4541 2963 4605 (20)
3004 4542 3222 4605 Exempli
3256 4556 3431 4607 causa,
3464 4552 3708 4611 superiore

2152 4642 2279 4680 anno
2308 4642 2441 4679 sacra
2480 4628 2631 4677 trium
2650 4625 2943 4678 talentorum
2976 4640 3087 4689 quae
3111 4627 3441 4680 inscribuntur
3470 4632 3521 4682 in
3546 4637 3702 4699 cythi·
3781 4656 3783 4659 ·

2152 4714 2268 4774 bus,
2282 4711 2459 4761 iniecta
2477 4712 2607 4761 sunt.
2670 4711 2837 4773 Neque
2856 4709 2904 4759 id
2928 4710 3077 4772 possit
3106 4709 3201 4759 dici
3224 4711 3289 4761 ad
3306 4725 3364 4762 ea
3390 4714 3603 4768 civitatis
3626 4734 3705 4771 re·

2152 4796 2281 4847 ditus
2300 4808 2399 4845 non
2420 4794 2675 4843 suffecisse.
2740 4794 2861 4843 Nam
2880 4794 2969 4844 nisi
2992 4794 3081 4844 iste
3108 4806 3237 4845 nova
3268 4809 3403 4847 sacra
3430 4798 3705 4867 descripsis-

2150 4881 2249 4939 set,
2274 4880 2324 4927 in
2345 4889 2457 4941 quae
2480 4888 2567 4926 sex
2586 4876 2767 4925 taleida
2782 4876 2995 4939 impendi
3011 4876 3214 4938 debent,
3235 4891 3333 4927 non
3365 4882 3514 4933 modo
3528 4886 3707 4939 reditus

2149 4965 2212 5019 ad
2234 4978 2371 5016 sacra
2397 4963 2552 5028 patria
2578 4961 2899 5024 suffecissent,
2934 4962 3020 5011 sed
3050 4962 3195 5012 etiam
3218 4964 3311 5013 tria
3334 4967 3519 5019 talenta
3540 4984 3703 5034 super-

2150 5052 2350 5104 fuissent
2378 5050 2577 5101 civitati.
2642 5050 2800 5113 Atque
2820 5048 2995 5099 horum
3012 5061 3121 5113 quac
3140 5062 3167 5099 a
3186 5062 3266 5100 me
3286 5048 3416 5100 dicta
3434 5057 3549 5103 sunt
3567 5058 3707 5105 testes

2150 5130 2427 5195 producam.
