<?xml version="1.0" encoding="UTF-8"?>
<!DOCTYPE html PUBLIC "-//W3C//DTD XHTML 1.0 Transitional//EN"
    "http://www.w3.org/TR/xhtml1/DTD/xhtml1-transitional.dtd">
<html xmlns="http://www.w3.org/1999/xhtml" xml:lang="en" lang="en">
 <head>
  <title>
</title>
<meta http-equiv="Content-Type" content="text/html;charset=utf-8" />
  <meta name='ocr-system' content='tesseract 3.04.00' />
  <meta name='ocr-capabilities' content='ocr_page ocr_carea ocr_par ocr_line ocrx_word'/>
</head>
<body>
  <div class='ocr_page' id='page_1' title='image "./oratoresatticia03unkngoog/oratoresatticia03unkngoog_0298.png"; bbox 0 0 3825 5842; ppageno 0'>
   <div class='ocr_carea' id='block_1_1' title="bbox 541 420 3673 525">
    <p class='ocr_par' dir='ltr' id='par_1_1' title="bbox 541 420 3673 525">
     <span class='ocr_line' id='line_1_1' title="bbox 541 420 3673 525; baseline 0 -32"><span class='ocrx_word' id='word_1_1' title='bbox 541 441 652 493; x_wconf 79' lang='lat'><strong>282</strong></span> <span class='ocrx_word' id='word_1_2' title='bbox 1196 423 1454 485; x_wconf 81' lang='grc' dir='ltr'>ΙΣΑΙΟΥ</span> <span class='ocrx_word' id='word_1_3' title='bbox 1495 424 1546 483; x_wconf 92' lang='grc'><strong>0</strong></span> <span class='ocrx_word' id='word_1_4' title='bbox 1575 420 1763 483; x_wconf 85' lang='grc' dir='ltr'>ΠΕΡΙ</span> <span class='ocrx_word' id='word_1_5' title='bbox 1803 420 1958 481; x_wconf 89' lang='grc' dir='ltr'><strong>ΤΟΥ</strong></span> <span class='ocrx_word' id='word_1_6' title='bbox 2000 420 2619 485; x_wconf 76' lang='grc' dir='ltr'><strong>ΦΙΑΟΚΤΗΜΟΝΟΣ</strong></span> <span class='ocrx_word' id='word_1_7' title='bbox 2658 424 2992 525; x_wconf 30' lang='lat' dir='ltr'><strong>[impoli</strong></span> <span class='ocrx_word' id='word_1_8' title='bbox 3402 426 3673 513; x_wconf 69' lang='lat' dir='ltr'><strong>(isa—us}</strong></span> 
     </span>
    </p>
   </div>
   <div class='ocr_carea' id='block_1_2' title="bbox 458 550 2101 4687">
    <p class='ocr_par' dir='ltr' id='par_1_2' title="bbox 458 550 2101 4687">
     <span class='ocr_line' id='line_1_2' title="bbox 536 550 2083 639; baseline -0.009 -16"><span class='ocrx_word' id='word_1_9' title='bbox 536 562 626 625; x_wconf 78' lang='grc' dir='ltr'><strong>καὶ</strong></span> <span class='ocrx_word' id='word_1_10' title='bbox 651 560 786 622; x_wconf 75' lang='grc' dir='ltr'><strong>κατὰ</strong></span> <span class='ocrx_word' id='word_1_11' title='bbox 815 558 996 639; x_wconf 88' lang='grc' dir='ltr'><strong>μικρόν</strong></span> <span class='ocrx_word' id='word_1_12' title='bbox 1022 580 1074 617; x_wconf 93' lang='grc' dir='ltr'><strong>τι</strong></span> <span class='ocrx_word' id='word_1_13' title='bbox 1105 558 1398 635; x_wconf 71' lang='grc' dir='ltr'><strong>ἱπιμνησθῇ</strong></span> <span class='ocrx_word' id='word_1_14' title='bbox 1418 598 1436 633; x_wconf 91' lang='grc'><strong>,</strong></span> <span class='ocrx_word' id='word_1_15' title='bbox 1471 552 1598 632; x_wconf 86' lang='grc' dir='ltr'><strong>ἡμῖν</strong></span> <span class='ocrx_word' id='word_1_16' title='bbox 1631 550 1686 612; x_wconf 85' lang='grc' dir='ltr'><strong>δὲ</strong></span> <span class='ocrx_word' id='word_1_17' title='bbox 1713 550 2083 633; x_wconf 87' lang='grc' dir='ltr'><strong>λοιδορήσηται</strong></span> 
     </span>
     <span class='ocr_line' id='line_1_3' title="bbox 458 638 2086 731; baseline -0.01 -19"><span class='ocrx_word' id='word_1_18' title='bbox 458 674 507 717; x_wconf 78' lang='grc' dir='ltr'><strong>ιιι</strong></span> <span class='ocrx_word' id='word_1_19' title='bbox 538 650 742 731; x_wconf 83' lang='grc' dir='ltr'><strong>μεγάλῃ</strong></span> <span class='ocrx_word' id='word_1_20' title='bbox 769 654 835 731; x_wconf 85' lang='grc' dir='ltr'><strong>τῇ</strong></span> <span class='ocrx_word' id='word_1_21' title='bbox 863 650 1008 730; x_wconf 82' lang='grc' dir='ltr'><strong>φωνῇ</strong></span> <span class='ocrx_word' id='word_1_22' title='bbox 1035 644 1124 705; x_wconf 80' lang='grc' dir='ltr'><strong>καὶ</strong></span> <span class='ocrx_word' id='word_1_23' title='bbox 1145 640 1272 724; x_wconf 80' lang='grc' dir='ltr'><strong>λιίγῃ</strong></span> <span class='ocrx_word' id='word_1_24' title='bbox 1301 645 1371 711; x_wconf 77' lang='grc' dir='ltr'><strong>ὣς</strong></span> <span class='ocrx_word' id='word_1_25' title='bbox 1400 640 1526 701; x_wconf 82' lang='grc' dir='ltr'><strong>εἰσὶν</strong></span> <span class='ocrx_word' id='word_1_26' title='bbox 1565 638 1669 701; x_wconf 76' lang='grc' dir='ltr'><strong>οἵδε</strong></span> <span class='ocrx_word' id='word_1_27' title='bbox 1700 638 1795 719; x_wconf 72' lang='grc' dir='ltr'><strong>μὲν</strong></span> <span class='ocrx_word' id='word_1_28' title='bbox 1819 638 2086 718; x_wconf 81' lang='grc' dir='ltr'><strong>πλούσιοι,</strong></span> 
     </span>
     <span class='ocr_line' id='line_1_4' title="bbox 538 717 2089 813; baseline -0.01 -13"><span class='ocrx_word' id='word_1_29' title='bbox 538 738 687 806; x_wconf 84' lang='grc' dir='ltr'><strong>αὐτὸς</strong></span> <span class='ocrx_word' id='word_1_30' title='bbox 711 736 765 797; x_wconf 79' lang='grc' dir='ltr'><strong>δὲ</strong></span> <span class='ocrx_word' id='word_1_31' title='bbox 793 735 951 808; x_wconf 83' lang='grc' dir='ltr'>πένης</span> <span class='ocrx_word' id='word_1_32' title='bbox 969 780 987 813; x_wconf 91' lang='grc'><strong>,</strong></span> <span class='ocrx_word' id='word_1_33' title='bbox 1010 731 1095 793; x_wconf 74' lang='grc' dir='ltr'><strong>διὰ</strong></span> <span class='ocrx_word' id='word_1_34' title='bbox 1124 730 1366 791; x_wconf 74' lang='grc' dir='ltr'><strong>δὲταῦτα</strong></span> <span class='ocrx_word' id='word_1_35' title='bbox 1397 728 1558 798; x_wconf 79' lang='grc' dir='ltr'>δόξειν</span> <span class='ocrx_word' id='word_1_36' title='bbox 1586 727 1704 796; x_wconf 77' lang='grc' dir='ltr'><strong>τοὺς</strong></span> <span class='ocrx_word' id='word_1_37' title='bbox 1729 730 1923 796; x_wconf 84' lang='grc' dir='ltr'><strong>παῖδας</strong></span> <span class='ocrx_word' id='word_1_38' title='bbox 1958 717 2089 787; x_wconf 71' lang='grc' dir='ltr'><strong>εἶναι</strong></span> 
     </span>
     <span class='ocr_line' id='line_1_5' title="bbox 538 804 2090 906; baseline -0.008 -20"><span class='ocrx_word' id='word_1_39' title='bbox 538 825 794 906; x_wconf 79' lang='grc' dir='ltr'><strong>γνησίως.</strong></span> <span class='ocrx_word' id='word_1_40' title='bbox 885 824 975 901; x_wconf 76' lang='grc' dir='ltr'><strong>(σο)</strong></span> <span class='ocrx_word' id='word_1_41' title='bbox 1007 824 1120 891; x_wconf 76' lang='grc' dir='ltr'><strong>Τῆς</strong></span> <span class='ocrx_word' id='word_1_42' title='bbox 1145 816 1198 878; x_wconf 83' lang='grc' dir='ltr'><strong>δὲ</strong></span> <span class='ocrx_word' id='word_1_43' title='bbox 1222 812 1416 877; x_wconf 86' lang='grc' dir='ltr'><strong>τούτων</strong></span> <span class='ocrx_word' id='word_1_44' title='bbox 1451 815 1664 889; x_wconf 81' lang='grc' dir='ltr'><strong>οὐσίας,</strong></span> <span class='ocrx_word' id='word_1_45' title='bbox 1711 804 1756 874; x_wconf 68' lang='grc' dir='ltr'><strong>ἔ)</strong></span> <span class='ocrx_word' id='word_1_46' title='bbox 1793 813 1993 897; x_wconf 77' lang='grc' dir='ltr'><strong>ἄνδρες,</strong></span> <span class='ocrx_word' id='word_1_47' title='bbox 2022 816 2090 883; x_wconf 90' lang='grc' dir='ltr'><strong>εἰς</strong></span> 
     </span>
     <span class='ocr_line' id='line_1_6' title="bbox 535 901 2091 987; baseline -0.008 -13"><span class='ocrx_word' id='word_1_48' title='bbox 535 914 631 987; x_wconf 76' lang='grc' dir='ltr'><strong>τὴν</strong></span> <span class='ocrx_word' id='word_1_49' title='bbox 663 912 814 973; x_wconf 88' lang='grc' dir='ltr'><strong>πόλιν</strong></span> <span class='ocrx_word' id='word_1_50' title='bbox 840 909 1002 971; x_wconf 80' lang='grc' dir='ltr'>πλείω</span> <span class='ocrx_word' id='word_1_51' title='bbox 1023 905 1359 968; x_wconf 83' lang='grc' dir='ltr'><strong>ἀναλίσκεται</strong></span> <span class='ocrx_word' id='word_1_52' title='bbox 1381 904 1417 979; x_wconf 76' lang='grc' dir='ltr'>ἢ</span> <span class='ocrx_word' id='word_1_53' title='bbox 1435 907 1506 973; x_wconf 85' lang='grc' dir='ltr'><strong>εἰς</strong></span> <span class='ocrx_word' id='word_1_54' title='bbox 1527 902 1713 971; x_wconf 79' lang='grc' dir='ltr'><strong>αὐτοὺς</strong></span> <span class='ocrx_word' id='word_1_55' title='bbox 1730 902 1958 971; x_wconf 82' lang='grc' dir='ltr'><strong>τούτους.</strong></span> <span class='ocrx_word' id='word_1_56' title='bbox 1982 901 2091 963; x_wconf 77' lang='grc' dir='ltr'><strong>Καὶ</strong></span> 
     </span>
     <span class='ocr_line' id='line_1_7' title="bbox 538 988 2089 1083; baseline -0.011 -18"><span class='ocrx_word' id='word_1_57' title='bbox 538 1002 910 1083; x_wconf 81' lang='grc' dir='ltr'>Φανόστρατος</span> <span class='ocrx_word' id='word_1_58' title='bbox 937 996 1032 1073; x_wconf 83' lang='grc' dir='ltr'><strong>μὲν</strong></span> <span class='ocrx_word' id='word_1_59' title='bbox 1054 994 1496 1078; x_wconf 80' lang='grc' dir='ltr'><strong>τετριηράρχηκεν</strong></span> <span class='ocrx_word' id='word_1_60' title='bbox 1521 990 1737 1060; x_wconf 77' lang='grc' dir='ltr'>ἑπτάκις</span> <span class='ocrx_word' id='word_1_61' title='bbox 1760 991 1890 1068; x_wconf 85' lang='grc' dir='ltr'><strong>ἤδη,</strong></span> <span class='ocrx_word' id='word_1_62' title='bbox 1918 989 2013 1057; x_wconf 76' lang='grc' dir='ltr'><strong>τὰς</strong></span> <span class='ocrx_word' id='word_1_63' title='bbox 2036 988 2089 1049; x_wconf 78' lang='grc' dir='ltr'><strong>δὲ</strong></span> 
     </span>
     <span class='ocr_line' id='line_1_8' title="bbox 535 1078 2092 1172; baseline -0.01 -19"><span class='ocrx_word' id='word_1_64' title='bbox 535 1088 854 1172; x_wconf 75' lang='grc' dir='ltr'><strong>λειτουργίας</strong></span> <span class='ocrx_word' id='word_1_65' title='bbox 885 1085 1096 1154; x_wconf 76' lang='grc' dir='ltr'><strong>ἁπάσας</strong></span> <span class='ocrx_word' id='word_1_66' title='bbox 1140 1084 1539 1163; x_wconf 86' lang='grc' dir='ltr'><strong>λελειτούργηκε</strong></span> <span class='ocrx_word' id='word_1_67' title='bbox 1580 1080 1672 1141; x_wconf 78' lang='grc' dir='ltr'><strong>καὶ</strong></span> <span class='ocrx_word' id='word_1_68' title='bbox 1715 1078 1808 1147; x_wconf 76' lang='grc' dir='ltr'><strong>τὰς</strong></span> <span class='ocrx_word' id='word_1_69' title='bbox 1844 1078 2092 1147; x_wconf 80' lang='grc' dir='ltr'>πλείστας</span> 
     </span>
     <span class='ocr_line' id='line_1_9' title="bbox 534 1170 2092 1253; baseline -0.008 -14"><span class='ocrx_word' id='word_1_70' title='bbox 534 1180 680 1247; x_wconf 88' lang='grc' dir='ltr'><strong>νίκας</strong></span> <span class='ocrx_word' id='word_1_71' title='bbox 727 1177 1022 1251; x_wconf 78' lang='grc' dir='ltr'>νενίκηκεν·</span> <span class='ocrx_word' id='word_1_72' title='bbox 1063 1172 1238 1235; x_wconf 76' lang='grc' dir='ltr'><strong>οὑτοσὶ</strong></span> <span class='ocrx_word' id='word_1_73' title='bbox 1267 1171 1322 1231; x_wconf 82' lang='grc' dir='ltr'><strong>δὲ</strong></span> <span class='ocrx_word' id='word_1_74' title='bbox 1349 1170 1744 1253; x_wconf 80' lang='grc' dir='ltr'><strong>Χαιρέστρατος</strong></span> <span class='ocrx_word' id='word_1_75' title='bbox 1792 1170 2092 1240; x_wconf 75' lang='grc' dir='ltr'><strong>τηλικοῦτος</strong></span> 
     </span>
     <span class='ocr_line' id='line_1_10' title="bbox 535 1256 2092 1349; baseline -0.011 -19"><span class='ocrx_word' id='word_1_76' title='bbox 535 1264 608 1329; x_wconf 77' lang='grc' dir='ltr'><strong>ὧν</strong></span> <span class='ocrx_word' id='word_1_77' title='bbox 633 1264 1050 1349; x_wconf 76' lang='grc' dir='ltr'><strong>τετριηράρχηκε</strong></span> <span class='ocrx_word' id='word_1_78' title='bbox 1067 1309 1085 1340; x_wconf 95' lang='grc'><strong>,</strong></span> <span class='ocrx_word' id='word_1_79' title='bbox 1124 1260 1454 1343; x_wconf 87' lang='grc' dir='ltr'><strong>κεχορήγηκε</strong></span> <span class='ocrx_word' id='word_1_80' title='bbox 1497 1256 1550 1318; x_wconf 81' lang='grc' dir='ltr'><strong>δὲ</strong></span> <span class='ocrx_word' id='word_1_81' title='bbox 1603 1257 1916 1341; x_wconf 80' lang='grc' dir='ltr'><strong>τραγῳδοῖς,</strong></span> <span class='ocrx_word' id='word_1_82' title='bbox 1944 1278 2092 1335; x_wconf 89' lang='grc' dir='ltr'><strong>γεγυ-</strong></span> 
     </span>
     <span class='ocr_line' id='line_1_11' title="bbox 459 1344 2089 1436; baseline -0.009 -20"><span class='ocrx_word' id='word_1_83' title='bbox 459 1384 512 1424; x_wconf 82' lang='lat'><strong>20</strong></span> <span class='ocrx_word' id='word_1_84' title='bbox 537 1355 896 1436; x_wconf 81' lang='grc' dir='ltr'><strong>μνασιάρχηκε</strong></span> <span class='ocrx_word' id='word_1_85' title='bbox 923 1352 978 1413; x_wconf 77' lang='grc' dir='ltr'><strong>δὲ</strong></span> <span class='ocrx_word' id='word_1_86' title='bbox 1012 1350 1279 1431; x_wconf 82' lang='grc' dir='ltr'><strong>λαμπάδι·</strong></span> <span class='ocrx_word' id='word_1_87' title='bbox 1309 1346 1400 1409; x_wconf 77' lang='grc' dir='ltr'><strong>καί</strong></span> <span class='ocrx_word' id='word_1_88' title='bbox 1423 1346 1512 1417; x_wconf 74' lang='grc' dir='ltr'><strong>τὰς</strong></span> <span class='ocrx_word' id='word_1_89' title='bbox 1558 1344 1798 1428; x_wconf 78' lang='grc' dir='ltr'><strong>εἰσφορὰς</strong></span> <span class='ocrx_word' id='word_1_90' title='bbox 1829 1344 2089 1417; x_wconf 81' lang='grc' dir='ltr'><strong>εἰσενηνό·</strong></span> 
     </span>
     <span class='ocr_line' id='line_1_12' title="bbox 534 1430 2093 1526; baseline -0.01 -22"><span class='ocrx_word' id='word_1_91' title='bbox 534 1466 692 1526; x_wconf 86' lang='grc' dir='ltr'><strong>χασιν</strong></span> <span class='ocrx_word' id='word_1_92' title='bbox 719 1443 998 1525; x_wconf 84' lang='grc' dir='ltr'><strong>ἀμφότεροι</strong></span> <span class='ocrx_word' id='word_1_93' title='bbox 1020 1440 1194 1507; x_wconf 85' lang='grc' dir='ltr'><strong>πάσας</strong></span> <span class='ocrx_word' id='word_1_94' title='bbox 1215 1438 1268 1497; x_wconf 79' lang='grc' dir='ltr'><strong>ἐν</strong></span> <span class='ocrx_word' id='word_1_95' title='bbox 1297 1439 1406 1503; x_wconf 86' lang='grc' dir='ltr'><strong>τοῖς</strong></span> <span class='ocrx_word' id='word_1_96' title='bbox 1427 1432 1756 1516; x_wconf 75' lang='grc' dir='ltr'><strong>τριακοσίοις.</strong></span> <span class='ocrx_word' id='word_1_97' title='bbox 1842 1430 1951 1499; x_wconf 78' lang='grc' dir='ltr'><strong>Καὶ</strong></span> <span class='ocrx_word' id='word_1_98' title='bbox 1964 1430 2093 1499; x_wconf 80' lang='grc' dir='ltr'><strong>τέως</strong></span> 
     </span>
     <span class='ocr_line' id='line_1_13' title="bbox 535 1520 2095 1609; baseline -0.009 -17"><span class='ocrx_word' id='word_1_99' title='bbox 535 1530 630 1609; x_wconf 85' lang='grc' dir='ltr'><strong>μὲν</strong></span> <span class='ocrx_word' id='word_1_100' title='bbox 670 1531 748 1591; x_wconf 86' lang='grc' dir='ltr'><strong>δύ’</strong></span> <span class='ocrx_word' id='word_1_101' title='bbox 775 1529 944 1609; x_wconf 76' lang='grc' dir='ltr'><strong>ὄντες,</strong></span> <span class='ocrx_word' id='word_1_102' title='bbox 993 1532 1081 1588; x_wconf 81' lang='grc' dir='ltr'><strong>ν’ὕν</strong></span> <span class='ocrx_word' id='word_1_103' title='bbox 1113 1526 1168 1586; x_wconf 81' lang='grc' dir='ltr'><strong>δὲ</strong></span> <span class='ocrx_word' id='word_1_104' title='bbox 1208 1523 1299 1584; x_wconf 70' lang='grc' dir='ltr'><strong>καὶ</strong></span> <span class='ocrx_word' id='word_1_105' title='bbox 1345 1526 1374 1585; x_wconf 77' lang='grc' dir='ltr'><strong>δ</strong></span> <span class='ocrx_word' id='word_1_106' title='bbox 1399 1521 1642 1604; x_wconf 80' lang='grc' dir='ltr'><strong>νεώτερος</strong></span> <span class='ocrx_word' id='word_1_107' title='bbox 1675 1520 1850 1581; x_wconf 73' lang='grc' dir='ltr'><strong>οὐτοσὶ</strong></span> <span class='ocrx_word' id='word_1_108' title='bbox 1876 1520 2095 1601; x_wconf 83' lang='grc' dir='ltr'><strong>χορηγεῖ</strong></span> 
     </span>
     <span class='ocr_line' id='line_1_14' title="bbox 537 1608 2091 1701; baseline -0.008 -21"><span class='ocrx_word' id='word_1_109' title='bbox 537 1619 628 1700; x_wconf 78' lang='grc' dir='ltr'><strong>μὲν</strong></span> <span class='ocrx_word' id='word_1_110' title='bbox 657 1618 969 1701; x_wconf 76' lang='grc' dir='ltr'><strong>τραγῳδοῖς,</strong></span> <span class='ocrx_word' id='word_1_111' title='bbox 1003 1619 1074 1683; x_wconf 88' lang='grc' dir='ltr'><strong>εἰς</strong></span> <span class='ocrx_word' id='word_1_112' title='bbox 1109 1614 1164 1675; x_wconf 83' lang='grc' dir='ltr'><strong>δὲ</strong></span> <span class='ocrx_word' id='word_1_113' title='bbox 1203 1610 1318 1680; x_wconf 77' lang='grc' dir='ltr'><strong>τοὺς</strong></span> <span class='ocrx_word' id='word_1_114' title='bbox 1361 1610 1684 1695; x_wconf 82' lang='grc' dir='ltr'><strong>τριακοσίους</strong></span> <span class='ocrx_word' id='word_1_115' title='bbox 1733 1608 2091 1691; x_wconf 76' lang='grc' dir='ltr'><strong>ἐγγέγραπται</strong></span> 
     </span>
     <span class='ocr_line' id='line_1_15' title="bbox 502 1695 2091 1788; baseline -0.008 -21"><span class='ocrx_word' id='word_1_116' title='bbox 502 1714 507 1718; x_wconf 89' lang='grc'><strong>’</strong></span> <span class='ocrx_word' id='word_1_117' title='bbox 535 1706 626 1767; x_wconf 77' lang='grc' dir='ltr'><strong>καὶ</strong></span> <span class='ocrx_word' id='word_1_118' title='bbox 653 1706 876 1788; x_wconf 79' lang='grc' dir='ltr'><strong>εἰσφέρει</strong></span> <span class='ocrx_word' id='word_1_119' title='bbox 909 1703 1002 1771; x_wconf 74' lang='grc' dir='ltr'><strong>τὰς</strong></span> <span class='ocrx_word' id='word_1_120' title='bbox 1039 1698 1298 1784; x_wconf 86' lang='grc' dir='ltr'><strong>εἰσφοράς.</strong></span> <span class='ocrx_word' id='word_1_121' title='bbox 1381 1700 1472 1779; x_wconf 78' lang='grc' dir='ltr'><strong>(οι)</strong></span> <span class='ocrx_word' id='word_1_122' title='bbox 1513 1696 1676 1760; x_wconf 64' lang='lat' dir='ltr'><strong>&#39;ssot’</strong></span> <span class='ocrx_word' id='word_1_123' title='bbox 1703 1699 1761 1758; x_wconf 87' lang='grc' dir='ltr'><strong>οὐ</strong></span> <span class='ocrx_word' id='word_1_124' title='bbox 1787 1695 2091 1779; x_wconf 81' lang='grc' dir='ltr'><strong>φθονεῖσθαί</strong></span> 
     </span>
     <span class='ocr_line' id='line_1_16' title="bbox 535 1782 2090 1867; baseline -0.008 -13"><span class='ocrx_word' id='word_1_125' title='bbox 535 1798 662 1854; x_wconf 90' lang='grc' dir='ltr'><strong>εἰσιν</strong></span> <span class='ocrx_word' id='word_1_126' title='bbox 695 1793 826 1863; x_wconf 78' lang='grc' dir='ltr'><strong>ἄξιοι</strong></span> <span class='ocrx_word' id='word_1_127' title='bbox 843 1839 859 1867; x_wconf 86' lang='grc'><strong>,</strong></span> <span class='ocrx_word' id='word_1_128' title='bbox 909 1789 1042 1851; x_wconf 75' lang='grc' dir='ltr'><strong>ἀλλὰ</strong></span> <span class='ocrx_word' id='word_1_129' title='bbox 1081 1788 1212 1849; x_wconf 79' lang='grc' dir='ltr'><strong>πολὺ</strong></span> <span class='ocrx_word' id='word_1_130' title='bbox 1261 1788 1462 1866; x_wconf 77' lang='grc' dir='ltr'><strong>μᾶλλον</strong></span> <span class='ocrx_word' id='word_1_131' title='bbox 1507 1784 1569 1858; x_wconf 76' lang='grc' dir='ltr'><strong>νὴ</strong></span> <span class='ocrx_word' id='word_1_132' title='bbox 1615 1784 1702 1844; x_wconf 81' lang='grc' dir='ltr'><strong>τὸν</strong></span> <span class='ocrx_word' id='word_1_133' title='bbox 1730 1784 1835 1847; x_wconf 87' lang='grc' dir='ltr'><strong>Δία</strong></span> <span class='ocrx_word' id='word_1_134' title='bbox 1867 1782 1960 1843; x_wconf 77' lang='grc' dir='ltr'><strong>καὶ</strong></span> <span class='ocrx_word' id='word_1_135' title='bbox 2002 1782 2090 1842; x_wconf 77' lang='grc' dir='ltr'><strong>τὸν</strong></span> 
     </span>
     <span class='ocr_line' id='line_1_17' title="bbox 537 1870 2087 1957; baseline -0.011 -13"><span class='ocrx_word' id='word_1_136' title='bbox 537 1881 776 1944; x_wconf 73' lang='grc' dir='ltr'><strong>Ἀπόλλω</strong></span> <span class='ocrx_word' id='word_1_137' title='bbox 822 1872 995 1957; x_wconf 66' lang='grc' dir='ltr'><strong>οὗτοι,</strong></span> <span class='ocrx_word' id='word_1_138' title='bbox 1049 1878 1093 1937; x_wconf 91' lang='grc' dir='ltr'><strong>εἰ</strong></span> <span class='ocrx_word' id='word_1_139' title='bbox 1141 1874 1398 1957; x_wconf 84' lang='grc' dir='ltr'><strong>λήψονται</strong></span> <span class='ocrx_word' id='word_1_140' title='bbox 1445 1872 1478 1932; x_wconf 74' lang='grc' dir='ltr'><strong><em>ἃ</em></strong></span> <span class='ocrx_word' id='word_1_141' title='bbox 1501 1870 1576 1949; x_wconf 85' lang='grc' dir='ltr'><strong>μὴ</strong></span> <span class='ocrx_word' id='word_1_142' title='bbox 1612 1870 1865 1954; x_wconf 85' lang='grc' dir='ltr'><strong>προσήκει</strong></span> <span class='ocrx_word' id='word_1_143' title='bbox 1893 1870 2087 1937; x_wconf 86' lang='grc' dir='ltr'><strong>αὐτοῖς.</strong></span> 
     </span>
     <span class='ocr_line' id='line_1_18' title="bbox 536 1958 2091 2051; baseline -0.011 -19"><span class='ocrx_word' id='word_1_144' title='bbox 536 1974 646 2032; x_wconf 74' lang='grc' dir='ltr'><strong>Τοῦ</strong></span> <span class='ocrx_word' id='word_1_145' title='bbox 672 1969 774 2051; x_wconf 79' lang='grc' dir='ltr'><strong>γὰρ</strong></span> <span class='ocrx_word' id='word_1_146' title='bbox 803 1965 1195 2045; x_wconf 75' lang='grc' dir='ltr'><strong>Φιλοκτήμονος</strong></span> <span class='ocrx_word' id='word_1_147' title='bbox 1229 1964 1424 2045; x_wconf 82' lang='grc' dir='ltr'><strong>κλήρου</strong></span> <span class='ocrx_word' id='word_1_148' title='bbox 1470 1960 1534 2021; x_wconf 69' lang='grc' dir='ltr'><strong>ἃν</strong></span> <span class='ocrx_word' id='word_1_149' title='bbox 1583 1958 1676 2038; x_wconf 77' lang='grc' dir='ltr'><strong>μὲν</strong></span> <span class='ocrx_word' id='word_1_150' title='bbox 1721 1958 2091 2031; x_wconf 71' lang='grc' dir='ltr'><strong>ἐπιδικάσηται</strong></span> 
     </span>
     <span class='ocr_line' id='line_1_19' title="bbox 459 2046 2091 2135; baseline -0.009 -18"><span class='ocrx_word' id='word_1_151' title='bbox 459 2084 509 2124; x_wconf 67' lang='lat'><strong>25</strong></span> <span class='ocrx_word' id='word_1_152' title='bbox 535 2058 649 2129; x_wconf 77' lang='grc' dir='ltr'><strong>ὅδε,</strong></span> <span class='ocrx_word' id='word_1_153' title='bbox 677 2060 798 2135; x_wconf 81' lang='grc' dir='ltr'><strong>ὑμῖν</strong></span> <span class='ocrx_word' id='word_1_154' title='bbox 819 2054 974 2115; x_wconf 76' lang='grc' dir='ltr'><strong>αὐτὸν</strong></span> <span class='ocrx_word' id='word_1_155' title='bbox 992 2050 1260 2131; x_wconf 88' lang='grc' dir='ltr'><strong>ταμιεύσει</strong></span> <span class='ocrx_word' id='word_1_156' title='bbox 1276 2095 1293 2124; x_wconf 93' lang='grc'><strong>,</strong></span> <span class='ocrx_word' id='word_1_157' title='bbox 1313 2048 1381 2109; x_wconf 72' lang='grc' dir='ltr'><strong>τὰ</strong></span> <span class='ocrx_word' id='word_1_158' title='bbox 1399 2046 1830 2130; x_wconf 80' lang='grc' dir='ltr'><strong>προσταττόμενα</strong></span> <span class='ocrx_word' id='word_1_159' title='bbox 1856 2049 2091 2125; x_wconf 86' lang='grc' dir='ltr'><strong>λειτουρ·</strong></span> 
     </span>
     <span class='ocr_line' id='line_1_20' title="bbox 535 2125 2094 2227; baseline -0.01 -21"><span class='ocrx_word' id='word_1_160' title='bbox 535 2148 644 2225; x_wconf 81' lang='grc' dir='ltr'><strong>γῶν</strong></span> <span class='ocrx_word' id='word_1_161' title='bbox 685 2143 863 2227; x_wconf 80' lang='grc' dir='ltr'><strong>ὥσπερ</strong></span> <span class='ocrx_word' id='word_1_162' title='bbox 888 2142 979 2204; x_wconf 81' lang='grc' dir='ltr'><strong>καὶ</strong></span> <span class='ocrx_word' id='word_1_163' title='bbox 1005 2148 1094 2201; x_wconf 75' lang='grc' dir='ltr'><strong>νῦν</strong></span> <span class='ocrx_word' id='word_1_164' title='bbox 1125 2138 1217 2200; x_wconf 80' lang='grc' dir='ltr'><strong>καὶ</strong></span> <span class='ocrx_word' id='word_1_165' title='bbox 1246 2137 1324 2199; x_wconf 80' lang='grc' dir='ltr'><strong>ἔτι</strong></span> <span class='ocrx_word' id='word_1_166' title='bbox 1352 2138 1582 2219; x_wconf 66' lang='grc' dir='ltr'><strong>μᾶλλον·</strong></span> <span class='ocrx_word' id='word_1_167' title='bbox 1623 2136 1712 2194; x_wconf 74' lang='grc' dir='ltr'><strong>ἐὰν</strong></span> <span class='ocrx_word' id='word_1_168' title='bbox 1743 2136 1790 2194; x_wconf 87' lang='grc' dir='ltr'><strong>δ’</strong></span> <span class='ocrx_word' id='word_1_169' title='bbox 1819 2125 1959 2196; x_wconf 70' lang='grc' dir='ltr'><strong>οὗτοι</strong></span> <span class='ocrx_word' id='word_1_170' title='bbox 1994 2131 2094 2191; x_wconf 67' lang='lat' dir='ltr'><strong>M·</strong></span> 
     </span>
     <span class='ocr_line' id='line_1_21' title="bbox 538 2221 1812 2315; baseline -0.011 -20"><span class='ocrx_word' id='word_1_171' title='bbox 538 2232 672 2295; x_wconf 77' lang='grc' dir='ltr'><strong>ὅωσι</strong></span> <span class='ocrx_word' id='word_1_172' title='bbox 686 2279 704 2309; x_wconf 95' lang='grc'><strong>,</strong></span> <span class='ocrx_word' id='word_1_173' title='bbox 735 2229 1136 2315; x_wconf 79' lang='grc' dir='ltr'><strong>διαφορήσαντες</strong></span> <span class='ocrx_word' id='word_1_174' title='bbox 1154 2224 1346 2309; x_wconf 73' lang='grc' dir='ltr'><strong>ἑτέροις</strong></span> <span class='ocrx_word' id='word_1_175' title='bbox 1365 2221 1812 2285; x_wconf 72' lang='grc' dir='ltr'><strong>ἐπιδουλεύσουσι.</strong></span> 
     </span>
     <span class='ocr_line' id='line_1_22' title="bbox 613 2302 2094 2397; baseline -0.011 -16"><span class='ocrx_word' id='word_1_176' title='bbox 613 2342 684 2381; x_wconf 66' lang='grc' dir='ltr'><strong>σε.</strong></span> <span class='ocrx_word' id='word_1_177' title='bbox 726 2322 927 2397; x_wconf 80' lang='grc' dir='ltr'><strong>Δέομαι</strong></span> <span class='ocrx_word' id='word_1_178' title='bbox 967 2310 1056 2379; x_wconf 72' lang='grc' dir='ltr'><strong>οὐν</strong></span> <span class='ocrx_word' id='word_1_179' title='bbox 1087 2319 1253 2393; x_wconf 75' lang='grc' dir='ltr'><strong>ὑμῶν,</strong></span> <span class='ocrx_word' id='word_1_180' title='bbox 1280 2302 1326 2373; x_wconf 66' lang='grc' dir='ltr'><em>ὦ</em></span> <span class='ocrx_word' id='word_1_181' title='bbox 1370 2312 1576 2393; x_wconf 76' lang='grc' dir='ltr'><strong>ἄνδρες,</strong></span> <span class='ocrx_word' id='word_1_182' title='bbox 1600 2309 1688 2369; x_wconf 75' lang='grc' dir='ltr'><strong>ἵνα</strong></span> <span class='ocrx_word' id='word_1_183' title='bbox 1727 2307 1800 2387; x_wconf 85' lang='grc' dir='ltr'><strong>μὴ</strong></span> <span class='ocrx_word' id='word_1_184' title='bbox 1831 2305 2094 2381; x_wconf 79' lang='grc' dir='ltr'><strong>ἐξαπατη-</strong></span> 
     </span>
     <span class='ocr_line' id='line_1_23' title="bbox 539 2387 2093 2489; baseline -0.012 -19"><span class='ocrx_word' id='word_1_185' title='bbox 539 2412 660 2482; x_wconf 76' lang='grc' dir='ltr'><strong>θῆτε</strong></span> <span class='ocrx_word' id='word_1_186' title='bbox 677 2454 694 2482; x_wconf 91' lang='grc'><strong>,</strong></span> <span class='ocrx_word' id='word_1_187' title='bbox 719 2414 786 2489; x_wconf 79' lang='grc' dir='ltr'><strong>τῇ</strong></span> <span class='ocrx_word' id='word_1_188' title='bbox 820 2403 1165 2487; x_wconf 72' lang='grc' dir='ltr'><strong>διαμαρτυρία</strong></span> <span class='ocrx_word' id='word_1_189' title='bbox 1197 2402 1286 2461; x_wconf 85' lang='grc' dir='ltr'><strong>τὸν</strong></span> <span class='ocrx_word' id='word_1_190' title='bbox 1313 2406 1432 2461; x_wconf 72' lang='grc' dir='ltr'><strong>νοῦν</strong></span> <span class='ocrx_word' id='word_1_191' title='bbox 1465 2396 1744 2481; x_wconf 74' lang='grc' dir='ltr'><strong>προσέχειν</strong></span> <span class='ocrx_word' id='word_1_192' title='bbox 1769 2394 1890 2476; x_wconf 80' lang='grc' dir='ltr'><strong>περὶ</strong></span> <span class='ocrx_word' id='word_1_193' title='bbox 1914 2387 1977 2467; x_wconf 71' lang='grc' dir='ltr'><strong>ἧς</strong></span> <span class='ocrx_word' id='word_1_194' title='bbox 1998 2396 2093 2468; x_wconf 80' lang='grc' dir='ltr'><strong>τὴν</strong></span> 
     </span>
     <span class='ocr_line' id='line_1_24' title="bbox 539 2482 2093 2580; baseline -0.01 -22"><span class='ocrx_word' id='word_1_195' title='bbox 539 2498 709 2580; x_wconf 73' lang='grc' dir='ltr'><strong>ψῆφον</strong></span> <span class='ocrx_word' id='word_1_196' title='bbox 732 2495 926 2556; x_wconf 83' lang='grc' dir='ltr'><strong>οἴσετε·</strong></span> <span class='ocrx_word' id='word_1_197' title='bbox 947 2491 1036 2553; x_wconf 80' lang='grc' dir='ltr'><strong>καὶ</strong></span> <span class='ocrx_word' id='word_1_198' title='bbox 1063 2492 1192 2575; x_wconf 79' lang='grc' dir='ltr'><strong>πρὸς</strong></span> <span class='ocrx_word' id='word_1_199' title='bbox 1213 2488 1407 2561; x_wconf 87' lang='grc' dir='ltr'><strong>ταύτην</strong></span> <span class='ocrx_word' id='word_1_200' title='bbox 1433 2486 1588 2546; x_wconf 76' lang='grc' dir='ltr'><strong>αὐτὸν</strong></span> <span class='ocrx_word' id='word_1_201' title='bbox 1605 2482 1840 2545; x_wconf 89' lang='grc' dir='ltr'><strong>κελεύετε</strong></span> <span class='ocrx_word' id='word_1_202' title='bbox 1857 2482 1954 2555; x_wconf 84' lang='grc' dir='ltr'><strong>τὴν</strong></span> <span class='ocrx_word' id='word_1_203' title='bbox 1971 2485 2093 2543; x_wconf 77' lang='grc' dir='ltr'><strong>ἀπο·</strong></span> 
     </span>
     <span class='ocr_line' id='line_1_25' title="bbox 537 2572 2094 2665; baseline -0.01 -20"><span class='ocrx_word' id='word_1_204' title='bbox 537 2584 716 2665; x_wconf 85' lang='grc' dir='ltr'><strong>λογίαν</strong></span> <span class='ocrx_word' id='word_1_205' title='bbox 752 2588 1040 2655; x_wconf 84' lang='grc' dir='ltr'><strong>ποιεῖσθαι,</strong></span> <span class='ocrx_word' id='word_1_206' title='bbox 1079 2576 1258 2659; x_wconf 80' lang='grc' dir='ltr'><strong>ὥσπερ</strong></span> <span class='ocrx_word' id='word_1_207' title='bbox 1299 2576 1391 2639; x_wconf 78' lang='grc' dir='ltr'><strong>καὶ</strong></span> <span class='ocrx_word' id='word_1_208' title='bbox 1435 2580 1588 2655; x_wconf 81' lang='grc' dir='ltr'><strong>ἡμεῖς</strong></span> <span class='ocrx_word' id='word_1_209' title='bbox 1627 2572 2094 2652; x_wconf 81' lang='grc' dir='ltr'><strong>κατηγορήσαμεν·</strong></span> 
     </span>
     <span class='ocr_line' id='line_1_26' title="bbox 539 2659 2093 2753; baseline -0.008 -21"><span class='ocrx_word' id='word_1_210' title='bbox 539 2673 828 2753; x_wconf 84' lang='grc' dir='ltr'><strong>γέγραπται</strong></span> <span class='ocrx_word' id='word_1_211' title='bbox 858 2674 930 2739; x_wconf 80' lang='grc' dir='ltr'><strong>ὥς</strong></span> <span class='ocrx_word' id='word_1_212' title='bbox 964 2671 1060 2729; x_wconf 86' lang='grc' dir='ltr'><strong>οὐκ</strong></span> <span class='ocrx_word' id='word_1_213' title='bbox 1095 2666 1284 2727; x_wconf 79' lang='grc' dir='ltr'><strong>ἔδωκεν</strong></span> <span class='ocrx_word' id='word_1_214' title='bbox 1320 2660 1438 2726; x_wconf 76' lang='grc' dir='ltr'><strong>οὐδὲ</strong></span> <span class='ocrx_word' id='word_1_215' title='bbox 1476 2662 1668 2722; x_wconf 79' lang='grc' dir='ltr'><strong>διέθετο</strong></span> <span class='ocrx_word' id='word_1_216' title='bbox 1699 2659 2057 2737; x_wconf 82' lang='grc' dir='ltr'><strong>Φιλοκτήμων</strong></span> <span class='ocrx_word' id='word_1_217' title='bbox 2078 2682 2093 2697; x_wconf 86' lang='grc'><strong>·</strong></span> 
     </span>
     <span class='ocr_line' id='line_1_27' title="bbox 461 2746 2091 2839; baseline -0.012 -16"><span class='ocrx_word' id='word_1_218' title='bbox 461 2782 512 2822; x_wconf 81' lang='lat'><strong>³0</strong></span> <span class='ocrx_word' id='word_1_219' title='bbox 539 2766 691 2822; x_wconf 75' lang='grc' dir='ltr'><strong>τοῦτο</strong></span> <span class='ocrx_word' id='word_1_220' title='bbox 711 2758 1053 2820; x_wconf 75' lang='grc' dir='ltr'><strong>ἐπιδέδεικται</strong></span> <span class='ocrx_word' id='word_1_221' title='bbox 1073 2757 1258 2839; x_wconf 77' lang='grc' dir='ltr'><strong>ψεῦδος</strong></span> <span class='ocrx_word' id='word_1_222' title='bbox 1276 2752 1332 2814; x_wconf 83' lang='grc' dir='ltr'><strong>όν</strong></span> <span class='ocrx_word' id='word_1_223' title='bbox 1348 2776 1364 2791; x_wconf 93' lang='grc'><strong>·</strong></span> <span class='ocrx_word' id='word_1_224' title='bbox 1385 2750 1478 2812; x_wconf 72' lang='grc' dir='ltr'><strong>καὶ</strong></span> <span class='ocrx_word' id='word_1_225' title='bbox 1491 2750 1591 2832; x_wconf 77' lang='grc' dir='ltr'><strong>γὰρ</strong></span> <span class='ocrx_word' id='word_1_226' title='bbox 1613 2748 1728 2817; x_wconf 81' lang='grc' dir='ltr'><strong>δοὺς</strong></span> <span class='ocrx_word' id='word_1_227' title='bbox 1746 2746 1836 2807; x_wconf 87' lang='grc' dir='ltr'><strong>καὶ</strong></span> <span class='ocrx_word' id='word_1_228' title='bbox 1858 2746 2091 2825; x_wconf 82' lang='grc' dir='ltr'><strong>διαθέμε-</strong></span> 
     </span>
     <span class='ocr_line' id='line_1_28' title="bbox 540 2834 2093 2928; baseline -0.012 -17"><span class='ocrx_word' id='word_1_229' title='bbox 540 2874 646 2924; x_wconf 85' lang='grc' dir='ltr'><strong>νος,</strong></span> <span class='ocrx_word' id='word_1_230' title='bbox 667 2849 756 2909; x_wconf 81' lang='grc' dir='ltr'><strong>καὶ</strong></span> <span class='ocrx_word' id='word_1_231' title='bbox 775 2852 1124 2928; x_wconf 80' lang='grc' dir='ltr'><strong>μαρτυροῦσιν</strong></span> <span class='ocrx_word' id='word_1_232' title='bbox 1161 2846 1210 2904; x_wconf 79' lang='grc' dir='ltr'><strong>οἱ</strong></span> <span class='ocrx_word' id='word_1_233' title='bbox 1229 2836 1660 2924; x_wconf 84' lang='grc' dir='ltr'><strong>παραγενόμενοι.</strong></span> <span class='ocrx_word' id='word_1_234' title='bbox 1747 2836 1838 2915; x_wconf 78' lang='lat' dir='ltr'><strong>(oa)</strong></span> <span class='ocrx_word' id='word_1_235' title='bbox 1879 2834 1952 2895; x_wconf 84' lang='grc' dir='ltr'><strong>Τί</strong></span> <span class='ocrx_word' id='word_1_236' title='bbox 1988 2834 2093 2914; x_wconf 83' lang='grc' dir='ltr'><strong>ἔτι;</strong></span> 
     </span>
     <span class='ocr_line' id='line_1_29' title="bbox 537 2914 2095 3009; baseline -0.013 -9"><span class='ocrx_word' id='word_1_237' title='bbox 537 2941 844 3008; x_wconf 75' lang='grc' dir='ltr'><strong>τελευτῆσαι</strong></span> <span class='ocrx_word' id='word_1_238' title='bbox 863 2935 1060 2995; x_wconf 78' lang='grc' dir='ltr'><strong>ἄπαιδα</strong></span> <span class='ocrx_word' id='word_1_239' title='bbox 1081 2928 1478 3009; x_wconf 85' lang='grc' dir='ltr'><strong>Φιλοκτήμονα.</strong></span> <span class='ocrx_word' id='word_1_240' title='bbox 1502 2930 1630 2994; x_wconf 82' lang='grc' dir='ltr'><strong>Πῶς</strong></span> <span class='ocrx_word' id='word_1_241' title='bbox 1647 2914 1736 2987; x_wconf 71' lang='grc' dir='ltr'><strong>οὐν</strong></span> <span class='ocrx_word' id='word_1_242' title='bbox 1755 2924 1914 2991; x_wconf 78' lang='grc' dir='ltr'><strong>ἄπαις</strong></span> <span class='ocrx_word' id='word_1_243' title='bbox 1928 2914 1991 2995; x_wconf 71' lang='grc' dir='ltr'><strong>ἦν</strong></span> <span class='ocrx_word' id='word_1_244' title='bbox 2010 2922 2095 2982; x_wconf 78' lang='grc' dir='ltr'><strong>ὅσ-</strong></span> 
     </span>
     <span class='ocr_line' id='line_1_30' title="bbox 537 3010 2093 3103; baseline -0.013 -15"><span class='ocrx_word' id='word_1_245' title='bbox 537 3052 614 3097; x_wconf 91' lang='grc' dir='ltr'><strong>τις</strong></span> <span class='ocrx_word' id='word_1_246' title='bbox 632 3028 718 3087; x_wconf 82' lang='grc' dir='ltr'><strong>τὸν</strong></span> <span class='ocrx_word' id='word_1_247' title='bbox 740 3030 922 3087; x_wconf 75' lang='grc' dir='ltr'><strong>ἑαυτοῦ</strong></span> <span class='ocrx_word' id='word_1_248' title='bbox 944 3023 1249 3103; x_wconf 76' lang='grc' dir='ltr'><strong>ἀδελφιδοῦν</strong></span> <span class='ocrx_word' id='word_1_249' title='bbox 1281 3018 1390 3079; x_wconf 79' lang='grc' dir='ltr'><strong>υἱὸν</strong></span> <span class='ocrx_word' id='word_1_250' title='bbox 1420 3014 1768 3093; x_wconf 77' lang='grc' dir='ltr'><strong>ποιησάμενος</strong></span> <span class='ocrx_word' id='word_1_251' title='bbox 1799 3010 2093 3083; x_wconf 78' lang='grc' dir='ltr'><strong>κατέλιπεν,</strong></span> 
     </span>
     <span class='ocr_line' id='line_1_31' title="bbox 539 3097 2094 3199; baseline -0.014 -22"><span class='ocrx_word' id='word_1_252' title='bbox 539 3108 583 3199; x_wconf 77' lang='grc' dir='ltr'>ᾧ</span> <span class='ocrx_word' id='word_1_253' title='bbox 603 3115 790 3193; x_wconf 81' lang='grc' dir='ltr'><strong>ὁμοίως</strong></span> <span class='ocrx_word' id='word_1_254' title='bbox 808 3118 836 3173; x_wconf 83' lang='grc' dir='ltr'><strong>δ</strong></span> <span class='ocrx_word' id='word_1_255' title='bbox 853 3112 1008 3191; x_wconf 91' lang='grc' dir='ltr'><strong>νόμος</strong></span> <span class='ocrx_word' id='word_1_256' title='bbox 1021 3109 1116 3183; x_wconf 85' lang='grc' dir='ltr'><strong>τὴν</strong></span> <span class='ocrx_word' id='word_1_257' title='bbox 1136 3104 1488 3191; x_wconf 86' lang='grc' dir='ltr'><strong>κληρονομίαν</strong></span> <span class='ocrx_word' id='word_1_258' title='bbox 1507 3103 1791 3163; x_wconf 76' lang='grc' dir='ltr'><strong>ἀποδίδωσι</strong></span> <span class='ocrx_word' id='word_1_259' title='bbox 1810 3098 1900 3161; x_wconf 70' lang='grc' dir='ltr'><strong>καὶ</strong></span> <span class='ocrx_word' id='word_1_260' title='bbox 1919 3104 2025 3167; x_wconf 87' lang='grc' dir='ltr'><strong>τοῖς</strong></span> <span class='ocrx_word' id='word_1_261' title='bbox 2041 3097 2094 3169; x_wconf 80' lang='grc' dir='ltr'><strong>ἐξ</strong></span> 
     </span>
     <span class='ocr_line' id='line_1_32' title="bbox 539 3188 2093 3282; baseline -0.014 -17"><span class='ocrx_word' id='word_1_262' title='bbox 539 3206 699 3264; x_wconf 82' lang='grc' dir='ltr'><strong>αὐτοῦ</strong></span> <span class='ocrx_word' id='word_1_263' title='bbox 718 3200 1037 3282; x_wconf 66' lang='grc' dir='ltr'><strong>γενομένοις,</strong></span> <span class='ocrx_word' id='word_1_264' title='bbox 1057 3196 1148 3258; x_wconf 78' lang='grc' dir='ltr'><strong>καὶ</strong></span> <span class='ocrx_word' id='word_1_265' title='bbox 1164 3194 1444 3277; x_wconf 83' lang='grc' dir='ltr'><strong>διαρρήδην</strong></span> <span class='ocrx_word' id='word_1_266' title='bbox 1463 3194 1514 3252; x_wconf 80' lang='grc' dir='ltr'><strong>ἐν</strong></span> <span class='ocrx_word' id='word_1_267' title='bbox 1532 3194 1608 3273; x_wconf 79' lang='grc' dir='ltr'><strong>τῷ</strong></span> <span class='ocrx_word' id='word_1_268' title='bbox 1627 3189 1770 3269; x_wconf 84' lang='grc' dir='ltr'><strong>νόμῳ</strong></span> <span class='ocrx_word' id='word_1_269' title='bbox 1785 3188 2093 3268; x_wconf 82' lang='grc' dir='ltr'><strong>γέγραπται,</strong></span> 
     </span>
     <span class='ocr_line' id='line_1_33' title="bbox 542 3275 2092 3369; baseline -0.012 -17"><span class='ocrx_word' id='word_1_270' title='bbox 542 3290 630 3352; x_wconf 71' lang='grc' dir='ltr'><strong>ἐὰν</strong></span> <span class='ocrx_word' id='word_1_271' title='bbox 651 3286 992 3369; x_wconf 80' lang='grc' dir='ltr'><strong>ποιησαμένῳ</strong></span> <span class='ocrx_word' id='word_1_272' title='bbox 1011 3288 1194 3353; x_wconf 86' lang='grc' dir='ltr'><strong>παῖδες</strong></span> <span class='ocrx_word' id='word_1_273' title='bbox 1213 3282 1579 3365; x_wconf 69' lang='grc' dir='ltr'><strong>ἕπιγίνωνται,</strong></span> <span class='ocrx_word' id='word_1_274' title='bbox 1599 3277 1659 3338; x_wconf 74' lang='grc' dir='ltr'><strong>τὸ</strong></span> <span class='ocrx_word' id='word_1_275' title='bbox 1679 3276 1831 3359; x_wconf 73' lang='grc' dir='ltr'><strong>μέρος</strong></span> <span class='ocrx_word' id='word_1_276' title='bbox 1849 3275 2092 3355; x_wconf 79' lang='grc' dir='ltr'><strong>ἑκάτερον</strong></span> 
     </span>
     <span class='ocr_line' id='line_1_34' title="bbox 463 3364 2091 3460; baseline -0.009 -22"><span class='ocrx_word' id='word_1_277' title='bbox 463 3400 513 3440; x_wconf 72' lang='lat'><strong>³5</strong></span> <span class='ocrx_word' id='word_1_278' title='bbox 541 3378 678 3460; x_wconf 75' lang='grc' dir='ltr'><strong>ἔχειν</strong></span> <span class='ocrx_word' id='word_1_279' title='bbox 709 3382 802 3449; x_wconf 79' lang='grc' dir='ltr'><strong>τῆς</strong></span> <span class='ocrx_word' id='word_1_280' title='bbox 820 3375 998 3443; x_wconf 81' lang='grc' dir='ltr'><strong>οὐσίας</strong></span> <span class='ocrx_word' id='word_1_281' title='bbox 1028 3373 1120 3433; x_wconf 83' lang='grc' dir='ltr'><strong>καὶ</strong></span> <span class='ocrx_word' id='word_1_282' title='bbox 1155 3369 1494 3453; x_wconf 84' lang='grc' dir='ltr'><strong>κληρονομεῖν</strong></span> <span class='ocrx_word' id='word_1_283' title='bbox 1526 3364 1716 3443; x_wconf 82' lang='grc' dir='ltr'><strong>ὁμοίως</strong></span> <span class='ocrx_word' id='word_1_284' title='bbox 1753 3364 2091 3445; x_wconf 78' lang='grc' dir='ltr'><strong>ἀμφοτέρους.</strong></span> 
     </span>
     <span class='ocr_line' id='line_1_35' title="bbox 542 3450 2085 3546; baseline -0.012 -20"><span class='ocrx_word' id='word_1_285' title='bbox 542 3468 628 3546; x_wconf 78' lang='grc' dir='ltr'><strong>(οι)</strong></span> <span class='ocrx_word' id='word_1_286' title='bbox 651 3464 748 3531; x_wconf 83' lang='grc' dir='ltr'><strong>Ὦς</strong></span> <span class='ocrx_word' id='word_1_287' title='bbox 764 3454 852 3522; x_wconf 75' lang='grc' dir='ltr'><strong>οὐν</strong></span> <span class='ocrx_word' id='word_1_288' title='bbox 869 3461 968 3521; x_wconf 84' lang='grc' dir='ltr'><strong>εἰσὶ</strong></span> <span class='ocrx_word' id='word_1_289' title='bbox 981 3459 1182 3539; x_wconf 82' lang='grc' dir='ltr'><strong>γνήσιοι</strong></span> <span class='ocrx_word' id='word_1_290' title='bbox 1200 3461 1248 3519; x_wconf 78' lang='grc' dir='ltr'><strong>οἰ</strong></span> <span class='ocrx_word' id='word_1_291' title='bbox 1261 3458 1440 3524; x_wconf 85' lang='grc' dir='ltr'><strong>παῖδες</strong></span> <span class='ocrx_word' id='word_1_292' title='bbox 1453 3453 1580 3532; x_wconf 81' lang='grc' dir='ltr'><strong>οἵδε,</strong></span> <span class='ocrx_word' id='word_1_293' title='bbox 1593 3456 1733 3514; x_wconf 78' lang='grc' dir='ltr'><strong>τοῦτ’</strong></span> <span class='ocrx_word' id='word_1_294' title='bbox 1747 3450 1874 3511; x_wconf 83' lang='grc' dir='ltr'><strong>αὐτὸ</strong></span> <span class='ocrx_word' id='word_1_295' title='bbox 1893 3452 2085 3509; x_wconf 82' lang='grc' dir='ltr'><strong>ἐπιδει-</strong></span> 
     </span>
     <span class='ocr_line' id='line_1_36' title="bbox 540 3538 2094 3630; baseline -0.012 -17"><span class='ocrx_word' id='word_1_296' title='bbox 540 3552 729 3630; x_wconf 86' lang='grc' dir='ltr'><strong>κνύτω,</strong></span> <span class='ocrx_word' id='word_1_297' title='bbox 751 3549 928 3630; x_wconf 79' lang='grc' dir='ltr'><strong>ὥσπερ</strong></span> <span class='ocrx_word' id='word_1_298' title='bbox 943 3548 1007 3608; x_wconf 78' lang='grc' dir='ltr'><strong>ἂν</strong></span> <span class='ocrx_word' id='word_1_299' title='bbox 1026 3550 1172 3626; x_wconf 76' lang='grc' dir='ltr'><strong>ὑμῶν</strong></span> <span class='ocrx_word' id='word_1_300' title='bbox 1191 3544 1426 3611; x_wconf 72' lang='grc' dir='ltr'><strong>ἕκαστος.</strong></span> <span class='ocrx_word' id='word_1_301' title='bbox 1448 3544 1528 3604; x_wconf 89' lang='grc' dir='ltr'><strong>Οὐ</strong></span> <span class='ocrx_word' id='word_1_302' title='bbox 1549 3540 1652 3622; x_wconf 75' lang='grc' dir='ltr'><strong>γὰρ</strong></span> <span class='ocrx_word' id='word_1_303' title='bbox 1671 3539 1735 3600; x_wconf 69' lang='grc' dir='ltr'><strong>ἂν</strong></span> <span class='ocrx_word' id='word_1_304' title='bbox 1757 3539 1878 3618; x_wconf 76' lang='grc' dir='ltr'><strong>εἴπῃ</strong></span> <span class='ocrx_word' id='word_1_305' title='bbox 1901 3538 2094 3619; x_wconf 85' lang='grc' dir='ltr'><strong>μητρὸς</strong></span> 
     </span>
     <span class='ocr_line' id='line_1_37' title="bbox 541 3624 2093 3719; baseline -0.012 -18"><span class='ocrx_word' id='word_1_306' title='bbox 541 3641 704 3719; x_wconf 80' lang='grc' dir='ltr'><strong>ὄνομα</strong></span> <span class='ocrx_word' id='word_1_307' title='bbox 723 3685 740 3713; x_wconf 89' lang='grc'><strong>,</strong></span> <span class='ocrx_word' id='word_1_308' title='bbox 759 3636 960 3717; x_wconf 88' lang='grc' dir='ltr'><strong>γνήσιοί</strong></span> <span class='ocrx_word' id='word_1_309' title='bbox 980 3638 1128 3711; x_wconf 88' lang='grc' dir='ltr'><strong>εἰσιν,</strong></span> <span class='ocrx_word' id='word_1_310' title='bbox 1158 3636 1275 3695; x_wconf 82' lang='grc' dir='ltr'><strong>ἀλλ’</strong></span> <span class='ocrx_word' id='word_1_311' title='bbox 1295 3631 1384 3693; x_wconf 73' lang='grc' dir='ltr'><strong>ἐὰν</strong></span> <span class='ocrx_word' id='word_1_312' title='bbox 1406 3628 1705 3708; x_wconf 74' lang='grc' dir='ltr'><strong>ἐπιδεικνύῃ</strong></span> <span class='ocrx_word' id='word_1_313' title='bbox 1725 3630 1795 3695; x_wconf 78' lang='grc' dir='ltr'><strong>ὣς</strong></span> <span class='ocrx_word' id='word_1_314' title='bbox 1816 3629 1989 3698; x_wconf 68' lang='grc' dir='ltr'><strong>ἀληθῆ</strong></span> <span class='ocrx_word' id='word_1_315' title='bbox 2005 3624 2093 3684; x_wconf 81' lang='grc' dir='ltr'><strong>λέ-</strong></span> 
     </span>
     <span class='ocr_line' id='line_1_38' title="bbox 541 3716 2093 3806; baseline -0.01 -18"><span class='ocrx_word' id='word_1_316' title='bbox 541 3752 620 3806; x_wconf 85' lang='grc' dir='ltr'><strong>γει</strong></span> <span class='ocrx_word' id='word_1_317' title='bbox 632 3774 648 3802; x_wconf 94' lang='grc'><strong>,</strong></span> <span class='ocrx_word' id='word_1_318' title='bbox 666 3727 782 3795; x_wconf 77' lang='grc' dir='ltr'><strong>τοὺς</strong></span> <span class='ocrx_word' id='word_1_319' title='bbox 796 3726 1056 3806; x_wconf 85' lang='grc' dir='ltr'><strong>συγγενεῖς</strong></span> <span class='ocrx_word' id='word_1_320' title='bbox 1071 3720 1454 3806; x_wconf 83' lang='grc' dir='ltr'><strong>παρεχόμενος,</strong></span> <span class='ocrx_word' id='word_1_321' title='bbox 1473 3716 1589 3786; x_wconf 73' lang='grc' dir='ltr'><strong>τοὺς</strong></span> <span class='ocrx_word' id='word_1_322' title='bbox 1609 3716 1806 3783; x_wconf 81' lang='grc' dir='ltr'><strong>εἰδότας</strong></span> <span class='ocrx_word' id='word_1_323' title='bbox 1839 3718 2093 3775; x_wconf 78' lang='grc' dir='ltr'><strong>συνοικοῦ-</strong></span> 
     </span>
     <span class='ocr_line' id='line_1_39' title="bbox 542 3802 2099 3899; baseline -0.011 -21"><span class='ocrx_word' id='word_1_324' title='bbox 542 3840 639 3879; x_wconf 85' lang='grc' dir='ltr'><strong>σαν</strong></span> <span class='ocrx_word' id='word_1_325' title='bbox 657 3820 733 3899; x_wconf 79' lang='grc' dir='ltr'><strong>τῷ</strong></span> <span class='ocrx_word' id='word_1_326' title='bbox 751 3815 1051 3893; x_wconf 77' lang='grc' dir='ltr'><strong>Εὐκτήμονι</strong></span> <span class='ocrx_word' id='word_1_327' title='bbox 1069 3858 1086 3891; x_wconf 82' lang='lat'>‚</span> <span class='ocrx_word' id='word_1_328' title='bbox 1119 3812 1238 3879; x_wconf 78' lang='grc' dir='ltr'><strong>τοὺς</strong></span> <span class='ocrx_word' id='word_1_329' title='bbox 1258 3807 1492 3887; x_wconf 88' lang='grc' dir='ltr'><strong>δημότας</strong></span> <span class='ocrx_word' id='word_1_330' title='bbox 1509 3803 1737 3874; x_wconf 76' lang='grc' dir='ltr'><strong>καὶτοὺς</strong></span> <span class='ocrx_word' id='word_1_331' title='bbox 1755 3803 2032 3887; x_wconf 84' lang='grc' dir='ltr'><strong>φράτορας,</strong></span> <span class='ocrx_word' id='word_1_332' title='bbox 2052 3802 2099 3863; x_wconf 80' lang='grc' dir='ltr'><strong>εἴ</strong></span> 
     </span>
     <span class='ocr_line' id='line_1_40' title="bbox 543 3890 2095 3979; baseline -0.01 -14"><span class='ocrx_word' id='word_1_333' title='bbox 543 3930 592 3965; x_wconf 88' lang='grc' dir='ltr'><strong>τι</strong></span> <span class='ocrx_word' id='word_1_334' title='bbox 611 3904 870 3979; x_wconf 78' lang='grc' dir='ltr'><strong>ἀκηκόασι</strong></span> <span class='ocrx_word' id='word_1_335' title='bbox 905 3901 1118 3963; x_wconf 81' lang='grc' dir='ltr'><strong>πώποτε</strong></span> <span class='ocrx_word' id='word_1_336' title='bbox 1149 3898 1186 3972; x_wconf 78' lang='grc' dir='ltr'>ἢ</span> <span class='ocrx_word' id='word_1_337' title='bbox 1221 3897 1397 3959; x_wconf 81' lang='grc' dir='ltr'><strong>ἴσασιν</strong></span> <span class='ocrx_word' id='word_1_338' title='bbox 1418 3894 1548 3978; x_wconf 66' lang='grc' dir='ltr'><strong>ὑπὲρ</strong></span> <span class='ocrx_word' id='word_1_339' title='bbox 1587 3896 1746 3967; x_wconf 76' lang='grc' dir='ltr'><strong>αὐτῆς</strong></span> <span class='ocrx_word' id='word_1_340' title='bbox 1777 3890 2095 3969; x_wconf 82' lang='grc' dir='ltr'><strong>Εὐκτήμονα</strong></span> 
     </span>
     <span class='ocr_line' id='line_1_41' title="bbox 542 3977 2097 4075; baseline -0.013 -20"><span class='ocrx_word' id='word_1_341' title='bbox 542 3991 1010 4075; x_wconf 78' lang='grc' dir='ltr'><strong>λειτουργήσαντα,</strong></span> <span class='ocrx_word' id='word_1_342' title='bbox 1029 3988 1106 4048; x_wconf 78' lang='grc' dir='ltr'><strong>ἔτι</strong></span> <span class='ocrx_word' id='word_1_343' title='bbox 1137 3986 1194 4047; x_wconf 77' lang='grc' dir='ltr'><strong>δὲ</strong></span> <span class='ocrx_word' id='word_1_344' title='bbox 1229 3990 1328 4045; x_wconf 77' lang='grc' dir='ltr'><strong>ποῦ</strong></span> <span class='ocrx_word' id='word_1_345' title='bbox 1367 3984 1651 4059; x_wconf 77' lang='grc' dir='ltr'><strong>τέθαπται,</strong></span> <span class='ocrx_word' id='word_1_346' title='bbox 1675 3982 1726 4041; x_wconf 66' lang='grc' dir='ltr'><strong>ἓν</strong></span> <span class='ocrx_word' id='word_1_347' title='bbox 1759 3978 1926 4047; x_wconf 87' lang='grc' dir='ltr'><strong>ποίοις</strong></span> <span class='ocrx_word' id='word_1_348' title='bbox 1960 3977 2097 4057; x_wconf 81' lang='grc' dir='ltr'><strong>μνή-</strong></span> 
     </span>
     <span class='ocr_line' id='line_1_42' title="bbox 469 4065 2094 4160; baseline -0.012 -18"><span class='ocrx_word' id='word_1_349' title='bbox 469 4110 518 4149; x_wconf 71' lang='grc' dir='ltr'><strong>ιο</strong></span> <span class='ocrx_word' id='word_1_350' title='bbox 546 4105 676 4160; x_wconf 89' lang='grc' dir='ltr'><strong>μασι</strong></span> <span class='ocrx_word' id='word_1_351' title='bbox 688 4104 703 4118; x_wconf 89' lang='grc'><strong>·</strong></span> <span class='ocrx_word' id='word_1_352' title='bbox 725 4081 814 4158; x_wconf 73' lang='grc' dir='ltr'><strong>(σε)</strong></span> <span class='ocrx_word' id='word_1_353' title='bbox 837 4077 912 4145; x_wconf 89' lang='grc' dir='ltr'><strong>τίς</strong></span> <span class='ocrx_word' id='word_1_354' title='bbox 933 4068 1032 4137; x_wconf 71' lang='grc' dir='ltr'><strong>εἶδε</strong></span> <span class='ocrx_word' id='word_1_355' title='bbox 1047 4074 1114 4135; x_wconf 75' lang='grc' dir='ltr'><strong>τὰ</strong></span> <span class='ocrx_word' id='word_1_356' title='bbox 1133 4072 1446 4152; x_wconf 86' lang='grc' dir='ltr'><strong>νομιζόμενα</strong></span> <span class='ocrx_word' id='word_1_357' title='bbox 1463 4075 1714 4130; x_wconf 77' lang='grc' dir='ltr'><strong>ποιοῦντα</strong></span> <span class='ocrx_word' id='word_1_358' title='bbox 1747 4065 2066 4143; x_wconf 82' lang='grc' dir='ltr'><strong>Εὐκτήμονα</strong></span> <span class='ocrx_word' id='word_1_359' title='bbox 2081 4088 2094 4104; x_wconf 89' lang='grc'><strong>·</strong></span> 
     </span>
     <span class='ocr_line' id='line_1_43' title="bbox 543 4150 2098 4239; baseline -0.01 -12"><span class='ocrx_word' id='word_1_360' title='bbox 543 4172 635 4227; x_wconf 92' lang='grc' dir='ltr'><strong>ποῖ</strong></span> <span class='ocrx_word' id='word_1_361' title='bbox 653 4170 702 4226; x_wconf 89' lang='grc' dir='ltr'><strong>δ’</strong></span> <span class='ocrx_word' id='word_1_362' title='bbox 725 4166 794 4225; x_wconf 87' lang='grc' dir='ltr'><strong>ἔτ’</strong></span> <span class='ocrx_word' id='word_1_363' title='bbox 816 4166 971 4232; x_wconf 84' lang='grc' dir='ltr'><strong>ἰόντες</strong></span> <span class='ocrx_word' id='word_1_364' title='bbox 991 4166 1038 4223; x_wconf 74' lang='grc' dir='ltr'><strong>οἱ</strong></span> <span class='ocrx_word' id='word_1_365' title='bbox 1056 4162 1236 4229; x_wconf 84' lang='grc' dir='ltr'><strong>παῖδες</strong></span> <span class='ocrx_word' id='word_1_366' title='bbox 1255 4159 1540 4239; x_wconf 75' lang='grc' dir='ltr'><strong>ἐναγίζουσι</strong></span> <span class='ocrx_word' id='word_1_367' title='bbox 1558 4158 1649 4217; x_wconf 79' lang='grc' dir='ltr'><strong>καὶ</strong></span> <span class='ocrx_word' id='word_1_368' title='bbox 1661 4156 1892 4237; x_wconf 80' lang='grc' dir='ltr'><strong>χέονται,</strong></span> <span class='ocrx_word' id='word_1_369' title='bbox 1911 4154 2003 4214; x_wconf 78' lang='grc' dir='ltr'><strong>καὶ</strong></span> <span class='ocrx_word' id='word_1_370' title='bbox 2021 4150 2098 4220; x_wconf 90' lang='grc' dir='ltr'><strong>τίς</strong></span> 
     </span>
     <span class='ocr_line' id='line_1_44' title="bbox 545 4242 2096 4321; baseline -0.009 -6"><span class='ocrx_word' id='word_1_371' title='bbox 545 4248 648 4315; x_wconf 70' lang='grc' dir='ltr'><strong>εἶδε</strong></span> <span class='ocrx_word' id='word_1_372' title='bbox 687 4260 853 4314; x_wconf 79' lang='grc' dir='ltr'><strong>ταῦτα</strong></span> <span class='ocrx_word' id='word_1_373' title='bbox 885 4256 989 4313; x_wconf 83' lang='grc' dir='ltr'><strong>τῶν</strong></span> <span class='ocrx_word' id='word_1_374' title='bbox 1026 4253 1252 4312; x_wconf 81' lang='grc' dir='ltr'><strong>πολιτῶν</strong></span> <span class='ocrx_word' id='word_1_375' title='bbox 1289 4246 1323 4321; x_wconf 80' lang='grc' dir='ltr'>ἢ</span> <span class='ocrx_word' id='word_1_376' title='bbox 1359 4252 1462 4309; x_wconf 83' lang='grc' dir='ltr'><strong>τῶν</strong></span> <span class='ocrx_word' id='word_1_377' title='bbox 1499 4248 1710 4307; x_wconf 84' lang='grc' dir='ltr'><strong>οἰκετῶν</strong></span> <span class='ocrx_word' id='word_1_378' title='bbox 1743 4242 2096 4321; x_wconf 85' lang='grc' dir='ltr'><strong>Εὐκτήμονος.</strong></span> 
     </span>
     <span class='ocr_line' id='line_1_45' title="bbox 543 4329 2097 4422; baseline -0.01 -18"><span class='ocrx_word' id='word_1_379' title='bbox 543 4347 595 4404; x_wconf 92' lang='grc' dir='ltr'>Τ</span> <span class='ocrx_word' id='word_1_380' title='bbox 597 4349 729 4417; x_wconf 63' lang='grc' dir='ltr'><strong>αὐτα</strong></span> <span class='ocrx_word' id='word_1_381' title='bbox 751 4342 855 4422; x_wconf 86' lang='grc' dir='ltr'><strong>γάρ</strong></span> <span class='ocrx_word' id='word_1_382' title='bbox 875 4343 1014 4401; x_wconf 82' lang='grc' dir='ltr'><strong>ἐστιν</strong></span> <span class='ocrx_word' id='word_1_383' title='bbox 1035 4339 1246 4420; x_wconf 77' lang='grc' dir='ltr'><strong>ἔλεγχος</strong></span> <span class='ocrx_word' id='word_1_384' title='bbox 1267 4336 1493 4411; x_wconf 80' lang='grc' dir='ltr'><strong>ἅπαντα,</strong></span> <span class='ocrx_word' id='word_1_385' title='bbox 1513 4335 1604 4395; x_wconf 78' lang='grc' dir='ltr'><strong>καὶ</strong></span> <span class='ocrx_word' id='word_1_386' title='bbox 1623 4336 1682 4394; x_wconf 88' lang='grc' dir='ltr'><strong>οὐ</strong></span> <span class='ocrx_word' id='word_1_387' title='bbox 1714 4331 1966 4413; x_wconf 88' lang='grc' dir='ltr'><strong>λοιδορία.</strong></span> <span class='ocrx_word' id='word_1_388' title='bbox 1988 4329 2097 4391; x_wconf 79' lang='grc' dir='ltr'><strong>Καὶ</strong></span> 
     </span>
     <span class='ocr_line' id='line_1_46' title="bbox 547 4416 2099 4513; baseline -0.011 -20"><span class='ocrx_word' id='word_1_389' title='bbox 547 4432 635 4493; x_wconf 77' lang='grc' dir='ltr'><strong>ἐὰν</strong></span> <span class='ocrx_word' id='word_1_390' title='bbox 655 4432 774 4513; x_wconf 74' lang='grc' dir='ltr'><strong>περὶ</strong></span> <span class='ocrx_word' id='word_1_391' title='bbox 795 4434 951 4491; x_wconf 76' lang='grc' dir='ltr'><strong>αὐτοῦ</strong></span> <span class='ocrx_word' id='word_1_392' title='bbox 969 4429 1152 4490; x_wconf 88' lang='grc' dir='ltr'><strong>τούτου</strong></span> <span class='ocrx_word' id='word_1_393' title='bbox 1171 4426 1418 4500; x_wconf 80' lang='grc' dir='ltr'><strong>κελεύητε</strong></span> <span class='ocrx_word' id='word_1_394' title='bbox 1439 4420 1784 4485; x_wconf 76' lang='grc' dir='ltr'><strong>ἐπιδεικνύναι</strong></span> <span class='ocrx_word' id='word_1_395' title='bbox 1811 4418 1991 4502; x_wconf 79' lang='grc' dir='ltr'><strong>ὥσπερ</strong></span> <span class='ocrx_word' id='word_1_396' title='bbox 2011 4416 2099 4477; x_wconf 80' lang='grc' dir='ltr'><strong>καὶ</strong></span> 
     </span>
     <span class='ocr_line' id='line_1_47' title="bbox 548 4506 2101 4601; baseline -0.01 -21"><span class='ocrx_word' id='word_1_397' title='bbox 548 4517 976 4601; x_wconf 82' lang='grc' dir='ltr'><strong>διεμαρτύρησεν,</strong></span> <span class='ocrx_word' id='word_1_398' title='bbox 1007 4520 1154 4597; x_wconf 76' lang='grc' dir='ltr'><strong>ὑμεῖς</strong></span> <span class='ocrx_word' id='word_1_399' title='bbox 1173 4540 1229 4575; x_wconf 87' lang='grc' dir='ltr'><strong>τε</strong></span> <span class='ocrx_word' id='word_1_400' title='bbox 1246 4514 1340 4585; x_wconf 76' lang='grc' dir='ltr'><strong>τὴν</strong></span> <span class='ocrx_word' id='word_1_401' title='bbox 1359 4516 1528 4595; x_wconf 76' lang='grc' dir='ltr'><strong>ψῆφον</strong></span> <span class='ocrx_word' id='word_1_402' title='bbox 1549 4509 1695 4571; x_wconf 82' lang='grc' dir='ltr'><strong>ὁσίαν</strong></span> <span class='ocrx_word' id='word_1_403' title='bbox 1715 4508 1808 4568; x_wconf 76' lang='grc' dir='ltr'><strong>καὶ</strong></span> <span class='ocrx_word' id='word_1_404' title='bbox 1828 4506 1967 4567; x_wconf 72' lang='grc' dir='ltr'><strong>κατὰ</strong></span> <span class='ocrx_word' id='word_1_405' title='bbox 1986 4506 2101 4573; x_wconf 80' lang='grc' dir='ltr'><strong>τοὺς</strong></span> 
     </span>
     <span class='ocr_line' id='line_1_48' title="bbox 545 4596 1862 4687; baseline -0.011 -18"><span class='ocrx_word' id='word_1_406' title='bbox 545 4607 732 4687; x_wconf 86' lang='grc' dir='ltr'><strong>νόμους</strong></span> <span class='ocrx_word' id='word_1_407' title='bbox 759 4608 1002 4683; x_wconf 82' lang='grc' dir='ltr'><strong>θήσεσθε,</strong></span> <span class='ocrx_word' id='word_1_408' title='bbox 1018 4603 1192 4667; x_wconf 79' lang='grc' dir='ltr'><strong>τοῖσδέ</strong></span> <span class='ocrx_word' id='word_1_409' title='bbox 1209 4627 1266 4663; x_wconf 90' lang='grc' dir='ltr'><strong>τε</strong></span> <span class='ocrx_word' id='word_1_410' title='bbox 1283 4600 1351 4661; x_wconf 72' lang='grc' dir='ltr'><strong>τὰ</strong></span> <span class='ocrx_word' id='word_1_411' title='bbox 1371 4599 1548 4661; x_wconf 86' lang='grc' dir='ltr'><strong>δίκαια</strong></span> <span class='ocrx_word' id='word_1_412' title='bbox 1568 4596 1862 4676; x_wconf 87' lang='grc' dir='ltr'><strong>γενήσεται.</strong></span> 
     </span>
    </p>
   </div>
   <div class='ocr_carea' id='block_1_3' title="bbox 1089 4862 1500 4890">
    <p class='ocr_par' dir='ltr' id='par_1_3' title="bbox 1089 4862 1500 4890">
     <span class='ocr_line' id='line_1_49' title="bbox 1089 4862 1500 4890; baseline 0.002 -3"><span class='ocrx_word' id='word_1_413' title='bbox 1089 4862 1500 4890; x_wconf 57' lang='lat' dir='ltr'><strong>⁸—w</strong></span> 
     </span>
    </p>
   </div>
   <div class='ocr_carea' id='block_1_4' title="bbox 2176 560 3774 2161">
    <p class='ocr_par' dir='ltr' id='par_1_4' title="bbox 2176 560 3774 2161">
     <span class='ocr_line' id='line_1_50' title="bbox 2176 560 3677 627; baseline 0.008 -16"><span class='ocrx_word' id='word_1_414' title='bbox 2176 560 2345 613; x_wconf 82' lang='lat' dir='ltr'><strong>leviter</strong></span> <span class='ocrx_word' id='word_1_415' title='bbox 2374 560 2517 613; x_wconf 86' lang='lat' dir='ltr'><strong>modo</strong></span> <span class='ocrx_word' id='word_1_416' title='bbox 2538 562 2851 627; x_wconf 65' lang='lat' dir='ltr'><strong>perstringat,</strong></span> <span class='ocrx_word' id='word_1_417' title='bbox 2872 564 3043 617; x_wconf 87' lang='lat' dir='ltr'><strong>contra</strong></span> <span class='ocrx_word' id='word_1_418' title='bbox 3072 576 3185 617; x_wconf 79' lang='lat' dir='ltr'><strong>vero</strong></span> <span class='ocrx_word' id='word_1_419' title='bbox 3214 564 3269 617; x_wconf 87' lang='lat' dir='ltr'><strong>in</strong></span> <span class='ocrx_word' id='word_1_420' title='bbox 3286 579 3377 618; x_wconf 80' lang='lat' dir='ltr'><strong>nos</strong></span> <span class='ocrx_word' id='word_1_421' title='bbox 3392 580 3553 619; x_wconf 81' lang='lat' dir='ltr'><strong>sonora</strong></span> <span class='ocrx_word' id='word_1_422' title='bbox 3576 584 3677 625; x_wconf 75' lang='lat' dir='ltr'><strong>vocs</strong></span> 
     </span>
     <span class='ocr_line' id='line_1_51' title="bbox 2177 638 3680 709; baseline 0.01 -21"><span class='ocrx_word' id='word_1_423' title='bbox 2177 638 2394 690; x_wconf 79' lang='lat' dir='ltr'><strong>convicia</strong></span> <span class='ocrx_word' id='word_1_424' title='bbox 2422 640 2725 706; x_wconf 72' lang='lat' dir='ltr'><strong>intorqueat,</strong></span> <span class='ocrx_word' id='word_1_425' title='bbox 2752 645 2803 694; x_wconf 90' lang='lat' dir='ltr'><strong>et</strong></span> <span class='ocrx_word' id='word_1_426' title='bbox 2832 644 2923 695; x_wconf 82' lang='lat' dir='ltr'><strong>hos</strong></span> <span class='ocrx_word' id='word_1_427' title='bbox 2942 643 3141 707; x_wconf 88' lang='lat' dir='ltr'><strong>quidem</strong></span> <span class='ocrx_word' id='word_1_428' title='bbox 3180 646 3454 709; x_wconf 78' lang='lat' dir='ltr'><strong>opulentos.</strong></span> <span class='ocrx_word' id='word_1_429' title='bbox 3476 662 3523 699; x_wconf 73' lang='lat' dir='ltr'><strong>se</strong></span> <span class='ocrx_word' id='word_1_430' title='bbox 3548 652 3680 703; x_wconf 75' lang='lat' dir='ltr'><strong>autem</strong></span> 
     </span>
     <span class='ocr_line' id='line_1_52' title="bbox 2178 718 3683 786; baseline 0.008 -21"><span class='ocrx_word' id='word_1_431' title='bbox 2178 728 2433 780; x_wconf 80' lang='lat' dir='ltr'><strong>pauperem</strong></span> <span class='ocrx_word' id='word_1_432' title='bbox 2463 730 2567 769; x_wconf 86' lang='lat' dir='ltr'><strong>esse</strong></span> <span class='ocrx_word' id='word_1_433' title='bbox 2610 718 2835 782; x_wconf 77' lang='lat' dir='ltr'><strong>obiectet.</strong></span> <span class='ocrx_word' id='word_1_434' title='bbox 2926 721 3067 773; x_wconf 84' lang='lat' dir='ltr'><strong>Unde</strong></span> <span class='ocrx_word' id='word_1_435' title='bbox 3087 735 3139 773; x_wconf 86' lang='lat' dir='ltr'><strong>se</strong></span> <span class='ocrx_word' id='word_1_436' title='bbox 3166 724 3327 786; x_wconf 76' lang='lat' dir='ltr'><strong>sperat</strong></span> <span class='ocrx_word' id='word_1_437' title='bbox 3355 728 3683 779; x_wconf 77' lang='lat' dir='ltr'><strong>consecuturum</strong></span> 
     </span>
     <span class='ocr_line' id='line_1_53' title="bbox 2177 790 3685 863; baseline 0.009 -23"><span class='ocrx_word' id='word_1_438' title='bbox 2177 790 2233 841; x_wconf 91' lang='lat' dir='ltr'><strong>ut</strong></span> <span class='ocrx_word' id='word_1_439' title='bbox 2284 792 2335 842; x_wconf 87' lang='lat' dir='ltr'><strong>hi</strong></span> <span class='ocrx_word' id='word_1_440' title='bbox 2381 796 2517 857; x_wconf 89' lang='lat' dir='ltr'><strong>pueri</strong></span> <span class='ocrx_word' id='word_1_441' title='bbox 2554 794 2692 845; x_wconf 76' lang='lat' dir='ltr'><strong>vobis</strong></span> <span class='ocrx_word' id='word_1_442' title='bbox 2724 794 2919 858; x_wconf 81' lang='lat' dir='ltr'>genuini</span> <span class='ocrx_word' id='word_1_443' title='bbox 2958 808 3061 847; x_wconf 80' lang='lat' dir='ltr'><strong>esse</strong></span> <span class='ocrx_word' id='word_1_444' title='bbox 3108 796 3383 847; x_wconf 80' lang='lat' dir='ltr'><strong>videantur.</strong></span> <span class='ocrx_word' id='word_1_445' title='bbox 3446 800 3539 863; x_wconf 83' lang='grc'>(60)</span> <span class='ocrx_word' id='word_1_446' title='bbox 3568 804 3685 853; x_wconf 78' lang='lat' dir='ltr'><strong>Cete-</strong></span> 
     </span>
     <span class='ocr_line' id='line_1_54' title="bbox 2178 868 3688 940; baseline 0.009 -24"><span class='ocrx_word' id='word_1_447' title='bbox 2178 880 2288 917; x_wconf 85' lang='lat' dir='ltr'><strong>rum</strong></span> <span class='ocrx_word' id='word_1_448' title='bbox 2315 868 2365 917; x_wconf 84' lang='lat' dir='ltr'><strong>hl</strong></span> <span class='ocrx_word' id='word_1_449' title='bbox 2382 871 2491 933; x_wconf 84' lang='lat' dir='ltr'><strong>plus</strong></span> <span class='ocrx_word' id='word_1_450' title='bbox 2516 871 2579 923; x_wconf 89' lang='lat' dir='ltr'><strong>de</strong></span> <span class='ocrx_word' id='word_1_451' title='bbox 2600 872 2923 935; x_wconf 82' lang='lat' dir='ltr'><strong>copilssuisin</strong></span> <span class='ocrx_word' id='word_1_452' title='bbox 2942 870 3299 935; x_wconf 72' lang='lat' dir='ltr'><strong>rempublicam</strong></span> <span class='ocrx_word' id='word_1_453' title='bbox 3323 875 3551 937; x_wconf 75' lang='lat' dir='ltr'><strong>vestram,</strong></span> <span class='ocrx_word' id='word_1_454' title='bbox 3568 891 3688 940; x_wconf 85' lang='lat' dir='ltr'><strong>quam</strong></span> 
     </span>
     <span class='ocr_line' id='line_1_55' title="bbox 2178 943 3690 1017; baseline 0.006 -22"><span class='ocrx_word' id='word_1_455' title='bbox 2178 943 2229 994; x_wconf 89' lang='lat' dir='ltr'><strong>in</strong></span> <span class='ocrx_word' id='word_1_456' title='bbox 2258 948 2437 1011; x_wconf 82' lang='lat' dir='ltr'><strong>semet,</strong></span> <span class='ocrx_word' id='word_1_457' title='bbox 2463 947 2766 1013; x_wconf 84' lang='lat' dir='ltr'><strong>impendunt.</strong></span> <span class='ocrx_word' id='word_1_458' title='bbox 2848 949 3190 999; x_wconf 72' lang='lat' dir='ltr'><strong>Pinnostntus</strong></span> <span class='ocrx_word' id='word_1_459' title='bbox 3210 948 3410 1011; x_wconf 84' lang='lat' dir='ltr'><strong>quidem</strong></span> <span class='ocrx_word' id='word_1_460' title='bbox 3434 951 3530 1014; x_wconf 77' lang='lat' dir='ltr'><strong>iam</strong></span> <span class='ocrx_word' id='word_1_461' title='bbox 3548 956 3690 1017; x_wconf 77' lang='lat' dir='ltr'><strong>septies</strong></span> 
     </span>
     <span class='ocr_line' id='line_1_56' title="bbox 2178 1020 3691 1093; baseline 0.005 -24"><span class='ocrx_word' id='word_1_462' title='bbox 2178 1020 2493 1073; x_wconf 68' lang='lat' dir='ltr'><strong>trierarchum</strong></span> <span class='ocrx_word' id='word_1_463' title='bbox 2526 1026 2721 1075; x_wconf 78' lang='lat' dir='ltr'><strong>functus</strong></span> <span class='ocrx_word' id='word_1_464' title='bbox 2754 1022 2854 1086; x_wconf 84' lang='lat' dir='ltr'><strong>est,</strong></span> <span class='ocrx_word' id='word_1_465' title='bbox 2888 1025 2939 1074; x_wconf 85' lang='lat' dir='ltr'><strong>et</strong></span> <span class='ocrx_word' id='word_1_466' title='bbox 2966 1024 3135 1075; x_wconf 87' lang='lat' dir='ltr'><strong>munia</strong></span> <span class='ocrx_word' id='word_1_467' title='bbox 3154 1037 3459 1088; x_wconf 58' lang='lat' dir='ltr'><strong>quaecunque</strong></span> <span class='ocrx_word' id='word_1_468' title='bbox 3474 1040 3555 1089; x_wconf 88' lang='lat' dir='ltr'><strong>pro</strong></span> <span class='ocrx_word' id='word_1_469' title='bbox 3574 1042 3691 1093; x_wconf 82' lang='lat' dir='ltr'><strong>repu-</strong></span> 
     </span>
     <span class='ocr_line' id='line_1_57' title="bbox 2178 1098 3691 1169; baseline 0.007 -21"><span class='ocrx_word' id='word_1_470' title='bbox 2178 1098 2303 1149; x_wconf 81' lang='lat' dir='ltr'><strong>blica</strong></span> <span class='ocrx_word' id='word_1_471' title='bbox 2320 1100 2539 1152; x_wconf 79' lang='lat' dir='ltr'><strong>obeunda</strong></span> <span class='ocrx_word' id='word_1_472' title='bbox 2554 1102 2671 1153; x_wconf 84' lang='lat' dir='ltr'><strong>sunt</strong></span> <span class='ocrx_word' id='word_1_473' title='bbox 2684 1103 2967 1165; x_wconf 80' lang='lat' dir='ltr'><strong>sumptuosa</strong></span> <span class='ocrx_word' id='word_1_474' title='bbox 2988 1114 3043 1151; x_wconf 82' lang='lat' dir='ltr'><strong>ea</strong></span> <span class='ocrx_word' id='word_1_475' title='bbox 3068 1101 3231 1151; x_wconf 82' lang='lat' dir='ltr'><strong>omnia</strong></span> <span class='ocrx_word' id='word_1_476' title='bbox 3248 1102 3397 1165; x_wconf 84' lang='lat' dir='ltr'><strong>obiit,</strong></span> <span class='ocrx_word' id='word_1_477' title='bbox 3420 1105 3471 1153; x_wconf 85' lang='lat' dir='ltr'><strong>et</strong></span> <span class='ocrx_word' id='word_1_478' title='bbox 3486 1104 3535 1153; x_wconf 83' lang='lat' dir='ltr'><strong>in</strong></span> <span class='ocrx_word' id='word_1_479' title='bbox 3552 1106 3691 1169; x_wconf 73' lang='lat' dir='ltr'><strong>pleris-</strong></span> 
     </span>
     <span class='ocr_line' id='line_1_58' title="bbox 2180 1176 3695 1246; baseline 0.008 -22"><span class='ocrx_word' id='word_1_480' title='bbox 2180 1188 2276 1237; x_wconf 92' lang='lat' dir='ltr'><strong>que</strong></span> <span class='ocrx_word' id='word_1_481' title='bbox 2292 1176 2517 1229; x_wconf 80' lang='lat' dir='ltr'><strong>victorias</strong></span> <span class='ocrx_word' id='word_1_482' title='bbox 2544 1179 2751 1243; x_wconf 84' lang='lat' dir='ltr'><strong>adeptus</strong></span> <span class='ocrx_word' id='word_1_483' title='bbox 2764 1180 2865 1239; x_wconf 77' lang='lat' dir='ltr'><strong>est3</strong></span> <span class='ocrx_word' id='word_1_484' title='bbox 2882 1178 2964 1228; x_wconf 85' lang='lat' dir='ltr'><strong>hic</strong></span> <span class='ocrx_word' id='word_1_485' title='bbox 2986 1180 3151 1228; x_wconf 85' lang='lat' dir='ltr'><strong>autem</strong></span> <span class='ocrx_word' id='word_1_486' title='bbox 3168 1178 3543 1243; x_wconf 66' lang='lat' dir='ltr'><strong>chaeroniam,</strong></span> <span class='ocrx_word' id='word_1_487' title='bbox 3558 1194 3695 1246; x_wconf 77' lang='lat' dir='ltr'><strong>quain-</strong></span> 
     </span>
     <span class='ocr_line' id='line_1_59' title="bbox 2180 1245 3693 1313; baseline 0.006 -18"><span class='ocrx_word' id='word_1_488' title='bbox 2180 1245 2253 1296; x_wconf 76' lang='lat' dir='ltr'><strong>vis</strong></span> <span class='ocrx_word' id='word_1_489' title='bbox 2268 1246 2429 1298; x_wconf 72' lang='lat' dir='ltr'><strong>adhuc</strong></span> <span class='ocrx_word' id='word_1_490' title='bbox 2444 1250 2699 1313; x_wconf 84' lang='lat' dir='ltr'><strong>puerulus,</strong></span> <span class='ocrx_word' id='word_1_491' title='bbox 2720 1250 2881 1298; x_wconf 84' lang='lat' dir='ltr'><strong>tamen</strong></span> <span class='ocrx_word' id='word_1_492' title='bbox 2894 1249 2998 1310; x_wconf 85' lang='lat' dir='ltr'><strong>jam</strong></span> <span class='ocrx_word' id='word_1_493' title='bbox 3023 1248 3370 1299; x_wconf 79' lang='lat' dir='ltr'><strong>trierarchatus</strong></span> <span class='ocrx_word' id='word_1_494' title='bbox 3398 1250 3565 1299; x_wconf 84' lang='lat' dir='ltr'><strong>muniis</strong></span> <span class='ocrx_word' id='word_1_495' title='bbox 3582 1256 3693 1304; x_wconf 82' lang='lat' dir='ltr'><strong>satis-</strong></span> 
     </span>
     <span class='ocr_line' id='line_1_60' title="bbox 2181 1315 3695 1383; baseline 0.005 -17"><span class='ocrx_word' id='word_1_496' title='bbox 2181 1315 2310 1379; x_wconf 76' lang='lat' dir='ltr'><strong>fecit,</strong></span> <span class='ocrx_word' id='word_1_497' title='bbox 2329 1318 2444 1370; x_wconf 82' lang='lat' dir='ltr'><strong>item</strong></span> <span class='ocrx_word' id='word_1_498' title='bbox 2458 1320 2719 1383; x_wconf 79' lang='lat' dir='ltr'><strong>clioregum</strong></span> <span class='ocrx_word' id='word_1_499' title='bbox 2737 1318 3086 1382; x_wconf 77' lang='lat' dir='ltr'><strong>egittragoedis,</strong></span> <span class='ocrx_word' id='word_1_500' title='bbox 3106 1334 3309 1369; x_wconf 88' lang='lat' dir='ltr'><strong>necnon</strong></span> <span class='ocrx_word' id='word_1_501' title='bbox 3324 1320 3695 1383; x_wconf 77' lang='lat' dir='ltr'><strong>gyumasiarchum</strong></span> 
     </span>
     <span class='ocr_line' id='line_1_61' title="bbox 2179 1386 3697 1454; baseline 0.006 -17"><span class='ocrx_word' id='word_1_502' title='bbox 2179 1386 2229 1437; x_wconf 85' lang='lat' dir='ltr'><strong>in</strong></span> <span class='ocrx_word' id='word_1_503' title='bbox 2250 1389 2655 1454; x_wconf 83' lang='lat' dir='ltr'><strong>lampadophoriis</strong></span> <span class='ocrx_word' id='word_1_504' title='bbox 2684 1410 2697 1441; x_wconf 72' lang='grc' dir='ltr'><strong>ι</strong></span> <span class='ocrx_word' id='word_1_505' title='bbox 2724 1391 2883 1441; x_wconf 80' lang='lat' dir='ltr'><strong>nullas</strong></span> <span class='ocrx_word' id='word_1_506' title='bbox 2907 1404 3005 1441; x_wconf 87' lang='lat' dir='ltr'><strong>non</strong></span> <span class='ocrx_word' id='word_1_507' title='bbox 3034 1391 3421 1441; x_wconf 68' lang='lat' dir='ltr'><strong>contributionoe</strong></span> <span class='ocrx_word' id='word_1_508' title='bbox 3442 1392 3697 1453; x_wconf 74' lang='lat' dir='ltr'><strong>pecuniarias</strong></span> 
     </span>
     <span class='ocr_line' id='line_1_62' title="bbox 2179 1458 3697 1517; baseline 0.005 -9"><span class='ocrx_word' id='word_1_509' title='bbox 2179 1458 2231 1508; x_wconf 83' lang='lat' dir='ltr'><strong>hl</strong></span> <span class='ocrx_word' id='word_1_510' title='bbox 2252 1461 2397 1511; x_wconf 80' lang='lat' dir='ltr'><strong>ambo</strong></span> <span class='ocrx_word' id='word_1_511' title='bbox 2418 1462 2545 1513; x_wconf 82' lang='lat' dir='ltr'><strong>inter</strong></span> <span class='ocrx_word' id='word_1_512' title='bbox 2578 1461 2982 1513; x_wconf 77' lang='lat' dir='ltr'><strong>tercentumviros</strong></span> <span class='ocrx_word' id='word_1_513' title='bbox 3016 1462 3348 1512; x_wconf 83' lang='lat' dir='ltr'><strong>contulerunt.</strong></span> <span class='ocrx_word' id='word_1_514' title='bbox 3414 1464 3476 1512; x_wconf 81' lang='lat' dir='ltr'><strong>Et</strong></span> <span class='ocrx_word' id='word_1_515' title='bbox 3508 1464 3697 1517; x_wconf 80' lang='lat' dir='ltr'><strong>haetenus</strong></span> 
     </span>
     <span class='ocr_line' id='line_1_63' title="bbox 2179 1530 3694 1598; baseline 0.005 -19"><span class='ocrx_word' id='word_1_516' title='bbox 2179 1530 2373 1593; x_wconf 87' lang='lat' dir='ltr'><strong>quidem</strong></span> <span class='ocrx_word' id='word_1_517' title='bbox 2398 1533 2448 1582; x_wconf 88' lang='lat' dir='ltr'><strong>hi</strong></span> <span class='ocrx_word' id='word_1_518' title='bbox 2469 1534 2595 1595; x_wconf 85' lang='lat' dir='ltr'><strong>duo;</strong></span> <span class='ocrx_word' id='word_1_519' title='bbox 2614 1545 2747 1583; x_wconf 84' lang='lat' dir='ltr'><strong>nunc</strong></span> <span class='ocrx_word' id='word_1_520' title='bbox 2763 1534 2928 1583; x_wconf 79' lang='lat' dir='ltr'><strong>autem</strong></span> <span class='ocrx_word' id='word_1_521' title='bbox 2944 1534 3062 1583; x_wconf 83' lang='lat' dir='ltr'><strong>natu</strong></span> <span class='ocrx_word' id='word_1_522' title='bbox 3084 1534 3246 1583; x_wconf 86' lang='lat' dir='ltr'><strong>minor</strong></span> <span class='ocrx_word' id='word_1_523' title='bbox 3260 1531 3459 1597; x_wconf 82' lang='lat' dir='ltr'><strong>quoque</strong></span> <span class='ocrx_word' id='word_1_524' title='bbox 3478 1533 3694 1598; x_wconf 76' lang='lat' dir='ltr'><strong>choregum</strong></span> 
     </span>
     <span class='ocr_line' id='line_1_64' title="bbox 2180 1600 3698 1667; baseline 0.005 -17"><span class='ocrx_word' id='word_1_525' title='bbox 2180 1600 2275 1663; x_wconf 79' lang='lat' dir='ltr'><strong>agit</strong></span> <span class='ocrx_word' id='word_1_526' title='bbox 2292 1602 2542 1665; x_wconf 82' lang='lat' dir='ltr'><strong>tragoedis,</strong></span> <span class='ocrx_word' id='word_1_527' title='bbox 2564 1604 2616 1653; x_wconf 89' lang='lat' dir='ltr'><strong>et</strong></span> <span class='ocrx_word' id='word_1_528' title='bbox 2642 1602 2897 1667; x_wconf 81' lang='lat' dir='ltr'><strong>inscriptus</strong></span> <span class='ocrx_word' id='word_1_529' title='bbox 2914 1606 2989 1654; x_wconf 85' lang='lat' dir='ltr'><strong>est</strong></span> <span class='ocrx_word' id='word_1_530' title='bbox 3022 1603 3137 1654; x_wconf 88' lang='lat' dir='ltr'><strong>albo</strong></span> <span class='ocrx_word' id='word_1_531' title='bbox 3152 1604 3646 1667; x_wconf 77' lang='lat' dir='ltr'><strong>tercentumviromm‚</strong></span> <span class='ocrx_word' id='word_1_532' title='bbox 3662 1612 3698 1657; x_wconf 80' lang='lat' dir='ltr'><strong>et</strong></span> 
     </span>
     <span class='ocr_line' id='line_1_65' title="bbox 2179 1671 3697 1738; baseline 0.004 -19"><span class='ocrx_word' id='word_1_533' title='bbox 2179 1671 2367 1722; x_wconf 76' lang='lat' dir='ltr'><strong>confert</strong></span> <span class='ocrx_word' id='word_1_534' title='bbox 2396 1675 2546 1723; x_wconf 77' lang='lat' dir='ltr'><strong>statas</strong></span> <span class='ocrx_word' id='word_1_535' title='bbox 2567 1673 2958 1723; x_wconf 76' lang='lat' dir='ltr'><strong>contributiones.</strong></span> <span class='ocrx_word' id='word_1_536' title='bbox 3020 1674 3121 1738; x_wconf 82' lang='lat'>(61)</span> <span class='ocrx_word' id='word_1_537' title='bbox 3148 1676 3453 1737; x_wconf 81' lang='lat' dir='ltr'><strong>Quapropter</strong></span> <span class='ocrx_word' id='word_1_538' title='bbox 3472 1688 3564 1724; x_wconf 87' lang='lat' dir='ltr'><strong>non</strong></span> <span class='ocrx_word' id='word_1_539' title='bbox 3586 1676 3629 1724; x_wconf 87' lang='lat' dir='ltr'><strong>hi</strong></span> <span class='ocrx_word' id='word_1_540' title='bbox 3642 1676 3697 1725; x_wconf 85' lang='lat' dir='ltr'><strong>di-</strong></span> 
     </span>
     <span class='ocr_line' id='line_1_66' title="bbox 2182 1740 3697 1809; baseline 0.005 -19"><span class='ocrx_word' id='word_1_541' title='bbox 2182 1740 2261 1803; x_wconf 85' lang='lat' dir='ltr'><strong>gni</strong></span> <span class='ocrx_word' id='word_1_542' title='bbox 2294 1744 2408 1794; x_wconf 87' lang='lat' dir='ltr'><strong>sunt</strong></span> <span class='ocrx_word' id='word_1_543' title='bbox 2430 1744 2605 1807; x_wconf 82' lang='lat' dir='ltr'><strong>quibus</strong></span> <span class='ocrx_word' id='word_1_544' title='bbox 2622 1742 2900 1807; x_wconf 75' lang='lat' dir='ltr'><strong>invideatis,</strong></span> <span class='ocrx_word' id='word_1_545' title='bbox 2924 1743 3008 1794; x_wconf 80' lang='lat' dir='ltr'><strong>sed</strong></span> <span class='ocrx_word' id='word_1_546' title='bbox 3030 1743 3106 1793; x_wconf 83' lang='lat' dir='ltr'><strong>isti</strong></span> <span class='ocrx_word' id='word_1_547' title='bbox 3123 1781 3138 1806; x_wconf 92' lang='lat'>,</span> <span class='ocrx_word' id='word_1_548' title='bbox 3154 1745 3223 1793; x_wconf 88' lang='lat' dir='ltr'><strong>ita</strong></span> <span class='ocrx_word' id='word_1_549' title='bbox 3245 1756 3328 1793; x_wconf 88' lang='lat' dir='ltr'><strong>me</strong></span> <span class='ocrx_word' id='word_1_550' title='bbox 3342 1745 3556 1807; x_wconf 83' lang='lat' dir='ltr'><strong>Juppiter</strong></span> <span class='ocrx_word' id='word_1_551' title='bbox 3582 1748 3697 1809; x_wconf 82' lang='lat' dir='ltr'><strong>atque</strong></span> 
     </span>
     <span class='ocr_line' id='line_1_67' title="bbox 2183 1813 3697 1877; baseline 0.004 -16"><span class='ocrx_word' id='word_1_552' title='bbox 2183 1813 2351 1875; x_wconf 82' lang='lat' dir='ltr'><strong>Apollo</strong></span> <span class='ocrx_word' id='word_1_553' title='bbox 2376 1814 2564 1877; x_wconf 85' lang='lat' dir='ltr'><strong>ament,</strong></span> <span class='ocrx_word' id='word_1_554' title='bbox 2604 1814 2701 1865; x_wconf 83' lang='lat' dir='ltr'><strong>sint</strong></span> <span class='ocrx_word' id='word_1_555' title='bbox 2730 1815 2907 1877; x_wconf 79' lang='lat' dir='ltr'><strong>magis,</strong></span> <span class='ocrx_word' id='word_1_556' title='bbox 2943 1814 2983 1864; x_wconf 83' lang='lat' dir='ltr'><strong>si</strong></span> <span class='ocrx_word' id='word_1_557' title='bbox 3016 1813 3143 1864; x_wconf 85' lang='lat' dir='ltr'><strong>bona</strong></span> <span class='ocrx_word' id='word_1_558' title='bbox 3174 1814 3502 1876; x_wconf 84' lang='lat' dir='ltr'><strong>adipiscantur</strong></span> <span class='ocrx_word' id='word_1_559' title='bbox 3529 1829 3697 1877; x_wconf 86' lang='lat' dir='ltr'><strong>quorum</strong></span> 
     </span>
     <span class='ocr_line' id='line_1_68' title="bbox 2182 1881 3774 1948; baseline 0.004 -18"><span class='ocrx_word' id='word_1_560' title='bbox 2182 1881 2293 1945; x_wconf 87' lang='lat' dir='ltr'><strong>ipsis</strong></span> <span class='ocrx_word' id='word_1_561' title='bbox 2306 1882 2387 1945; x_wconf 80' lang='lat' dir='ltr'><strong>jus</strong></span> <span class='ocrx_word' id='word_1_562' title='bbox 2412 1884 2601 1935; x_wconf 85' lang='lat' dir='ltr'><strong>nullum</strong></span> <span class='ocrx_word' id='word_1_563' title='bbox 2629 1886 2719 1935; x_wconf 83' lang='lat' dir='ltr'><strong>est.</strong></span> <span class='ocrx_word' id='word_1_564' title='bbox 2754 1884 3129 1936; x_wconf 82' lang='lat' dir='ltr'><strong>Philoctemonis</strong></span> <span class='ocrx_word' id='word_1_565' title='bbox 3152 1884 3353 1948; x_wconf 83' lang='lat' dir='ltr'><strong>quidem</strong></span> <span class='ocrx_word' id='word_1_566' title='bbox 3368 1884 3699 1936; x_wconf 53' lang='lat' dir='ltr'><strong>hereditatem&amp;</strong></span> <span class='ocrx_word' id='word_1_567' title='bbox 3772 1882 3774 1927; x_wconf 76' lang='grc' dir='ltr'>ἕ</span> 
     </span>
     <span class='ocr_line' id='line_1_69' title="bbox 2181 1953 3774 2021; baseline 0.004 -18"><span class='ocrx_word' id='word_1_568' title='bbox 2181 1953 2501 2007; x_wconf 73' lang='lat' dir='ltr'><strong>Ghaerestrato</strong></span> <span class='ocrx_word' id='word_1_569' title='bbox 2518 1954 2857 2018; x_wconf 71' lang='lat' dir='ltr'><strong>adiudicabitis</strong></span> <span class='ocrx_word' id='word_1_570' title='bbox 2866 1992 2883 2019; x_wconf 90' lang='lat'><em>,</em></span> <span class='ocrx_word' id='word_1_571' title='bbox 2906 1957 2987 2007; x_wconf 86' lang='lat' dir='ltr'><strong>ille</strong></span> <span class='ocrx_word' id='word_1_572' title='bbox 3002 1955 3141 2006; x_wconf 79' lang='lat' dir='ltr'><strong>vohis</strong></span> <span class='ocrx_word' id='word_1_573' title='bbox 3158 1954 3269 2018; x_wconf 80' lang='lat' dir='ltr'><strong>ejus</strong></span> <span class='ocrx_word' id='word_1_574' title='bbox 3300 1956 3394 2005; x_wconf 84' lang='lat' dir='ltr'><strong>erit</strong></span> <span class='ocrx_word' id='word_1_575' title='bbox 3414 1969 3599 2021; x_wconf 82' lang='lat' dir='ltr'><strong>promus</strong></span> <span class='ocrx_word' id='word_1_576' title='bbox 3612 1970 3699 2009; x_wconf 85' lang='lat' dir='ltr'><strong>con·</strong></span> <span class='ocrx_word' id='word_1_577' title='bbox 3772 1980 3774 1983; x_wconf 47' lang='lat'><strong>⁴</strong></span> 
     </span>
     <span class='ocr_line' id='line_1_70' title="bbox 2178 2022 3700 2089; baseline 0.004 -16"><span class='ocrx_word' id='word_1_578' title='bbox 2178 2022 2296 2083; x_wconf 86' lang='lat' dir='ltr'><strong>dus.</strong></span> <span class='ocrx_word' id='word_1_579' title='bbox 2326 2039 2385 2075; x_wconf 88' lang='lat' dir='ltr'><strong>eo</strong></span> <span class='ocrx_word' id='word_1_580' title='bbox 2418 2025 2575 2089; x_wconf 86' lang='lat' dir='ltr'><strong>quod,</strong></span> <span class='ocrx_word' id='word_1_581' title='bbox 2609 2029 2665 2077; x_wconf 86' lang='lat' dir='ltr'><strong>ut</strong></span> <span class='ocrx_word' id='word_1_582' title='bbox 2697 2026 2860 2076; x_wconf 83' lang='lat' dir='ltr'><strong>adhuc</strong></span> <span class='ocrx_word' id='word_1_583' title='bbox 2888 2026 3027 2087; x_wconf 82' lang='lat' dir='ltr'><strong>fecit,</strong></span> <span class='ocrx_word' id='word_1_584' title='bbox 3064 2026 3133 2076; x_wconf 76' lang='lat' dir='ltr'><strong>ita</strong></span> <span class='ocrx_word' id='word_1_585' title='bbox 3164 2039 3316 2089; x_wconf 87' lang='lat' dir='ltr'><strong>porro</strong></span> <span class='ocrx_word' id='word_1_586' title='bbox 3350 2040 3541 2089; x_wconf 87' lang='lat' dir='ltr'><strong>quoque</strong></span> <span class='ocrx_word' id='word_1_587' title='bbox 3562 2040 3613 2077; x_wconf 81' lang='lat' dir='ltr'><strong>ex</strong></span> <span class='ocrx_word' id='word_1_588' title='bbox 3638 2030 3700 2079; x_wconf 75' lang='lat' dir='ltr'><strong>illa</strong></span> 
     </span>
     <span class='ocr_line' id='line_1_71' title="bbox 2182 2095 3695 2161; baseline 0.003 -18"><span class='ocrx_word' id='word_1_589' title='bbox 2182 2096 2404 2156; x_wconf 86' lang='lat' dir='ltr'><strong>sumptus</strong></span> <span class='ocrx_word' id='word_1_590' title='bbox 2427 2096 2567 2146; x_wconf 73' lang='lat' dir='ltr'><strong>faciet</strong></span> <span class='ocrx_word' id='word_1_591' title='bbox 2591 2096 2641 2145; x_wconf 87' lang='lat' dir='ltr'><strong>in</strong></span> <span class='ocrx_word' id='word_1_592' title='bbox 2658 2110 2860 2146; x_wconf 86' lang='lat' dir='ltr'><strong>munera</strong></span> <span class='ocrx_word' id='word_1_593' title='bbox 2876 2095 3059 2146; x_wconf 81' lang='lat' dir='ltr'><strong>edenda</strong></span> <span class='ocrx_word' id='word_1_594' title='bbox 3074 2132 3089 2157; x_wconf 92' lang='lat'>,</span> <span class='ocrx_word' id='word_1_595' title='bbox 3108 2097 3160 2145; x_wconf 88' lang='lat' dir='ltr'><strong>et</strong></span> <span class='ocrx_word' id='word_1_596' title='bbox 3180 2096 3343 2145; x_wconf 90' lang='lat' dir='ltr'><strong>multo</strong></span> <span class='ocrx_word' id='word_1_597' title='bbox 3368 2097 3511 2147; x_wconf 90' lang='lat' dir='ltr'><strong>etiam</strong></span> <span class='ocrx_word' id='word_1_598' title='bbox 3530 2097 3658 2161; x_wconf 73' lang='lat' dir='ltr'><strong>mag‘u</strong></span> <span class='ocrx_word' id='word_1_599' title='bbox 3685 2118 3695 2147; x_wconf 74' lang='grc' dir='ltr'><strong>ε</strong></span> 
     </span>
    </p>
   </div>
   <div class='ocr_carea' id='block_1_5' title="bbox 2180 2164 3698 2287">
    <p class='ocr_par' dir='ltr' id='par_1_5' title="bbox 2180 2164 3698 2287">
     <span class='ocr_line' id='line_1_72' title="bbox 2180 2164 3698 2231; baseline 0.002 -16"><span class='ocrx_word' id='word_1_600' title='bbox 2180 2164 2253 2215; x_wconf 79' lang='lat' dir='ltr'><strong>sin</strong></span> <span class='ocrx_word' id='word_1_601' title='bbox 2268 2170 2431 2215; x_wconf 82' lang='lat' dir='ltr'><strong>autem</strong></span> <span class='ocrx_word' id='word_1_602' title='bbox 2449 2167 2497 2216; x_wconf 74' lang='lat' dir='ltr'><strong>lii</strong></span> <span class='ocrx_word' id='word_1_603' title='bbox 2515 2180 2621 2217; x_wconf 84' lang='lat' dir='ltr'><strong>eam</strong></span> <span class='ocrx_word' id='word_1_604' title='bbox 2641 2166 2981 2231; x_wconf 80' lang='lat' dir='ltr'><strong>adipiscantur,</strong></span> <span class='ocrx_word' id='word_1_605' title='bbox 3002 2166 3358 2230; x_wconf 83' lang='lat' dir='ltr'><strong>dilapidabunt,</strong></span> <span class='ocrx_word' id='word_1_606' title='bbox 3373 2168 3424 2218; x_wconf 89' lang='lat' dir='ltr'><strong>et</strong></span> <span class='ocrx_word' id='word_1_607' title='bbox 3439 2166 3597 2217; x_wconf 84' lang='lat' dir='ltr'><strong>deinde</strong></span> <span class='ocrx_word' id='word_1_608' title='bbox 3612 2168 3698 2219; x_wconf 83' lang='lat' dir='ltr'><strong>alic-</strong></span> 
     </span>
     <span class='ocr_line' id='line_1_73' title="bbox 2180 2234 2825 2287; baseline 0.006 -4"><span class='ocrx_word' id='word_1_609' title='bbox 2180 2246 2291 2284; x_wconf 85' lang='lat' dir='ltr'><strong>rum</strong></span> <span class='ocrx_word' id='word_1_610' title='bbox 2308 2234 2445 2285; x_wconf 82' lang='lat' dir='ltr'><strong>bonis</strong></span> <span class='ocrx_word' id='word_1_611' title='bbox 2458 2236 2825 2287; x_wconf 82' lang='lat' dir='ltr'><strong>insidiabuntur.</strong></span> 
     </span>
    </p>
   </div>
   <div class='ocr_carea' id='block_1_6' title="bbox 2180 2314 3772 4563">
    <p class='ocr_par' dir='ltr' id='par_1_6' title="bbox 2180 2314 3772 4563">
     <span class='ocr_line' id='line_1_74' title="bbox 2244 2314 3700 2379; baseline 0.003 -16"><span class='ocrx_word' id='word_1_612' title='bbox 2244 2320 2321 2363; x_wconf 81' lang='lat'><strong>62.</strong></span> <span class='ocrx_word' id='word_1_613' title='bbox 2357 2319 2516 2374; x_wconf 85' lang='lat' dir='ltr'><strong>Quare</strong></span> <span class='ocrx_word' id='word_1_614' title='bbox 2541 2329 2655 2379; x_wconf 79' lang='lat' dir='ltr'><strong>vos,</strong></span> <span class='ocrx_word' id='word_1_615' title='bbox 2682 2329 2745 2366; x_wconf 85' lang='lat' dir='ltr'><strong>ue</strong></span> <span class='ocrx_word' id='word_1_616' title='bbox 2764 2314 3095 2379; x_wconf 76' lang='lat' dir='ltr'><strong>decipiamini,</strong></span> <span class='ocrx_word' id='word_1_617' title='bbox 3109 2315 3329 2379; x_wconf 77' lang='lat' dir='ltr'><strong>iudices,</strong></span> <span class='ocrx_word' id='word_1_618' title='bbox 3346 2329 3463 2379; x_wconf 79' lang='lat' dir='ltr'><strong>rogo</strong></span> <span class='ocrx_word' id='word_1_619' title='bbox 3490 2318 3545 2366; x_wconf 82' lang='lat' dir='ltr'><strong>ut</strong></span> <span class='ocrx_word' id='word_1_620' title='bbox 3564 2316 3617 2367; x_wconf 80' lang='lat' dir='ltr'><strong>ad</strong></span> <span class='ocrx_word' id='word_1_621' title='bbox 3632 2319 3700 2368; x_wconf 82' lang='lat' dir='ltr'><strong>ob-</strong></span> 
     </span>
     <span class='ocr_line' id='line_1_75' title="bbox 2181 2387 3699 2453; baseline 0.002 -16"><span class='ocrx_word' id='word_1_622' title='bbox 2181 2387 2488 2437; x_wconf 82' lang='lat' dir='ltr'><strong>testationem</strong></span> <span class='ocrx_word' id='word_1_623' title='bbox 2507 2387 2722 2437; x_wconf 87' lang='lat' dir='ltr'><strong>animum</strong></span> <span class='ocrx_word' id='word_1_624' title='bbox 2751 2387 3013 2439; x_wconf 78' lang='lat' dir='ltr'><strong>advertatis</strong></span> <span class='ocrx_word' id='word_1_625' title='bbox 3029 2388 3091 2439; x_wconf 86' lang='lat' dir='ltr'><strong>de</strong></span> <span class='ocrx_word' id='word_1_626' title='bbox 3105 2402 3205 2453; x_wconf 86' lang='lat' dir='ltr'><strong>qua</strong></span> <span class='ocrx_word' id='word_1_627' title='bbox 3222 2389 3619 2451; x_wconf 81' lang='lat' dir='ltr'><strong>pronuntiandum</strong></span> <span class='ocrx_word' id='word_1_628' title='bbox 3634 2404 3699 2441; x_wconf 76' lang='lat' dir='ltr'><strong>vo-</strong></span> 
     </span>
     <span class='ocr_line' id='line_1_76' title="bbox 2181 2459 3703 2526; baseline 0.005 -17"><span class='ocrx_word' id='word_1_629' title='bbox 2181 2459 2254 2509; x_wconf 84' lang='lat' dir='ltr'><strong>bis</strong></span> <span class='ocrx_word' id='word_1_630' title='bbox 2277 2461 2375 2522; x_wconf 72' lang='lat' dir='ltr'><strong>est5</strong></span> <span class='ocrx_word' id='word_1_631' title='bbox 2402 2461 2543 2523; x_wconf 84' lang='lat' dir='ltr'><strong>eique</strong></span> <span class='ocrx_word' id='word_1_632' title='bbox 2554 2462 2795 2511; x_wconf 87' lang='lat' dir='ltr'><strong>intentum</strong></span> <span class='ocrx_word' id='word_1_633' title='bbox 2811 2460 2980 2523; x_wconf 87' lang='lat' dir='ltr'><strong>jubete</strong></span> <span class='ocrx_word' id='word_1_634' title='bbox 3000 2462 3141 2512; x_wconf 88' lang='lat' dir='ltr'><strong>illum</strong></span> <span class='ocrx_word' id='word_1_635' title='bbox 3160 2474 3368 2513; x_wconf 83' lang='lat' dir='ltr'><strong>causam</strong></span> <span class='ocrx_word' id='word_1_636' title='bbox 3386 2475 3473 2526; x_wconf 85' lang='lat' dir='ltr'><strong>pro</strong></span> <span class='ocrx_word' id='word_1_637' title='bbox 3490 2476 3539 2513; x_wconf 82' lang='lat' dir='ltr'><strong>se</strong></span> <span class='ocrx_word' id='word_1_638' title='bbox 3555 2464 3703 2525; x_wconf 81' lang='lat' dir='ltr'><strong>dicere.</strong></span> 
     </span>
     <span class='ocr_line' id='line_1_77' title="bbox 2181 2535 3703 2599; baseline 0.006 -16"><span class='ocrx_word' id='word_1_639' title='bbox 2181 2535 2589 2598; x_wconf 84' lang='lat' dir='ltr'><strong>quemadmodum</strong></span> <span class='ocrx_word' id='word_1_640' title='bbox 2612 2549 2701 2586; x_wconf 83' lang='lat' dir='ltr'><strong>nos</strong></span> <span class='ocrx_word' id='word_1_641' title='bbox 2726 2549 2921 2599; x_wconf 88' lang='lat' dir='ltr'><strong>quoque</strong></span> <span class='ocrx_word' id='word_1_642' title='bbox 2938 2536 2988 2587; x_wconf 89' lang='lat' dir='ltr'><strong>in</strong></span> <span class='ocrx_word' id='word_1_643' title='bbox 3006 2540 3174 2587; x_wconf 73' lang='lat' dir='ltr'><strong>nostra</strong></span> <span class='ocrx_word' id='word_1_644' title='bbox 3191 2538 3389 2588; x_wconf 76' lang='lat' dir='ltr'><strong>actione</strong></span> <span class='ocrx_word' id='word_1_645' title='bbox 3411 2539 3610 2591; x_wconf 77' lang='lat' dir='ltr'><strong>fecimus.</strong></span> <span class='ocrx_word' id='word_1_646' title='bbox 3638 2542 3703 2593; x_wconf 74' lang='lat' dir='ltr'><strong>Illa</strong></span> 
     </span>
     <span class='ocr_line' id='line_1_78' title="bbox 2182 2610 3703 2665; baseline 0.004 -6"><span class='ocrx_word' id='word_1_647' title='bbox 2182 2610 2369 2660; x_wconf 85' lang='lat' dir='ltr'><strong>enimin</strong></span> <span class='ocrx_word' id='word_1_648' title='bbox 2378 2612 2694 2662; x_wconf 83' lang='lat' dir='ltr'><strong>obtestatione</strong></span> <span class='ocrx_word' id='word_1_649' title='bbox 2703 2610 2887 2660; x_wconf 82' lang='lat' dir='ltr'><strong>dictum</strong></span> <span class='ocrx_word' id='word_1_650' title='bbox 2899 2614 2972 2661; x_wconf 86' lang='lat' dir='ltr'><strong>est</strong></span> <span class='ocrx_word' id='word_1_651' title='bbox 2986 2612 3401 2664; x_wconf 81' lang='lat' dir='ltr'><strong>Philoctemonem</strong></span> <span class='ocrx_word' id='word_1_652' title='bbox 3408 2614 3703 2665; x_wconf 82' lang='lat' dir='ltr'><strong>testamentum</strong></span> 
     </span>
     <span class='ocr_line' id='line_1_79' title="bbox 2180 2687 3702 2751; baseline 0.005 -15"><span class='ocrx_word' id='word_1_653' title='bbox 2180 2687 2369 2737; x_wconf 85' lang='lat' dir='ltr'><strong>nullum</strong></span> <span class='ocrx_word' id='word_1_654' title='bbox 2382 2688 2645 2751; x_wconf 77' lang='lat' dir='ltr'><strong>reliquisse,</strong></span> <span class='ocrx_word' id='word_1_655' title='bbox 2668 2688 2874 2751; x_wconf 86' lang='lat' dir='ltr'><strong>ideoque</strong></span> <span class='ocrx_word' id='word_1_656' title='bbox 2888 2688 3205 2740; x_wconf 73' lang='lat' dir='ltr'><strong>hereditatem</strong></span> <span class='ocrx_word' id='word_1_657' title='bbox 3224 2690 3546 2741; x_wconf 63' lang='lat' dir='ltr'><strong>Chaerestrato</strong></span> <span class='ocrx_word' id='word_1_658' title='bbox 3562 2706 3643 2743; x_wconf 82' lang='lat' dir='ltr'><strong>non</strong></span> <span class='ocrx_word' id='word_1_659' title='bbox 3658 2696 3702 2745; x_wconf 79' lang='lat' dir='ltr'><strong>le·</strong></span> 
     </span>
     <span class='ocr_line' id='line_1_80' title="bbox 2181 2762 3705 2830; baseline 0.005 -17"><span class='ocrx_word' id='word_1_660' title='bbox 2181 2775 2339 2825; x_wconf 66' lang='grc' dir='ltr'><strong>μεεες</strong></span> <span class='ocrx_word' id='word_1_661' title='bbox 2354 2762 2785 2815; x_wconf 76' lang='lat' dir='ltr'><strong>demonstravimus</strong></span> <span class='ocrx_word' id='word_1_662' title='bbox 2801 2762 2853 2813; x_wconf 89' lang='lat' dir='ltr'><strong>id</strong></span> <span class='ocrx_word' id='word_1_663' title='bbox 2864 2776 2967 2813; x_wconf 86' lang='lat' dir='ltr'><strong>esse</strong></span> <span class='ocrx_word' id='word_1_664' title='bbox 2984 2762 3323 2827; x_wconf 84' lang='lat' dir='ltr'><strong>mendacium;</strong></span> <span class='ocrx_word' id='word_1_665' title='bbox 3346 2764 3531 2830; x_wconf 76' lang='lat' dir='ltr'><strong>scripsit</strong></span> <span class='ocrx_word' id='word_1_666' title='bbox 3546 2768 3654 2818; x_wconf 84' lang='lat' dir='ltr'><strong>enim</strong></span> <span class='ocrx_word' id='word_1_667' title='bbox 3668 2774 3705 2821; x_wconf 80' lang='lat' dir='ltr'><strong>et</strong></span> 
     </span>
     <span class='ocr_line' id='line_1_81' title="bbox 2182 2838 3702 2905; baseline 0.005 -17"><span class='ocrx_word' id='word_1_668' title='bbox 2182 2838 2382 2903; x_wconf 78' lang='lat' dir='ltr'><strong>legavit3</strong></span> <span class='ocrx_word' id='word_1_669' title='bbox 2406 2840 2549 2904; x_wconf 89' lang='lat' dir='ltr'><strong>idque</strong></span> <span class='ocrx_word' id='word_1_670' title='bbox 2567 2840 2804 2891; x_wconf 77' lang='lat' dir='ltr'><strong>testantur</strong></span> <span class='ocrx_word' id='word_1_671' title='bbox 2820 2840 2904 2904; x_wconf 85' lang='lat' dir='ltr'><strong>qui</strong></span> <span class='ocrx_word' id='word_1_672' title='bbox 2923 2839 3177 2891; x_wconf 83' lang='lat' dir='ltr'><strong>scribendo</strong></span> <span class='ocrx_word' id='word_1_673' title='bbox 3190 2841 3473 2892; x_wconf 73' lang='lat' dir='ltr'><strong>interfuere.</strong></span> <span class='ocrx_word' id='word_1_674' title='bbox 3494 2844 3585 2905; x_wconf 79' lang='grc'>(63)</span> <span class='ocrx_word' id='word_1_675' title='bbox 3605 2846 3702 2901; x_wconf 87' lang='lat' dir='ltr'><strong>Quid</strong></span> 
     </span>
     <span class='ocr_line' id='line_1_82' title="bbox 2184 2914 3703 2987; baseline 0.007 -23"><span class='ocrx_word' id='word_1_676' title='bbox 2184 2914 2382 2965; x_wconf 78' lang='lat' dir='ltr'><strong>adhuc?</strong></span> <span class='ocrx_word' id='word_1_677' title='bbox 2402 2916 2813 2967; x_wconf 83' lang='lat' dir='ltr'><strong>Philoctemonem</strong></span> <span class='ocrx_word' id='word_1_678' title='bbox 2835 2916 2973 2967; x_wconf 84' lang='lat' dir='ltr'><strong>aiunt</strong></span> <span class='ocrx_word' id='word_1_679' title='bbox 2988 2916 3092 2966; x_wconf 79' lang='lat' dir='ltr'><strong>sine</strong></span> <span class='ocrx_word' id='word_1_680' title='bbox 3108 2918 3242 2980; x_wconf 86' lang='lat' dir='ltr'><strong>prole</strong></span> <span class='ocrx_word' id='word_1_681' title='bbox 3260 2918 3534 2971; x_wconf 72' lang='lat' dir='ltr'><strong>decessisse.</strong></span> <span class='ocrx_word' id='word_1_682' title='bbox 3589 2924 3703 2987; x_wconf 79' lang='lat' dir='ltr'><strong>Atqui</strong></span> 
     </span>
     <span class='ocr_line' id='line_1_83' title="bbox 2183 2992 3705 3059; baseline 0.002 -15"><span class='ocrx_word' id='word_1_683' title='bbox 2183 2993 2427 3057; x_wconf 90' lang='lat' dir='ltr'><strong>quomodo</strong></span> <span class='ocrx_word' id='word_1_684' title='bbox 2448 2992 2551 3044; x_wconf 86' lang='lat' dir='ltr'><strong>sine</strong></span> <span class='ocrx_word' id='word_1_685' title='bbox 2584 2992 2717 3057; x_wconf 89' lang='lat' dir='ltr'><strong>prole</strong></span> <span class='ocrx_word' id='word_1_686' title='bbox 2752 2992 2983 3054; x_wconf 82' lang='lat' dir='ltr'><strong>decessit,</strong></span> <span class='ocrx_word' id='word_1_687' title='bbox 3016 2992 3103 3054; x_wconf 90' lang='lat' dir='ltr'><strong>qui</strong></span> <span class='ocrx_word' id='word_1_688' title='bbox 3138 2993 3321 3043; x_wconf 78' lang='lat' dir='ltr'><strong>sororis</strong></span> <span class='ocrx_word' id='word_1_689' title='bbox 3354 2994 3506 3044; x_wconf 82' lang='lat' dir='ltr'><strong>filium</strong></span> <span class='ocrx_word' id='word_1_690' title='bbox 3538 3010 3617 3059; x_wconf 84' lang='lat' dir='ltr'><strong>pm</strong></span> <span class='ocrx_word' id='word_1_691' title='bbox 3637 3012 3705 3053; x_wconf 77' lang='lat' dir='ltr'><strong>suo</strong></span> 
     </span>
     <span class='ocr_line' id='line_1_84' title="bbox 2182 3066 3707 3134; baseline 0.002 -14"><span class='ocrx_word' id='word_1_692' title='bbox 2182 3069 2463 3134; x_wconf 84' lang='lat' dir='ltr'><strong>adoptatum</strong></span> <span class='ocrx_word' id='word_1_693' title='bbox 2493 3067 2763 3133; x_wconf 82' lang='lat' dir='ltr'><strong>reliquerit,</strong></span> <span class='ocrx_word' id='word_1_694' title='bbox 2792 3068 2873 3119; x_wconf 87' lang='lat' dir='ltr'><strong>cui</strong></span> <span class='ocrx_word' id='word_1_695' title='bbox 2894 3068 2976 3117; x_wconf 80' lang='lat' dir='ltr'><strong>lex</strong></span> <span class='ocrx_word' id='word_1_696' title='bbox 2998 3066 3196 3131; x_wconf 83' lang='lat' dir='ltr'><strong>perinde</strong></span> <span class='ocrx_word' id='word_1_697' title='bbox 3236 3068 3483 3131; x_wconf 79' lang='lat' dir='ltr'><strong>adjudicet</strong></span> <span class='ocrx_word' id='word_1_698' title='bbox 3512 3070 3707 3123; x_wconf 80' lang='lat' dir='ltr'><strong>heredita-</strong></span> 
     </span>
     <span class='ocr_line' id='line_1_85' title="bbox 2182 3144 3707 3213; baseline 0.001 -14"><span class='ocrx_word' id='word_1_699' title='bbox 2182 3150 2283 3199; x_wconf 89' lang='lat' dir='ltr'><strong>tem</strong></span> <span class='ocrx_word' id='word_1_700' title='bbox 2315 3150 2465 3213; x_wconf 86' lang='lat' dir='ltr'><strong>atque</strong></span> <span class='ocrx_word' id='word_1_701' title='bbox 2490 3148 2531 3199; x_wconf 88' lang='lat' dir='ltr'><strong>si</strong></span> <span class='ocrx_word' id='word_1_702' title='bbox 2548 3148 2881 3199; x_wconf 84' lang='lat' dir='ltr'><strong>Philoctemon</strong></span> <span class='ocrx_word' id='word_1_703' title='bbox 2910 3144 3089 3196; x_wconf 82' lang='lat' dir='ltr'><strong>liberos</strong></span> <span class='ocrx_word' id='word_1_704' title='bbox 3118 3158 3181 3196; x_wconf 83' lang='lat' dir='ltr'><strong>ex</strong></span> <span class='ocrx_word' id='word_1_705' title='bbox 3206 3158 3257 3196; x_wconf 81' lang='lat' dir='ltr'><strong>se</strong></span> <span class='ocrx_word' id='word_1_706' title='bbox 3274 3150 3421 3197; x_wconf 86' lang='lat' dir='ltr'><strong>natos</strong></span> <span class='ocrx_word' id='word_1_707' title='bbox 3446 3149 3707 3211; x_wconf 74' lang='lat' dir='ltr'><strong>reliquisset?</strong></span> 
     </span>
     <span class='ocr_line' id='line_1_86' title="bbox 2183 3222 3707 3291; baseline -0.003 -13"><span class='ocrx_word' id='word_1_708' title='bbox 2183 3228 2307 3277; x_wconf 79' lang='lat' dir='ltr'><strong>Nam</strong></span> <span class='ocrx_word' id='word_1_709' title='bbox 2336 3228 2388 3277; x_wconf 85' lang='lat' dir='ltr'><strong>in</strong></span> <span class='ocrx_word' id='word_1_710' title='bbox 2422 3226 2527 3289; x_wconf 77' lang='lat' dir='ltr'><strong>lege</strong></span> <span class='ocrx_word' id='word_1_711' title='bbox 2566 3224 2721 3289; x_wconf 80' lang='lat' dir='ltr'><strong>planls</strong></span> <span class='ocrx_word' id='word_1_712' title='bbox 2757 3223 2915 3273; x_wconf 82' lang='lat' dir='ltr'><strong>verbis</strong></span> <span class='ocrx_word' id='word_1_713' title='bbox 2940 3222 3010 3273; x_wconf 84' lang='lat' dir='ltr'><strong>sic</strong></span> <span class='ocrx_word' id='word_1_714' title='bbox 3042 3222 3277 3285; x_wconf 84' lang='lat' dir='ltr'><strong>seriptum</strong></span> <span class='ocrx_word' id='word_1_715' title='bbox 3302 3226 3405 3285; x_wconf 71' lang='lat' dir='ltr'><strong>est,</strong></span> <span class='ocrx_word' id='word_1_716' title='bbox 3436 3224 3477 3273; x_wconf 79' lang='lat' dir='ltr'><strong>sl</strong></span> <span class='ocrx_word' id='word_1_717' title='bbox 3514 3228 3608 3289; x_wconf 84' lang='lat' dir='ltr'><strong>cui,</strong></span> <span class='ocrx_word' id='word_1_718' title='bbox 3642 3230 3707 3291; x_wconf 84' lang='lat' dir='ltr'><strong>qui</strong></span> 
     </span>
     <span class='ocr_line' id='line_1_87' title="bbox 2182 3298 3707 3367; baseline -0.003 -12"><span class='ocrx_word' id='word_1_719' title='bbox 2182 3303 2457 3367; x_wconf 76' lang='lat' dir='ltr'><strong>adoptasset</strong></span> <span class='ocrx_word' id='word_1_720' title='bbox 2474 3301 2709 3364; x_wconf 86' lang='lat' dir='ltr'><strong>aliquem,</strong></span> <span class='ocrx_word' id='word_1_721' title='bbox 2734 3298 3044 3363; x_wconf 72' lang='lat' dir='ltr'><strong>postmodum</strong></span> <span class='ocrx_word' id='word_1_722' title='bbox 3067 3298 3205 3347; x_wconf 82' lang='lat' dir='ltr'><strong>liberi</strong></span> <span class='ocrx_word' id='word_1_723' title='bbox 3240 3300 3520 3363; x_wconf 84' lang='lat' dir='ltr'><strong>nascantur,</strong></span> <span class='ocrx_word' id='word_1_724' title='bbox 3550 3302 3615 3351; x_wconf 78' lang='lat' dir='ltr'><strong>sas</strong></span> <span class='ocrx_word' id='word_1_725' title='bbox 3628 3314 3707 3351; x_wconf 70' lang='lat' dir='ltr'><strong>esic</strong></span> 
     </span>
     <span class='ocr_line' id='line_1_88' title="bbox 2183 3373 3707 3442; baseline -0.003 -13"><span class='ocrx_word' id='word_1_726' title='bbox 2183 3380 2241 3429; x_wconf 85' lang='lat' dir='ltr'><strong>ut</strong></span> <span class='ocrx_word' id='word_1_727' title='bbox 2256 3379 2512 3442; x_wconf 83' lang='lat' dir='ltr'><strong>adoptatus</strong></span> <span class='ocrx_word' id='word_1_728' title='bbox 2534 3388 2647 3426; x_wconf 87' lang='lat' dir='ltr'><strong>cum</strong></span> <span class='ocrx_word' id='word_1_729' title='bbox 2678 3373 2895 3438; x_wconf 78' lang='lat' dir='ltr'><strong>genuinis</strong></span> <span class='ocrx_word' id='word_1_730' title='bbox 2919 3373 3083 3423; x_wconf 80' lang='lat' dir='ltr'><strong>liberis</strong></span> <span class='ocrx_word' id='word_1_731' title='bbox 3109 3385 3275 3435; x_wconf 77' lang='lat' dir='ltr'><strong>parem</strong></span> <span class='ocrx_word' id='word_1_732' title='bbox 3302 3374 3461 3423; x_wconf 80' lang='lat' dir='ltr'><strong>ratam</strong></span> <span class='ocrx_word' id='word_1_733' title='bbox 3476 3374 3707 3436; x_wconf 71' lang='lat' dir='ltr'><strong>portionas·</strong></span> 
     </span>
     <span class='ocr_line' id='line_1_89' title="bbox 2182 3449 3709 3515; baseline -0.004 -8"><span class='ocrx_word' id='word_1_734' title='bbox 2182 3455 2461 3507; x_wconf 86' lang='lat' dir='ltr'><strong>hereditatis</strong></span> <span class='ocrx_word' id='word_1_735' title='bbox 2472 3454 2720 3505; x_wconf 83' lang='lat' dir='ltr'><strong>sortiatur.</strong></span> <span class='ocrx_word' id='word_1_736' title='bbox 2740 3451 2839 3515; x_wconf 70' lang='lat'>(64)</span> <span class='ocrx_word' id='word_1_737' title='bbox 2854 3450 3005 3513; x_wconf 73' lang='lat' dir='ltr'><strong>lgitnr</strong></span> <span class='ocrx_word' id='word_1_738' title='bbox 3012 3450 3101 3500; x_wconf 81' lang='lat' dir='ltr'><strong>hos</strong></span> <span class='ocrx_word' id='word_1_739' title='bbox 3112 3449 3347 3511; x_wconf 73' lang='lat' dir='ltr'><strong>genuinos</strong></span> <span class='ocrx_word' id='word_1_740' title='bbox 3358 3462 3477 3513; x_wconf 83' lang='lat' dir='ltr'><strong>esse,</strong></span> <span class='ocrx_word' id='word_1_741' title='bbox 3488 3450 3535 3499; x_wconf 89' lang='lat' dir='ltr'><strong>id</strong></span> <span class='ocrx_word' id='word_1_742' title='bbox 3547 3450 3709 3501; x_wconf 81' lang='lat' dir='ltr'><strong>demon·</strong></span> 
     </span>
     <span class='ocr_line' id='line_1_90' title="bbox 2182 3519 3706 3587; baseline -0.003 -11"><span class='ocrx_word' id='word_1_743' title='bbox 2182 3528 2322 3587; x_wconf 80' lang='lat' dir='ltr'><strong>stret,</strong></span> <span class='ocrx_word' id='word_1_744' title='bbox 2332 3526 2475 3575; x_wconf 82' lang='lat' dir='ltr'><strong>sicuti</strong></span> <span class='ocrx_word' id='word_1_745' title='bbox 2487 3525 2701 3575; x_wconf 80' lang='lat' dir='ltr'><strong>vestrum</strong></span> <span class='ocrx_word' id='word_1_746' title='bbox 2710 3519 3043 3583; x_wconf 80' lang='lat' dir='ltr'><strong>unusquisque</strong></span> <span class='ocrx_word' id='word_1_747' title='bbox 3054 3519 3470 3571; x_wconf 76' lang='lat' dir='ltr'><strong>demonstraturus</strong></span> <span class='ocrx_word' id='word_1_748' title='bbox 3486 3520 3613 3571; x_wconf 72' lang='lat' dir='ltr'><strong>foret.</strong></span> <span class='ocrx_word' id='word_1_749' title='bbox 3626 3525 3706 3571; x_wconf 79' lang='lat' dir='ltr'><strong>Non</strong></span> 
     </span>
     <span class='ocr_line' id='line_1_91' title="bbox 2185 3589 3708 3659; baseline -0.005 -11"><span class='ocrx_word' id='word_1_750' title='bbox 2185 3596 2315 3649; x_wconf 85' lang='lat' dir='ltr'><strong>enim</strong></span> <span class='ocrx_word' id='word_1_751' title='bbox 2337 3594 2573 3659; x_wconf 84' lang='lat' dir='ltr'><strong>genuinus</strong></span> <span class='ocrx_word' id='word_1_752' title='bbox 2592 3592 2674 3655; x_wconf 79' lang='lat' dir='ltr'><strong>nt,</strong></span> <span class='ocrx_word' id='word_1_753' title='bbox 2698 3592 2737 3642; x_wconf 84' lang='lat' dir='ltr'><strong>si</strong></span> <span class='ocrx_word' id='word_1_754' title='bbox 2761 3592 2872 3655; x_wconf 83' lang='lat' dir='ltr'><strong>quis</strong></span> <span class='ocrx_word' id='word_1_755' title='bbox 2894 3589 3063 3641; x_wconf 82' lang='lat' dir='ltr'><strong>mat-ris</strong></span> <span class='ocrx_word' id='word_1_756' title='bbox 3082 3602 3261 3640; x_wconf 85' lang='lat' dir='ltr'><strong>nomeu</strong></span> <span class='ocrx_word' id='word_1_757' title='bbox 3291 3590 3433 3651; x_wconf 86' lang='lat' dir='ltr'><strong>edat,</strong></span> <span class='ocrx_word' id='word_1_758' title='bbox 3458 3590 3537 3641; x_wconf 82' lang='lat' dir='ltr'><strong>sed</strong></span> <span class='ocrx_word' id='word_1_759' title='bbox 3565 3592 3601 3641; x_wconf 81' lang='lat' dir='ltr'><strong>si</strong></span> <span class='ocrx_word' id='word_1_760' title='bbox 3628 3606 3708 3641; x_wconf 78' lang='lat' dir='ltr'><strong>rem</strong></span> 
     </span>
     <span class='ocr_line' id='line_1_92' title="bbox 2186 3658 3772 3726; baseline -0.005 -9"><span class='ocrx_word' id='word_1_761' title='bbox 2186 3666 2440 3717; x_wconf 80' lang='lat' dir='ltr'><strong>continuet</strong></span> <span class='ocrx_word' id='word_1_762' title='bbox 2458 3666 2606 3715; x_wconf 86' lang='lat' dir='ltr'><strong>testes</strong></span> <span class='ocrx_word' id='word_1_763' title='bbox 2632 3660 2939 3726; x_wconf 87' lang='lat' dir='ltr'><strong>producendo</strong></span> <span class='ocrx_word' id='word_1_764' title='bbox 2972 3661 3226 3723; x_wconf 78' lang='lat' dir='ltr'><strong>cognatos,</strong></span> <span class='ocrx_word' id='word_1_765' title='bbox 3242 3658 3333 3722; x_wconf 85' lang='lat' dir='ltr'><strong>qui</strong></span> <span class='ocrx_word' id='word_1_766' title='bbox 3358 3661 3555 3710; x_wconf 86' lang='lat' dir='ltr'><strong>matrem</strong></span> <span class='ocrx_word' id='word_1_767' title='bbox 3588 3660 3711 3724; x_wconf 79' lang='lat' dir='ltr'><strong>ipsius</strong></span> <span class='ocrx_word' id='word_1_768' title='bbox 3771 3704 3772 3709; x_wconf 73' lang='grc'><strong>,</strong></span> 
     </span>
     <span class='ocr_line' id='line_1_93' title="bbox 2190 3718 3772 3797; baseline -0.006 -5"><span class='ocrx_word' id='word_1_769' title='bbox 2190 3742 2355 3792; x_wconf 84' lang='lat' dir='ltr'><strong>norint</strong></span> <span class='ocrx_word' id='word_1_770' title='bbox 2376 3752 2489 3790; x_wconf 85' lang='lat' dir='ltr'><strong>cum</strong></span> <span class='ocrx_word' id='word_1_771' title='bbox 2507 3738 2799 3788; x_wconf 81' lang='lat' dir='ltr'><strong>Euctemone</strong></span> <span class='ocrx_word' id='word_1_772' title='bbox 2821 3733 3031 3797; x_wconf 70' lang='lat' dir='ltr'><strong>legitime</strong></span> <span class='ocrx_word' id='word_1_773' title='bbox 3047 3732 3407 3783; x_wconf 73' lang='lat' dir='ltr'><strong>cohabitantem</strong></span> <span class='ocrx_word' id='word_1_774' title='bbox 3423 3769 3440 3795; x_wconf 90' lang='lat'>‚</span> <span class='ocrx_word' id='word_1_775' title='bbox 3462 3736 3510 3783; x_wconf 87' lang='lat' dir='ltr'><strong>et</strong></span> <span class='ocrx_word' id='word_1_776' title='bbox 3528 3733 3710 3784; x_wconf 64' lang='lat' dir='ltr'><strong>demotos</strong></span> <span class='ocrx_word' id='word_1_777' title='bbox 3770 3718 3772 3795; x_wconf 66' lang='lat' dir='ltr'><strong>J</strong></span> 
     </span>
     <span class='ocr_line' id='line_1_94' title="bbox 2185 3808 3772 3881; baseline -0.006 -14"><span class='ocrx_word' id='word_1_778' title='bbox 2185 3818 2235 3867; x_wconf 88' lang='lat' dir='ltr'><strong>et</strong></span> <span class='ocrx_word' id='word_1_779' title='bbox 2250 3816 2505 3881; x_wconf 83' lang='lat' dir='ltr'><strong>phratoras</strong></span> <span class='ocrx_word' id='word_1_780' title='bbox 2515 3850 2532 3877; x_wconf 89' lang='lat'><em>,</em></span> <span class='ocrx_word' id='word_1_781' title='bbox 2555 3825 2677 3877; x_wconf 84' lang='lat' dir='ltr'><strong>quos</strong></span> <span class='ocrx_word' id='word_1_782' title='bbox 2706 3822 2899 3861; x_wconf 84' lang='lat' dir='ltr'><strong>necesse</strong></span> <span class='ocrx_word' id='word_1_783' title='bbox 2918 3810 2991 3859; x_wconf 84' lang='lat' dir='ltr'><strong>est</strong></span> <span class='ocrx_word' id='word_1_784' title='bbox 3008 3808 3215 3859; x_wconf 75' lang='lat' dir='ltr'><strong>audiisse</strong></span> <span class='ocrx_word' id='word_1_785' title='bbox 3232 3808 3311 3859; x_wconf 79' lang='lat' dir='ltr'><strong>vel</strong></span> <span class='ocrx_word' id='word_1_786' title='bbox 3334 3808 3459 3859; x_wconf 82' lang='lat' dir='ltr'><strong>scire</strong></span> <span class='ocrx_word' id='word_1_787' title='bbox 3470 3845 3485 3869; x_wconf 94' lang='lat'><em>‚</em></span> <span class='ocrx_word' id='word_1_788' title='bbox 3503 3821 3611 3859; x_wconf 83' lang='lat' dir='ltr'><strong>uum</strong></span> <span class='ocrx_word' id='word_1_789' title='bbox 3630 3813 3709 3859; x_wconf 78' lang='lat' dir='ltr'><strong>Eu·</strong></span> <span class='ocrx_word' id='word_1_790' title='bbox 3771 3851 3772 3875; x_wconf 34' lang='grc' dir='ltr'><strong>γ</strong></span> 
     </span>
     <span class='ocr_line' id='line_1_95' title="bbox 2186 3880 3772 3955; baseline -0.005 -13"><span class='ocrx_word' id='word_1_791' title='bbox 2186 3895 2377 3945; x_wconf 86' lang='lat' dir='ltr'><strong>ctemon</strong></span> <span class='ocrx_word' id='word_1_792' title='bbox 2396 3904 2483 3955; x_wconf 86' lang='lat' dir='ltr'><strong>pro</strong></span> <span class='ocrx_word' id='word_1_793' title='bbox 2505 3890 2587 3939; x_wconf 80' lang='lat' dir='ltr'><strong>illa</strong></span> <span class='ocrx_word' id='word_1_794' title='bbox 2618 3887 2866 3951; x_wconf 86' lang='lat' dir='ltr'><strong>publicum</strong></span> <span class='ocrx_word' id='word_1_795' title='bbox 2884 3883 3127 3949; x_wconf 84' lang='lat' dir='ltr'><strong>quendam</strong></span> <span class='ocrx_word' id='word_1_796' title='bbox 3148 3885 3405 3946; x_wconf 80' lang='lat' dir='ltr'><strong>sumptum</strong></span> <span class='ocrx_word' id='word_1_797' title='bbox 3424 3884 3599 3935; x_wconf 76' lang='lat' dir='ltr'><strong>lecerit:</strong></span> <span class='ocrx_word' id='word_1_798' title='bbox 3618 3897 3711 3947; x_wconf 78' lang='lat' dir='ltr'><strong>prae·</strong></span> <span class='ocrx_word' id='word_1_799' title='bbox 3771 3880 3772 3943; x_wconf 57' lang='grc' dir='ltr'>ἔ</span> 
     </span>
     <span class='ocr_line' id='line_1_96' title="bbox 2186 3958 3709 4033; baseline -0.009 -13"><span class='ocrx_word' id='word_1_800' title='bbox 2186 3970 2333 4033; x_wconf 84' lang='lat' dir='ltr'><strong>terea,</strong></span> <span class='ocrx_word' id='word_1_801' title='bbox 2350 3966 2545 4017; x_wconf 85' lang='lat' dir='ltr'><strong>ubinam</strong></span> <span class='ocrx_word' id='word_1_802' title='bbox 2560 3962 2745 4027; x_wconf 84' lang='lat' dir='ltr'><strong>sepulta</strong></span> <span class='ocrx_word' id='word_1_803' title='bbox 2758 3961 2840 4024; x_wconf 85' lang='lat' dir='ltr'><strong>sit,</strong></span> <span class='ocrx_word' id='word_1_804' title='bbox 2856 3972 3181 4023; x_wconf 84' lang='lat' dir='ltr'><strong>quorumnam</strong></span> <span class='ocrx_word' id='word_1_805' title='bbox 3199 3959 3251 4007; x_wconf 86' lang='lat' dir='ltr'><strong>in</strong></span> <span class='ocrx_word' id='word_1_806' title='bbox 3264 3959 3491 4009; x_wconf 82' lang='lat' dir='ltr'><strong>tumulis:</strong></span> <span class='ocrx_word' id='word_1_807' title='bbox 3512 3958 3599 4021; x_wconf 76' lang='lat'>(65)</span> <span class='ocrx_word' id='word_1_808' title='bbox 3612 3972 3709 4007; x_wconf 87' lang='lat' dir='ltr'><strong>num</strong></span> 
     </span>
     <span class='ocr_line' id='line_1_97' title="bbox 2186 4034 3710 4109; baseline -0.009 -12"><span class='ocrx_word' id='word_1_809' title='bbox 2186 4048 2294 4109; x_wconf 79' lang='lat' dir='ltr'><strong>quis</strong></span> <span class='ocrx_word' id='word_1_810' title='bbox 2336 4040 2639 4108; x_wconf 79' lang='lat' dir='ltr'><strong>conspexerit</strong></span> <span class='ocrx_word' id='word_1_811' title='bbox 2668 4042 3011 4089; x_wconf 84' lang='lat' dir='ltr'><strong>Euctemonem</strong></span> <span class='ocrx_word' id='word_1_812' title='bbox 3048 4036 3093 4085; x_wconf 88' lang='lat' dir='ltr'><strong>ei</strong></span> <span class='ocrx_word' id='word_1_813' title='bbox 3125 4036 3256 4098; x_wconf 72' lang='lat' dir='ltr'><strong>iusta</strong></span> <span class='ocrx_word' id='word_1_814' title='bbox 3301 4036 3545 4086; x_wconf 77' lang='lat' dir='ltr'><strong>facientem</strong></span> <span class='ocrx_word' id='word_1_815' title='bbox 3576 4054 3587 4085; x_wconf 69' lang='grc' dir='ltr'><strong>ι</strong></span> <span class='ocrx_word' id='word_1_816' title='bbox 3626 4034 3710 4083; x_wconf 82' lang='lat' dir='ltr'><strong>ubi-</strong></span> 
     </span>
     <span class='ocr_line' id='line_1_98' title="bbox 2188 4108 3707 4181; baseline -0.011 -8"><span class='ocrx_word' id='word_1_817' title='bbox 2188 4136 2301 4173; x_wconf 86' lang='lat' dir='ltr'><strong>nam</strong></span> <span class='ocrx_word' id='word_1_818' title='bbox 2323 4120 2465 4171; x_wconf 88' lang='lat' dir='ltr'><strong>liberi</strong></span> <span class='ocrx_word' id='word_1_819' title='bbox 2486 4115 2765 4181; x_wconf 55' lang='lat' dir='ltr'><strong>superstit&amp;</strong></span> <span class='ocrx_word' id='word_1_820' title='bbox 2796 4112 2987 4164; x_wconf 80' lang='lat' dir='ltr'><strong>inferias</strong></span> <span class='ocrx_word' id='word_1_821' title='bbox 3018 4112 3250 4173; x_wconf 60' lang='lat' dir='ltr'><strong>insen-ann</strong></span> <span class='ocrx_word' id='word_1_822' title='bbox 3274 4111 3324 4161; x_wconf 89' lang='lat' dir='ltr'><strong>et</strong></span> <span class='ocrx_word' id='word_1_823' title='bbox 3341 4110 3532 4175; x_wconf 86' lang='lat' dir='ltr'><strong>quinam</strong></span> <span class='ocrx_word' id='word_1_824' title='bbox 3558 4108 3707 4159; x_wconf 81' lang='lat' dir='ltr'><strong>civium</strong></span> 
     </span>
     <span class='ocr_line' id='line_1_99' title="bbox 2187 4182 3707 4252; baseline -0.013 -1"><span class='ocrx_word' id='word_1_825' title='bbox 2187 4203 2273 4252; x_wconf 88' lang='lat' dir='ltr'><strong>aut</strong></span> <span class='ocrx_word' id='word_1_826' title='bbox 2298 4199 2587 4251; x_wconf 78' lang='lat' dir='ltr'><strong>ramulorum</strong></span> <span class='ocrx_word' id='word_1_827' title='bbox 2610 4190 2915 4244; x_wconf 84' lang='lat' dir='ltr'><strong>Euctemonis</strong></span> <span class='ocrx_word' id='word_1_828' title='bbox 2934 4190 3025 4239; x_wconf 83' lang='lat' dir='ltr'><strong>ista</strong></span> <span class='ocrx_word' id='word_1_829' title='bbox 3048 4186 3237 4237; x_wconf 81' lang='lat' dir='ltr'><strong>viderit.</strong></span> <span class='ocrx_word' id='word_1_830' title='bbox 3300 4189 3419 4236; x_wconf 80' lang='lat' dir='ltr'><strong>Roec</strong></span> <span class='ocrx_word' id='word_1_831' title='bbox 3438 4184 3558 4234; x_wconf 86' lang='lat' dir='ltr'><strong>enim</strong></span> <span class='ocrx_word' id='word_1_832' title='bbox 3574 4182 3707 4233; x_wconf 78' lang='lat' dir='ltr'><strong>omnia</strong></span> 
     </span>
     <span class='ocr_line' id='line_1_100' title="bbox 2189 4260 3705 4344; baseline -0.015 -13"><span class='ocrx_word' id='word_1_833' title='bbox 2189 4280 2473 4344; x_wconf 78' lang='lat' dir='ltr'><strong>argumenta</strong></span> <span class='ocrx_word' id='word_1_834' title='bbox 2488 4288 2592 4325; x_wconf 89' lang='lat' dir='ltr'><strong>rem</strong></span> <span class='ocrx_word' id='word_1_835' title='bbox 2620 4268 2949 4329; x_wconf 84' lang='lat' dir='ltr'><strong>conficientia,</strong></span> <span class='ocrx_word' id='word_1_836' title='bbox 2966 4280 3064 4316; x_wconf 90' lang='lat' dir='ltr'><strong>non</strong></span> <span class='ocrx_word' id='word_1_837' title='bbox 3083 4278 3199 4315; x_wconf 80' lang='lat' dir='ltr'><strong>vero</strong></span> <span class='ocrx_word' id='word_1_838' title='bbox 3224 4263 3442 4313; x_wconf 72' lang='lat' dir='ltr'><strong>convicia</strong></span> <span class='ocrx_word' id='word_1_839' title='bbox 3462 4264 3580 4313; x_wconf 81' lang='lat' dir='ltr'><strong>sunt.</strong></span> <span class='ocrx_word' id='word_1_840' title='bbox 3637 4260 3705 4311; x_wconf 74' lang='lat' dir='ltr'><strong>His</strong></span> 
     </span>
     <span class='ocr_line' id='line_1_101' title="bbox 2188 4343 3700 4423; baseline -0.013 -13"><span class='ocrx_word' id='word_1_841' title='bbox 2188 4360 2301 4423; x_wconf 80' lang='lat' dir='ltr'><strong>ipsis</strong></span> <span class='ocrx_word' id='word_1_842' title='bbox 2320 4359 2383 4408; x_wconf 90' lang='lat' dir='ltr'><strong>de</strong></span> <span class='ocrx_word' id='word_1_843' title='bbox 2406 4356 2549 4407; x_wconf 84' lang='lat' dir='ltr'><strong>rebus</strong></span> <span class='ocrx_word' id='word_1_844' title='bbox 2567 4354 2607 4404; x_wconf 81' lang='lat' dir='ltr'><strong>si</strong></span> <span class='ocrx_word' id='word_1_845' title='bbox 2625 4349 2957 4415; x_wconf 80' lang='lat' dir='ltr'><strong>postulabitis,</strong></span> <span class='ocrx_word' id='word_1_846' title='bbox 2974 4346 3181 4409; x_wconf 59' lang='lat' dir='ltr'><strong>iudica,</strong></span> <span class='ocrx_word' id='word_1_847' title='bbox 3200 4345 3265 4395; x_wconf 88' lang='lat' dir='ltr'><strong>ab</strong></span> <span class='ocrx_word' id='word_1_848' title='bbox 3284 4358 3345 4395; x_wconf 86' lang='lat' dir='ltr'><strong>eo</strong></span> <span class='ocrx_word' id='word_1_849' title='bbox 3362 4343 3517 4393; x_wconf 85' lang='lat' dir='ltr'><strong>doceri</strong></span> <span class='ocrx_word' id='word_1_850' title='bbox 3529 4378 3543 4404; x_wconf 87' lang='lat'><strong>,</strong></span> <span class='ocrx_word' id='word_1_851' title='bbox 3560 4354 3700 4404; x_wconf 85' lang='lat' dir='ltr'><strong>quem·</strong></span> 
     </span>
     <span class='ocr_line' id='line_1_102' title="bbox 2189 4421 3701 4489; baseline -0.013 -1"><span class='ocrx_word' id='word_1_852' title='bbox 2189 4434 2453 4489; x_wconf 87' lang='lat' dir='ltr'><strong>admodum</strong></span> <span class='ocrx_word' id='word_1_853' title='bbox 2490 4446 2571 4483; x_wconf 80' lang='lat' dir='ltr'><strong>eas</strong></span> <span class='ocrx_word' id='word_1_854' title='bbox 2594 4432 2645 4481; x_wconf 91' lang='lat' dir='ltr'><strong>in</strong></span> <span class='ocrx_word' id='word_1_855' title='bbox 2666 4426 2984 4480; x_wconf 81' lang='lat' dir='ltr'><strong>obtestatione</strong></span> <span class='ocrx_word' id='word_1_856' title='bbox 3014 4424 3328 4484; x_wconf 73' lang='lat' dir='ltr'><strong>asseveravit,</strong></span> <span class='ocrx_word' id='word_1_857' title='bbox 3358 4424 3409 4472; x_wconf 90' lang='lat' dir='ltr'><strong>et</strong></span> <span class='ocrx_word' id='word_1_858' title='bbox 3429 4434 3525 4470; x_wconf 78' lang='lat' dir='ltr'><strong>-vos</strong></span> <span class='ocrx_word' id='word_1_859' title='bbox 3548 4421 3701 4469; x_wconf 75' lang='lat' dir='ltr'><strong>seniten-</strong></span> 
     </span>
     <span class='ocr_line' id='line_1_103' title="bbox 2188 4495 3697 4563; baseline -0.014 1"><span class='ocrx_word' id='word_1_860' title='bbox 2188 4512 2309 4563; x_wconf 86' lang='lat' dir='ltr'><strong>tiam</strong></span> <span class='ocrx_word' id='word_1_861' title='bbox 2326 4510 2487 4561; x_wconf 84' lang='lat' dir='ltr'><strong>seretis</strong></span> <span class='ocrx_word' id='word_1_862' title='bbox 2504 4508 2719 4560; x_wconf 82' lang='lat' dir='ltr'><strong>sanctam</strong></span> <span class='ocrx_word' id='word_1_863' title='bbox 2740 4506 2791 4554; x_wconf 87' lang='lat' dir='ltr'><strong>et</strong></span> <span class='ocrx_word' id='word_1_864' title='bbox 2808 4501 3075 4555; x_wconf 82' lang='lat' dir='ltr'><strong>secundum</strong></span> <span class='ocrx_word' id='word_1_865' title='bbox 3098 4500 3225 4563; x_wconf 79' lang='lat' dir='ltr'><strong>leges</strong></span> <span class='ocrx_word' id='word_1_866' title='bbox 3236 4538 3250 4563; x_wconf 87' lang='lat'>,</span> <span class='ocrx_word' id='word_1_867' title='bbox 3268 4500 3319 4549; x_wconf 87' lang='lat' dir='ltr'><strong>et</strong></span> <span class='ocrx_word' id='word_1_868' title='bbox 3342 4497 3393 4548; x_wconf 87' lang='lat' dir='ltr'><strong>hi</strong></span> <span class='ocrx_word' id='word_1_869' title='bbox 3420 4495 3525 4559; x_wconf 84' lang='lat' dir='ltr'><strong>jure</strong></span> <span class='ocrx_word' id='word_1_870' title='bbox 3542 4508 3621 4545; x_wconf 84' lang='lat' dir='ltr'><strong>suo</strong></span> <span class='ocrx_word' id='word_1_871' title='bbox 3638 4506 3697 4557; x_wconf 85' lang='lat' dir='ltr'><strong>po·</strong></span> 
     </span>
    </p>
   </div>
   <div class='ocr_carea' id='block_1_7' title="bbox 2188 4590 2384 4641">
    <p class='ocr_par' dir='ltr' id='par_1_7' title="bbox 2188 4590 2384 4641">
     <span class='ocr_line' id='line_1_104' title="bbox 2188 4590 2384 4641; baseline -0.01 0"><span class='ocrx_word' id='word_1_872' title='bbox 2188 4590 2384 4641; x_wconf 84' lang='lat' dir='ltr'><strong>tientur.</strong></span> 
     </span>
    </p>
   </div>
   <div class='ocr_carea' id='block_1_8' title="bbox 3768 1984 3778 2831">
    <p class='ocr_par' dir='ltr' id='par_1_8' title="bbox 3768 1984 3778 2831">
     <span class='ocr_line' id='line_1_105' title="bbox 3768 1984 3778 2831; baseline 0 0"><span class='ocrx_word' id='word_1_873' title='bbox 3768 1984 3778 2831; x_wconf 95' lang='lat' dir='ltr'><strong> </strong></span> 
     </span>
    </p>
   </div>
  </div>
 </body>
</html>
