3825 5842
120 462 359 543 ‹ns-22⁸)

118 600 275 664 ἐκεῖνος
288 592 567 667 κατάλιπε,
585 592 677 652 καὶ
698 589 845 652 οὐδὲν
872 588 1157 673 φάσκοντος
1181 588 1635 665 καταλελοιπέναι,

66 708 101 747 ιο
117 686 365 765 βιάσασθαι
408 682 505 761 μὲν
557 680 647 740 καὶ
693 679 781 740 τὸν
829 679 1049 738 πάππον
1094 678 1401 762 μεταφέρειν
1439 682 1491 738 ἐν
1526 684 1638 747 ταῖς

114 771 343 840 τοιαύταις
358 769 623 853 ἀκαιρίαις
642 771 732 828 οὐκ
752 766 903 851 ᾤμην
923 769 1047 849 δεῖν,
1063 772 1166 827 τῶν
1186 767 1348 850 φίλων
1371 790 1457 847 μοι
1472 774 1637 827 ταῦτα

118 860 559 941 στι-(γινωσκόντων,
589 856 891 918 συνεποίουν
916 855 969 915 δὲ
994 856 1083 914 καὶ
1115 857 1458 935 συνέθαπτον,
1488 856 1539 925 ἔξ
1566 848 1637 917 ὧν

117 956 139 1009 δ
178 950 373 1017 πάππος
424 946 679 1008 κατέλιπε
749 948 854 1005 τῶν
912 945 1271 1023 ἀναλωμάτων
1321 942 1629 1025 γινομένων.

122 1042 195 1117 (aa)
222 1038 319 1099 Καὶ
346 1042 511 1096 ταῦτα
544 1034 637 1113 μὲν
676 1033 836 1101 οὕτως
873 1032 1211 1112 ἀναγκασθεὶς
1238 1031 1435 1113 ἔπραξα
1462 1038 1639 1093 τοῦτον

118 1127 187 1185 τὸν
196 1126 385 1206 τρόπον·
414 1124 555 1189 ὅπως
568 1119 797 1199 δὲ’μηδέν
812 1144 913 1200 μου
929 1120 1093 1201 ταύτῃ
1122 1123 1497 1199 πλεονεκτοῖεν,
1510 1124 1635 1202 παρ’

119 1218 219 1289 ὑμῖν
243 1212 519 1295 φάσκοντες
547 1210 689 1270 οὐδέν
734 1234 799 1288 με
836 1211 907 1276 εἰς
932 1209 1031 1281 τὴν
1067 1208 1235 1291 ταφὴν
1283 1208 1639 1287 ἀνηλωκέναι,

64 1324 97 1365 ις,
120 1301 191 1359 τὸν
224 1297 467 1377 ἐξηγητὴν
498 1298 735 1380 ἐρόμενος
774 1296 967 1356 ἐκείνου
1014 1296 1353 1363 κελεύσαντος
1392 1295 1640 1368 ἀνήλωσα

118 1394 220 1469 παρ’
240 1392 460 1467 ἐμαυτοῦ
488 1387 579 1447 καὶ
622 1386 689 1444 τὰ
714 1385 871 1445 ἔνατα
900 1384 1159 1464 ἕπήνεγκα
1180 1432 1197 1465 ,
1222 1388 1293 1453 ὡς
1320 1376 1483 1444 οἷόντε
1510 1384 1641 1445 κάλ·

117 1480 243 1536 λιστα
282 1474 719 1558 παρασκευάσας,
766 1472 851 1532 ἵνα
901 1476 1071 1533 αὐτῶν
1116 1473 1399 1557 ἐκκόψαιμι
1446 1470 1641 1546 ταύτην

116 1565 194 1637 τὴν
212 1564 515 1645 ἱεροσυλίαν,
541 1562 631 1623 καὶ
658 1561 744 1622 ἵνα
768 1559 843 1640 μὴ
876 1563 1069 1622 δοκοῖεν
1091 1554 1233 1622 οὗτοι
1261 1565 1355 1641 μὲν
1378 1560 1641 1636 ἀνηλωκέ·

116 1676 187 1711 ναι
208 1654 401 1726 πάντα,
428 1650 533 1731 ἐγὼ
558 1650 611 1710 δὲ
641 1650 806 1724 οὐδέν,
836 1652 954 1709 ἀλλ’
978 1649 1167 1730 ὁμοίως
1196 1650 1361 1731 κάγώ.

180 1763 240 1801 ⁴⁰.
280 1740 389 1802 Καὶ
411 1739 480 1800 τὰ
506 1739 600 1818 μὲν
630 1737 975 1818 γεγενημένα,
998 1736 1091 1797 καὶ
1113 1738 1181 1797 δι’
1204 1738 1239 1797 ἃ
1265 1738 1331 1798 τὰ
1353 1738 1641 1817 πράγματα

118 1830 239 1889 ταῦτ’
286 1830 505 1910 ἔχομεν,
554 1827 735 1908 σχεδόν
785 1849 838 1885 τι
884 1826 1037 1885 ταῦτ’
1074 1825 1214 1886 ἐστίν
1234 1872 1250 1904 ,
1300 1816 1345 1885 ὦ
1374 1826 1566 1907 ἄνδρες
1596 1826 1643 1885 εἰ

118 1918 163 1975 δὲ
194 1916 401 1991 εἰδείητε
426 1916 525 1989 τὴν
563 1914 840 1982 Διοκλέους
862 1914 1270 1994 ἀναισχυντίαν,
1300 1914 1390 1973 καὶ
1426 1915 1547 1996 περὶ
1574 1913 1641 1973 τὰ

61 2020 96 2059 ω
116 2005 231 2063 ἄλλα
250 1998 351 2073 οἶός
378 2008 543 2077 ἔστιν,
580 2006 675 2063 οὐκ
713 2002 775 2063 ἂν
805 2002 1095 2075 ἀπιστῆσαι
1117 2026 1193 2071 τις
1214 2006 1320 2061 τῶν
1357 2006 1468 2083 εῖρη
1524 2002 1640 2061 ’νων

116 2092 275 2153 οὐδενί.
358 2084 523 2159 Οὗτος
566 2090 659 2168 μὲν
686 2089 789 2170 γὰρ
828 2088 939 2168 ἔχει
975 2088 1069 2161 τὴν
1107 2087 1287 2149 οὐσίαν
1304 2136 1320 2163 ‚
1349 2088 1438 2169 ἀφ’
1502 2113 1525 2155 ς
1550 2093 1641 2147 νῦν

120 2183 209 2239 ἐστι
233 2180 496 2261 λαμπρός,
525 2178 827 2258 ἀλλοτρίαν,
862 2179 1096 2259 ἀδελφῶν
1120 2181 1277 2257 τριῶν
1302 2176 1641 2258 ὁμομητρίων

120 2267 379 2349 ἐπικλήρων
446 2267 890 2347 καταλειφθεισῶν
945 2263 1099 2323 αὑτὸν
1138 2268 1213 2343 τῷ
1259 2262 1421 2343 πατρὶ
1469 2266 1639 2323 αὐτῶν

116 2354 413 2429 εἰσποιήσας,
434 2352 686 2431 οὐδεμίαν
711 2352 909 2412 ἐκείνου
924 2351 1265 2433 περὶτούτων
1286 2350 1641 2429 ποιησαμένου

116 2444 353 2517 διαθήκην.
420 2444 515 2521 (41)
542 2444 675 2503 Ταῖν
706 2444 750 2500 δ’
779 2443 1028 2522 ἀδελφαῒν
1054 2449 1171 2500 ταῖν
1202 2440 1341 2499 δυοῖν
1372 2440 1549 2511 ἐπειδὴ
1573 2438 1641 2499 τὰ

114 2530 333 2609 χρήματα
379 2528 755 2610 εἰσεπράττετο
802 2527 905 2586 ὑπὸ
948 2530 1053 2586 τῶν
1095 2530 1313 2595 ἐκείναις
1347 2526 1641 2587 συνοικούν-

112 2641 221 2693 των,
242 2618 323 2678 τὸν
352 2618 453 2697 μὲν
476 2617 569 2689 τὴν
596 2615 957 2698 πρεσὸυτέραν
983 2615 1171 2696 ἔχοντα
1194 2614 1643 2693 κατοικοδομήσας

59 2722 91 2761 r,
114 2706 188 2765 καὶ
222 2706 592 2772 ἐπιδουλεῦσας
620 2704 885 2781 ἠτίμωσε,
931 2704 1023 2763 καὶ
1051 2702 1255 2787 γραφὴν
1282 2702 1477 2785 ὕὸρεως
1504 2726 1641 2785 γρα-

116 2796 203 2873 φεὶς
224 2796 417 2856 οὐδέπω
439 2795 639 2856 τούτων
666 2794 813 2868 δίκην
841 2794 1065 2868 δέδωκε,
1090 2798 1180 2865 τῆς
1211 2794 1265 2853 δὲ
1296 2794 1415 2871 μετ’
1443 2792 1640 2866 ἐκείνην

114 2886 358 2960 γενομένης
413 2882 508 2943 τὸν
561 2884 723 2963 ἄνδρα
772 2882 1077 2941 ἀποκτεῖναι
1132 2879 1382 2947 κελεύσας
1435 2880 1641 2953 οἰκέτην

115 2976 275 3030 ἐκεῖνον
300 2973 391 3051 μὲν
424 2970 725 3053 ἐξέπεμψε,
762 2967 857 3041 τὴν
888 2972 934 3028 δ’
967 2968 1138 3028 αἰτίαν
1181 2970 1252 3036 εἷς
1287 2966 1383 3041 τὴν
1411 2968 1639 3051 ἀδελφὴν

114 3059 291 3142 ἔτρεψε,
338 3063 433 3141 (ια)
481 3056 826 3132 καταπλήξας
873 3056 928 3115 δὲ
974 3064 1089 3125 ταῖς
1136 3060 1293 3115 αὑτοῦ
1356 3055 1645 3139 βδελυρίαις

114 3148 491 3230 προσαφῄρηται
517 3148 607 3207 τὸν
646 3146 753 3206 υἱὸν
790 3148 947 3206 αὐτοῦ
988 3144 1085 3216 τὴν
1114 3145 1297 3216 οὐσίαν
1336 3144 1642 3225 ἐπιτροπεύ·

114 3258 215 3310 σας,
240 3238 325 3296 καὶ
351 3235 578 3315 κατέχει
599 3234 689 3295 τὸν
716 3232 873 3315 ἀγρόν
890 3278 907 3307 ,
931 3230 1124 3315 φελλέα
1151 3232 1204 3291 δὲ
1229 3231 1407 3315 ἐκείνῳ
1432 3232 1640 3295 δέδωκε.

56 3337 87 3374 ²⁰
112 3322 201 3381 Καὶ
224 3330 383 3383 ταῦτα
410 3323 499 3381 ὅτι
527 3325 699 3395 ἀληθῆ
734 3322 907 3399 λέγω,
947 3320 1146 3379 δεδίασι
1175 3318 1270 3397 μὲν
1307 3318 1492 3397 αὐτόν,
1519 3320 1645 3388 ἴσως

114 3408 147 3465 δ’
182 3410 233 3469 ἀν
261 3436 345 3489 μοι
370 3411 469 3472 καὶ
498 3414 831 3490 μαρτυρῆσαι
876 3408 1195 3481 ἐθελήσειαν·
1222 3408 1269 3466 εἰ
1306 3406 1362 3466 δὲ
1387 3406 1463 3485 μή
1480 3453 1496 3485 ,
1524 3407 1642 3476 τοὺς

113 3500 280 3567 εἰδότας
308 3499 612 3581 παρέξομαι
658 3497 943 3579 μάρτυρας.
974 3520 991 3550 τ
1029 3495 1139 3557 Καί
1184 3519 1273 3575 μοι
1314 3496 1464 3556 κάλει
1494 3498 1643 3578 δεῦρο

116 3584 270 3654 αὐτοὺς
300 3592 539 3667 πρῶτον.
1018 3600 1026 3611 “

698 3724 1043 3772 ΜΔΡΤΥΡΕΣὲ

174 3874 237 3913 43.
262 3854 421 3915 Οὕτω
448 3851 626 3912 τοίνυν
648 3848 871 3929 ἀσελγὴς
896 3846 967 3908 ὢν
988 3848 1081 3909 καὶ
1121 3848 1285 3929 βίαιος
1305 3847 1393 3906 καὶ
1420 3848 1514 3919 τὴν
1544 3850 1646 3908 τῶν

114 3941 315 4023 ἀδελφῶν
342 3942 531 4002 οὐσίαν
562 3937 937 4021 ἀπεστερηκὼς
970 3940 1065 3997 οὔκ
1101 3940 1284 4017 ἀγαπᾷ
1329 3934 1397 3993 τὰ
1439 3936 1645 3995 ἐκείνων

112 4024 251 4105 ἔχων,
286 4032 405 4089 ἀλλ’
441 4028 527 4089 ὅτι
563 4027 713 4100 δίκην
748 4025 993 4105 οὐδεμίαν
1033 4026 1201 4084 αὐτῶν
1232 4024 1485 4102 δέδωκεν,
1529 4023 1647 4096 ἥκει

112 4114 185 4173 καὶ
206 4116 267 4175 τὰ
285 4123 373 4176 τοῦ
402 4115 633 4176 πάππου
656 4113 909 4196 χρήματα
948 4118 1089 4191 ἡμᾶς
1123 4110 1526 4191 ἀποστερήσων,
1556 4108 1646 4169 καὶ

56 4204 97 4263 ἷ4
114 4204 253 4287 τούτῳ
292 4206 381 4266 δύο
424 4214 563 4283 μνᾶς
612 4205 709 4282 (ὣς
752 4201 1043 4280 ἀκούομεν)
1093 4200 1253 4279 μόνας
1308 4198 1542 4267 δεδωκὼς
1588 4201 1645 4257 οὗ

114 4292 242 4365 μόνον
268 4294 387 4375 περὶ
430 4280 729 4375 χρημάτων
774 4296 918 4368 ἡμᾶς
959 4288 1093 4349 ἀλλὰ
1140 4288 1232 4347 καὶ
1258 4287 1380 4368 περὶ
1418 4292 1512 4361 τῆς
1550 4310 1648 4345 πα-

114 4380 255 4460 τρίδος
274 4386 343 4451 εἰς
373 4382 647 4448 κινδύνους
688 4378 1015 4451 καθίστησιν.
1098 4374 1229 4439 Ἐὰν
1257 4375 1359 4457 γὰρ
1388 4374 1645 4447 ἐξαπατη-

116 4472 215 4539 θῆτε
256 4475 398 4548 ὑμεῖς
445 4468 747 4536 πεισθέντες
775 4471 843 4536 ὣς
875 4472 909 4539 ἡ
944 4465 1120 4546 μήτηρ
1150 4468 1301 4542 ἡμῶν
1333 4465 1427 4524 οὐκ
1453 4455 1518 4535 ἦν
1547 4486 1648 4523 πο-

116 4556 252 4633 λῖτις,
279 4561 385 4617 οὐδ’
421 4560 575 4635 ἡμεῖς
600 4560 779 4634 ἐσμεν·
810 4558 925 4634 μετ’
954 4552 1251 4625 Εὐκλείδην
1288 4550 1389 4631 γὰρ
1420 4550 1647 4632 ἄρχοντα

118 4644 393 4722 γεγόναμεν.
478 4635 541 4705 *A
552 4667 621 4724 ρα
654 4642 775 4724 περὶ
803 4646 1003 4722 μικρῶν
1030 4645 1182 4701 τινῶν
1212 4644 1337 4718 ἡμῖν
1360 4639 1447 4698 τὸν
1470 4642 1647 4718 ἀγῶνα

118 4734 479 4811 κατεσκεύακε,
530 4732 621 4810 (⁴4)
650 4731 759 4793 Καὶ
801 4735 989 4801 ζῶντος
1032 4726 1127 4808 μὲν
1168 4734 1257 4789 τοῦ
1302 4726 1519 4787 πάππου
1559 4729 1649 4786 καὶ

74 4836 95 4873 s
120 4824 193 4875 τοῦ
210 4821 399 4899 πατρὸς
422 4820 675 4897 οὐδεμίαν
704 4818 875 4879 αἰτίαν
901 4820 1142 4899 εἴχομεν,
1176 4815 1293 4875 ἀλλ’
1322 4814 1651 4895 ἀναμφισὸἤ·

124 4928 243 4977 τςτοι
268 4908 353 4969 τὸν
382 4908 602 4969 ἅπαντα
628 4907 814 4988 χρόνον
843 4904 1225 4983 διετελέσαμεν·
1257 4902 1435 4975 ἐπειδὴ
1462 4904 1505 4962 δ’
1526 4906 1649 4962 ἐκεῖ·

126 5016 187 5053 νοι
208 4997 629 5070 τετελευτήκασι,
660 4994 755 5055 κᾶν
779 5001 869 5056 νῦν
896 4994 1220 5072 νικήσωμεν,
1241 4992 1429 5059 ὄνειδος
1452 4990 1647 5063 ἕξομεν,

128 5082 233 5141 διότι
254 5084 765 5169 {laetorius-vienna,
806 5082 892 5144 διὰ
926 5084 1015 5144 τὀν
1061 5081 1317 5164 Ὀρέστην
1349 5086 1529 5140 τοῦτον
1562 5078 1649 5139 τὸν

132 5178 275 5242 κακῶς
314 5174 673 5253 ἀπολούμενον
692 5218 711 5251 ,
759 5166 815 5241 ὃς
867 5172 1047 5253 μοιχὸς
1088 5170 1297 5253 ληφθεὶς
1333 5170 1423 5229 καὶ
1468 5165 1649 5227 παθὼν

132 5257 212 5316 ὅτι
230 5262 473 5343 προσήκει
492 5260 617 5330 τοὺς
636 5260 702 5321 τὰ
718 5267 934 5322 τοιαῦτα
957 5266 1230 5326 ποιοῦντας
1252 5258 1355 5317 οὐδ’
1379 5256 1447 5326 ὣς
1477 5259 1653 5317 ἀπαλ-

978 458 1153 519 ISAEI
1194 456 1319 521 OB.
1362 456 1465 519 DE
1506 456 1817 523 CIRONIS
1856 462 2362 527 HEREDITATE.

3165 486 3276 540 297

1730 600 1824 654 bac
1848 604 1899 655 et
1925 606 2159 658 universis
2175 606 2238 658 de
2253 606 2392 659 bonis
2419 608 2606 660 Gitonis
2631 609 3008 663 controversiam
3025 612 3142 665 mibi
3167 627 3280 667 mo-

1729 684 1871 733 vente
1884 720 1899 746 ‚
1921 687 2068 748 atque
2083 688 2286 750 negante
2311 686 2374 737 ab
2395 700 2488 737 avo
2507 689 2770 751 quicquam
2793 690 3016 742 relictum
3048 706 3173 755 esse,
3199 708 3282 757 per

1732 760 1829 809 vim
1862 763 2058 825 quidem
2084 776 2258 828 eorpus
2273 766 2353 815 avi
2369 779 2434 815 ex
2463 765 2545 815 illa
2577 765 2724 816 domo
2743 768 2792 817 in
2816 781 2974 818 meam
2996 771 3282 835 transferre,

1726 839 1942 902 tempore
1959 843 2058 891 tam
2079 842 2422 906 inopportuno,
2445 844 2665 893 nolebam
2679 882 2692 907 ,
2714 845 2880 895 amicis
2909 846 3000 897 hoc
3029 850 3283 903 consilium

1728 928 1889 967 meum
1915 918 2232 981 probantibus
2245 936 2262 982 ;
2297 924 2630 971 verumtamen
2647 935 2744 971 una
2759 922 2904 973 sunus
2934 927 3098 975 curavi
3117 929 3166 977 et
3187 942 3285 980 una

1727 1004 1980 1065 exsequias
2000 1002 2067 1052 ivi
2095 1018 2108 1051 ε
2135 1007 2358 1067 sumptus
2389 1018 2420 1055 e
2446 1005 2584 1056 bonis
2605 1006 2670 1056 ab
2698 1020 2792 1057 avo
2813 1008 2996 1059 relictis
3015 1009 3285 1077 deprompti

1728 1089 1857 1137 sunt.
1912 1088 2011 1151 (39)
2043 1090 2130 1140 His
2161 1090 2426 1141 rationibus
2459 1093 2622 1141 motus
2673 1094 2723 1142 et
2757 1096 2952 1145 coactus
2981 1095 3154 1159 itaegi;
3187 1112 3286 1161 quo

1727 1170 1890 1219 tamen
1908 1169 2002 1220 illis
2019 1171 2136 1221 nihil
2169 1172 2414 1235 prodesset
2447 1174 2530 1223 illa
2553 1174 2773 1225 machina
2797 1176 2851 1224 ut
2870 1188 3032 1225 coram
3055 1178 3193 1227 vobis
3209 1178 3286 1241 ia-

1729 1254 1915 1304 ctarent
1933 1268 2011 1304 me
2029 1256 2146 1306 nihil
2165 1256 2228 1307 ad
2247 1257 2426 1307 funeris
2443 1259 2666 1320 sumptus
2688 1259 2943 1309 contulisse
2957 1297 2973 1324 ,
3007 1260 3068 1311 de
3089 1263 3286 1313 consilio

1728 1338 2000 1403 interpretis
2018 1342 2300 1404 religionum
2321 1356 2466 1405 quem
2490 1344 2763 1393 consultum
2781 1345 2928 1394 ieram
2941 1380 2960 1407 ,
2983 1345 3046 1396 de
3061 1358 3169 1396 meo
3191 1360 3288 1399 aere

1728 1422 1950 1482 sumptus
1973 1422 2160 1484 erogavi
2192 1423 2242 1472 et
2271 1422 2592 1473 novemdialia
2623 1424 2672 1474 in
2694 1425 2941 1477 tumulum
2970 1424 3112 1477 intuli
3139 1439 3288 1492 quam

1730 1502 1994 1553 lautissime
2012 1506 2223 1567 poteram
2239 1540 2256 1566 ‚
2275 1518 2374 1568 quo
2392 1505 2691 1567 sacrilegium
2711 1506 2802 1555 hoc
2819 1506 3106 1558 discuterem
3124 1510 3172 1561 et
3189 1524 3289 1574 quo

1730 1588 1781 1639 bi
1798 1603 1859 1639 ne
1877 1590 2154 1641 viderentur
2167 1590 2344 1653 omnia,
2361 1604 2446 1655 ego
2466 1592 2626 1641 autem
2642 1590 2760 1641 nibil
2779 1591 3062 1656 impendisse
3081 1595 3286 1661 viderer,

1729 1668 1810 1718 sed
1830 1666 2026 1731 perinde
2041 1680 2130 1731 ego
2154 1682 2366 1732 quoque.

1791 1748 1871 1797 4ο.
1904 1749 1996 1797 11ae
2017 1747 2165 1797 ferme
2185 1748 2300 1797 sunt
2325 1760 2402 1797 res
2419 1747 2594 1811 gestae,
2628 1748 2678 1798 et
2701 1747 2780 1798 bas
2798 1760 2956 1799 causae
2977 1750 3133 1801 litium
3163 1752 3289 1804 inter

1730 1837 1818 1875 nos
1852 1826 2128 1876 coortas-um
2158 1846 2170 1877 :
2205 1838 2378 1876 verum
2407 1827 2514 1876 aliis
2543 1840 2739 1890 quoque
2765 1828 2816 1877 in
2845 1828 2992 1879 rebus
3020 1830 3060 1879 si
3091 1832 3287 1894 noritis,

1727 1904 1928 1967 judices,
1947 1907 2129 1968 quanta
2145 1903 2208 1955 sit
2225 1905 2370 1968 hujus
2387 1907 2566 1957 Dioclis
2584 1906 2894 1970 impudentia,
2915 1922 3058 1959 nemo
3073 1913 3288 1963 vestrum

1730 1984 1791 2035 sit
1815 1985 2006 2035 futurus
2023 1985 2108 2048 qui
2126 1985 2330 2035 oratIoni
2347 1998 2467 2035 meae
2485 1986 2630 2035 fidem
2647 1986 2864 2049 deneget.
2929 1989 3019 2039 Hie
3036 1991 3164 2039 enim
3177 2004 3291 2053 opes

1730 2061 1843 2112 istas
1862 2061 2134 2125 splendidas
2150 2100 2164 2124 ,
2190 2063 2366 2125 quibus
2385 2076 2516 2113 nune
2544 2064 2738 2128 fruitur,
2757 2078 2856 2115 non
2873 2078 2982 2117 suas
3011 2067 3094 2117 sed
3113 2068 3291 2119 alienas

1730 2140 1890 2190 habet.
1908 2145 2090 2204 Nempe
2113 2144 2212 2191 tres
2229 2144 2366 2191 erant
2386 2156 2572 2193 sorores
2591 2157 2652 2194 ex
2667 2144 2838 2194 eadem
2858 2146 3004 2208 atque
3025 2147 3124 2209 ipse
3140 2149 3290 2198 matre

1729 2219 1905 2270 editae:
1932 2204 2020 2271 bas
2053 2233 2241 2271 sorores
2271 2220 2458 2271 Diocles
2483 2221 2750 2273 hereditate
2772 2235 2800 2272 a
2827 2226 2963 2286 patre
2986 2225 3098 2287 ipsis
3119 2224 3290 2276 relicta

1732 2303 1971 2354 fraudavit
1992 2318 2049 2354 eo
2081 2306 2210 2368 quod
2242 2305 2398 2356 filium
2423 2320 2475 2357 se
2499 2306 2692 2357 illarum
2722 2309 2846 2371 patri
2878 2308 3112 2374 instituit,
3136 2324 3288 2373 quum

1730 2390 1920 2440 nullum
1942 2389 2003 2440 de
2037 2391 2130 2441 bac
2151 2405 2204 2442 re
2226 2393 2362 2455 pater
2387 2393 2728 2443 testamentum
2755 2393 3034 2456 scripsisset.
3103 2396 3201 2459 (41)
3229 2399 3290 2447 Et

1730 2480 1878 2529 quum
1900 2466 2063 2517 mariti
2093 2469 2298 2519 duarum
2331 2469 2392 2519 de
2425 2469 2502 2520 hia
2533 2470 2776 2520 sororibus
2797 2472 2846 2520 in
2867 2472 2978 2533 jure
3001 2486 3112 2522 eum
3133 2487 3286 2536 perse-

1730 2546 1932 2607 quentoe
1961 2546 2186 2608 pecunias
2223 2548 2552 2609 reposcerent,
2590 2547 2796 2598 alterum
2832 2549 3027 2611 quidem
3042 2586 3057 2614 ,
3095 2551 3288 2613 majoris

1733 2630 1848 2678 natu
1871 2634 2046 2680 sororis
2063 2631 2320 2693 maritum,
2339 2632 2407 2682 ita
2437 2633 2872 2685 machinationibus
2888 2635 2988 2685 suis
3005 2635 3212 2685 irretivit
3235 2637 3289 2687 ui

1732 2710 1930 2759 infamia
1953 2711 2220 2772 notaretur,
2245 2710 2346 2775 ipse
2368 2713 2529 2761 autem
2551 2712 2742 2763 Diocles
2763 2714 2826 2763 ab
2845 2714 2938 2765 isto
2961 2715 3149 2765 actione
3179 2729 3290 2765 con·

1731 2786 1944 2837 tumeliae
1963 2787 2137 2838 oblatae
2155 2788 2424 2851 exagitatus
2454 2790 2498 2840 ei
2519 2804 2684 2853 poenas
2703 2792 2860 2841 nullas
2884 2805 3098 2855 unquam
3123 2792 3253 2843 dedit
3274 2813 3286 2845 ι

1730 2866 1905 2916 sororis
1925 2868 2088 2917 autem
2107 2867 2304 2919 alterius
2321 2904 2336 2929 ,
2356 2868 2418 2919 ab
2441 2869 2521 2919 illa
2538 2871 2782 2932 secundae,
2797 2871 3030 2921 maritum
3046 2872 3107 2922 de
3132 2872 3282 2925 medie

1730 2949 1926 2999 sustulit
1945 2963 2028 3013 per
2044 2963 2238 3001 servum
2251 2988 2266 3013 ,
2287 2964 2432 3014 quem
2451 2966 2514 3002 ex
2531 2953 2650 3003 urbe
2667 2955 2792 3003 clam
2812 2954 3076 3018 ablegavit,
3102 2957 3291 3007 sceleris

1732 3034 1895 3082 autem
1919 3044 2114 3083 causam
2137 3033 2184 3082 in
2203 3046 2414 3084 sororem
2431 3046 2569 3083 suam
2591 3034 2931 3099 retorquebat3
2955 3036 3058 3099 (42)
3077 3051 3173 3101 qua
3196 3037 3290 3088 im-

1734 3115 1964 3165 manitate
1983 3129 2070 3165 sua
2084 3128 2233 3179 quum
2257 3130 2364 3166 eam
2385 3117 2694 3181 perculisset,
2717 3119 2870 3169 sactus
2890 3120 3020 3170 tutor
3039 3120 3124 3171 filii
3143 3136 3290 3185 quem

1734 3200 1815 3249 illa
1832 3200 2080 3262 perempto
2100 3200 2371 3261 pepererat,
2393 3199 2523 3249 bunc
2541 3199 2678 3251 bonis
2695 3200 2796 3251 suis
2813 3200 3101 3264 denudavit,
3119 3202 3294 3255 fundos

1733 3282 1777 3333 ei
1808 3282 1989 3333 ademit
2015 3282 2212 3342 uberes,
2233 3294 2498 3345 eorumque
2516 3282 2622 3331 loco
2643 3283 2762 3333 alios
2781 3283 2832 3333 in
2853 3284 2956 3334 solo
2975 3298 3148 3335 saxoso
3175 3286 3291 3337 sitos

1732 3360 1883 3411 dedit.
1947 3362 2065 3411 Haec
2086 3372 2116 3409 a
2147 3372 2226 3409 me
2245 3372 2361 3409 vera
2386 3358 2480 3409 dici
2513 3360 2564 3409 bi
2595 3360 2686 3410 etsi
2707 3361 2922 3411 Dioclem
2953 3362 3290 3427 reformidant,

1734 3438 2041 3488 nihilominus
2059 3438 2220 3487 tamen
2243 3437 2443 3489 sortasse
2468 3438 2588 3487 mibi
2611 3438 2776 3489 testari
2807 3440 2990 3501 velint3
3017 3440 3090 3491 sin
3113 3442 3290 3505 minus,

1734 3526 1851 3575 alios
1872 3522 2112 3575 exhibebo
2142 3522 2292 3586 probe
2325 3522 2433 3574 hoec
2463 3523 2624 3574 omnia
2647 3524 2880 3574 tenentes.
2945 3523 3054 3575 cita
3090 3526 3144 3575 tu
3173 3524 3292 3577 mihi

1736 3604 1821 3654 bos
1838 3604 2033 3668 primos·

2397 3730 2631 3773 TESTES.

1798 3857 1876 3903 43,
1912 3855 2069 3903 Homo
2091 3852 2256 3914 itaque
2276 3852 2376 3901 tam
2407 3849 2544 3899 ferox
2561 3849 2611 3897 et
2632 3846 2870 3897 violentus
2887 3848 2944 3897 ut
2965 3846 3090 3911 ipsas
3105 3861 3294 3901 sorores

1736 3944 1847 3981 suas
1864 3931 2001 3981 bonis
2017 3930 2226 3993 paternis
2247 3928 2511 3989 everteret,
2531 3938 2590 3976 eo
2611 3924 2744 3987 quod
2761 3925 2902 3985 nujus
2919 3924 3108 3975 sceleris
3128 3940 3294 3988 poenas

1736 4011 1830 4061 illis
1847 4010 2006 4061 nullas
2021 4009 2186 4072 dedit,
2210 4006 2424 4058 audaciae
2443 4005 2674 4069 processit
2697 4004 2810 4054 illuc
2829 4006 2882 4053 ut
2899 4016 3029 4053 nunc
3047 4004 3127 4054 avi
3143 4008 3292 4058 nostri

1736 4090 1861 4140 bona
1879 4089 2018 4139 nobis
2035 4090 2251 4151 ereptum
2271 4087 2376 4148 eat;
2395 4083 2529 4149 quod
2549 4084 2607 4132 ut
2623 4086 3009 4146 consequeretur,
3031 4082 3160 4132 bunc
3176 4097 3290 4147 pro-

1736 4176 1878 4225 missa
1915 4175 2004 4235 (ut
2033 4170 2208 4233 audio)
2245 4169 2452 4219 duarum
2489 4166 2723 4215 minarum
2761 4162 2982 4214 mercede
3013 4167 3288 4228 corruptum

1737 4254 1927 4305 induxit
1943 4252 2058 4303 utin
2071 4248 2320 4300 discrimen
2333 4260 2422 4297 nos
2437 4244 2712 4307 adduceret,
2723 4256 2822 4294 non
2833 4241 3112 4293 substantiae
3125 4245 3289 4309 modo,

1735 4341 1817 4393 sed
1846 4341 1996 4405 ipsius
2029 4337 2148 4388 adeo
2183 4336 2352 4401 patriae.
2383 4332 2678 4385 aniittendae.
2743 4336 2866 4383 Nam
2903 4332 2944 4383 si
2983 4346 3072 4383 vos
3106 4332 3293 4397 decepti

1736 4423 1942 4474 credatis
1965 4422 2010 4472 ei
2031 4420 2224 4484 neganti
2247 4420 2452 4468 matrem
2473 4418 2688 4467 nostram
2711 4416 2868 4465 civem
2894 4414 3065 4477 ruisse,
3091 4428 3179 4466 nos
3199 4416 3294 4466 fra·

1737 4510 1836 4559 tres
1850 4506 2029 4570 pariter
2047 4504 2177 4554 cives
2189 4514 2288 4553 non
2308 4501 2516 4563 erimus,
2539 4499 2716 4562 quippe
2746 4500 2856 4561 post
2879 4510 3060 4547 aunum
3084 4498 3294 4549 Euclidis

1738 4592 1990 4643 Archontis
2019 4590 2139 4640 nati.
2203 4586 2469 4638 Videturne
2489 4583 2590 4645 jam
2611 4581 2750 4631 vobis
2770 4580 2960 4632 Diocles
2991 4580 3146 4631 levem
3173 4581 3292 4631 mihi

1738 4679 1870 4729 litem
1892 4674 2128 4727 movisse?
2157 4672 2253 4735 (44)
2283 4671 2347 4721 Et
2371 4680 2466 4719 avo
2496 4666 2690 4731 quidem
2721 4665 2934 4727 itemque
2963 4664 3100 4727 patre
3129 4665 3292 4714 nostro

1739 4762 1897 4812 adhuc
1927 4756 2260 4822 superstitibus
2291 4754 2408 4804 vitio
2431 4750 2711 4801 carebamus
2741 4746 2907 4809 omni;
2933 4747 2996 4797 de
3023 4746 3132 4809 jure
3165 4745 3292 4796 civili

1739 4855 1881 4893 nemo
1898 4839 2038 4890 nobis
2065 4834 2440 4888 controversiam
2463 4830 2690 4882 movebat
2715 4848 2727 4878 ι
2759 4828 2853 4879 illis
2879 4830 3042 4876 autem
3065 4826 3290 4883 sublatis.

1740 4924 1928 4977 tametsi
1949 4922 2075 4972 banc
2097 4932 2290 4970 causam
2320 4916 2599 4976 vincamus,
2627 4911 2880 4977 ignominia
2914 4912 3076 4957 tamen
3107 4908 3198 4956 bac
3221 4906 3292 4956 la-

1740 5007 2042 5068 borabimus,
2067 5003 2198 5068 quod
2215 5002 2346 5052 mota
2364 4999 2504 5050 nobis
2523 4996 2688 5047 ruisset
2711 4990 3036 5043 controversia
3057 5000 3140 5051 per
3163 4988 3291 5035 hunc

1740 5094 1960 5144 Orestem
1976 5102 2122 5153 quem
2149 5087 2215 5137 dii
2233 5085 2358 5135 male
2388 5081 2617 5147 perdant,
2638 5079 2748 5142 qui,
2768 5084 3043 5139 quanquam
3077 5068 3292 5118 moechus

1740 5177 1789 5227 in
1806 5175 2042 5225 adulterio
2060 5172 2382 5235 deprehensus
2397 5167 2600 5228 ideoque
2616 5172 2782 5227 passus
2797 5170 2856 5208 ea
2871 5156 2932 5206 sit
2948 5167 3060 5220 quoe
3081 5154 3294 5250 moechos

1739 5263 1839 5328 pati
1858 5263 1929 5313 fas
1945 5262 2036 5323 est,
2055 5258 2206 5309 nihilo
2224 5260 2386 5307 tamen
2405 5254 2511 5304 ideo
2525 5249 2674 5313 magis
2691 5246 2754 5296 ab
2771 5241 2969 5295 libidine
2985 5240 3075 5290 ista
3089 5237 3289 5299 desistit,
