3825 5842
472 401 544 454 5⁴
1333 395 1772 462 ΑΝΔΟΚῙΔΟΥ
1815 403 1868 462 0
1911 403 2097 465 ΠΕΡΙ
2138 407 2296 468 ΤΩΝ
2340 408 2819 477 ΜΥΣ-ΤΗΡΙΩΝ.

460 521 646 600 μηνύει
673 521 796 600 περί
820 546 877 582 τε
902 525 1004 582 τῶν
1025 525 1324 602 μυστηρίων
1353 525 1388 585 ἃ
1415 527 1531 608 ᾔδει
1557 529 1648 588 καὶ
1675 533 1778 589 τῶν
1807 553 2021 613 περικο-

458 610 667 693 ψάντων
704 608 774 670 τὰ
810 611 1122 690 ἀναθήματα
1143 657 1161 690 ,
1187 615 1276 673 καὶ
1323 616 1612 698 ἀπογράφει
1641 619 1780 678 δυοῖν
1810 620 2017 690 δέοντας

376 723 428 762 ss
456 698 646 759 εἴκοσιν
670 697 875 780 ἄνδρας.
958 701 1178 774 Ἐπειδὴ
1200 701 1254 762 δὲ
1275 695 1414 762 οὗτοι
1431 705 1828 786 ἀπεγράφησαν,
1851 711 1898 767 οἱ
1922 709 2015 788 μὲν

457 790 628 847 αὐτῶν
658 786 928 870 φεύγοντες
959 787 1190 872 ᾤχοντο,
1213 793 1260 848 οἱ
1293 787 1347 848 δὲ
1366 792 1740 872 συλληφθέντες
1759 794 2016 856 ἀπέθανον

455 874 595 935 κατὰ
620 875 716 948 τὴν
742 875 976 958 Τεύκρου
992 877 1234 955 μήνυσιν.
1323 877 1432 938 Καί
1453 901 1542 959 μοι
1567 879 1825 960 ἀνάγνωθι
1845 885 2015 944 αὐτῶν

455 963 522 1023 τὰ
550 963 803 1044 ὀνόματα.

1072 1082 1396 1132 ONOMATA:

458 1203 534 1249 35.
571 1201 772 1262 Τεῦκρος
789 1199 866 1249 ἐπὶ
879 1203 974 1256 τοῖς
993 1199 1184 1264 Ἑρμαῖς
1207 1201 1432 1264 ἐμήνυσεν
1453 1202 1734 1266 Εὐκτήμονα
1745 1239 1760 1264 ,
1785 1205 2014 1256 Γλαύκιπ-

517 1287 622 1331 πον,
641 1270 950 1338 Ἑνᾳῦμαχον,
990 1271 1300 1334 Πολύευκτον,
1323 1271 1571 1334 Πλάτωνα,
1595 1274 1890 1340 Ἀντίδωρον,
1918 1277 2016 1326 Χά·

516 1335 702 1405 ριππον,
719 1340 979 1403 Θεόδωρον,
997 1339 1300 1402 Ἀλκισθένην,
1321 1344 1662 1408 Μενέστρατον,
1693 1345 2015 1411 Ἐρυξίμαχον,

373 1417 428 1458 ⁴0
514 1411 797 1475 Εὐφίλητον,
818 1410 1180 1475 Εὐρυδάμαντα,
1208 1413 1470 1478 Φερεκλέα,
1491 1416 1720 1479 Μέλητον,
1746 1417 1982 1480 Τιμάνθην
1998 1454 2013 1481 ,

514 1483 806 1547 Ἀρχίδαμον,
832 1483 1090 1533 Τελένικον.

531 1595 745 1658 Τούτων
783 1597 950 1659 τοίνυν
978 1602 1080 1658 τῶν
1112 1601 1310 1682 ἀνδρῶν
1348 1604 1396 1660 οἳ
1427 1600 1521 1680 μὲν
1545 1601 1728 1673 ἥκουσι
1750 1603 1841 1664 κα),
1879 1605 2008 1665 εἰσὶν

453 1687 660 1760 ἐνθάδε,
689 1691 792 1746 τῶν
818 1687 872 1746 δὲ
901 1687 1261 1749 ἀποθανόντων
1291 1689 1391 1748 εἶσὶ
1419 1689 1604 1749 πολλοὶ
1633 1691 1983 1771 προσήκοντες
1996 1713 2009 1729 ·

453 1765 528 1834 ὧν
549 1773 690 1843 ὅστις
731 1774 1000 1856 βούλεται,
1028 1779 1081 1838 ἐν
1108 1781 1182 1859 τῷ
1211 1780 1323 1859 ἐμῷ
1349 1775 1488 1859 λόγῳ
1530 1778 1730 1848 &vasaq
1763 1803 1830 1858 με
1866 1784 2013 1862 ἐλεγ-

455 1863 592 1933 ξάτω
616 1863 651 1937 ἢ
677 1867 747 1932 ὡς
775 1863 933 1946 ἔφυγέ
960 1889 1036 1935 τις
1082 1867 1146 1925 δι’
1177 1863 1272 1945 ἐμὲ
1301 1864 1495 1926 τούτων
1518 1870 1620 1926 τῶν
1658 1869 1856 1952 ἀνδρῶν
1880 1869 1915 1944 ἢ
1944 1876 2013 1941 ὡς

456 1949 731 2013 ἀπέθανεν.

536 2061 610 2102 ss.
653 2039 878 2114 Ἐπειδὴ
905 2041 959 2100 δὲ
987 2049 1150 2101 ταῦτα
1175 2040 1407 2121 ἐγένετο,
1437 2043 1759 2124 Πείσανδρος
1778 2046 1869 2106 καὶ
1893 2051 2008 2110 Χα-

380 2141 415 2192 6
458 2130 640 2211 ρικλῆς
657 2174 676 2207 ,
709 2127 849 2197 ὄντες
880 2130 972 2209 μὲν
1001 2133 1104 2190 τῶν
1129 2133 1383 2206 ζητητῶν,
1407 2133 1668 2201 δοκοῦντες
1684 2134 1728 2192 δ’
1751 2136 1803 2194 ἐν
1830 2135 2011 2220 ἐκείνῳ

451 2221 525 2300 τῷ
545 2217 717 2300 χρόνῳ
745 2217 1072 2278 εὐνούστατοι
1086 2209 1217 2279 εἶναι
1239 2223 1314 2301 τῷ
1331 2219 1482 2302 δήμῳ
1500 2266 1517 2298 ,
1541 2219 1715 2300 ἔλεγον
1741 2225 1812 2292 ὥς
1838 2223 1919 2298 εἴη
1943 2225 2009 2284 τὰ

452 2307 578 2388 ἔργα
596 2306 662 2365 τὰ
687 2305 1002 2386 γεγενημένα
1025 2309 1120 2367 οὐκ
1138 2306 1324 2388 ὀλίγων
1343 2309 1560 2391 ἀνδρῶν,
1582 2310 1696 2370 ἀλλ’
1718 2311 1806 2371 ἐπὶ
1832 2317 1898 2394 τῇ
1919 2318 2007 2374 τοῦ

451 2393 618 2475 δήμου
647 2393 962 2470 καταλύσει,
1003 2395 1094 2455 καὶ
1119 2401 1311 2477 χρῆναι
1334 2395 1410 2457 ἔτι
1432 2399 1601 2470 ζητεῖν
1648 2398 1739 2459 καὶ
1772 2398 1848 2479 μὴ
1871 2399 2009 2460 παύ-

451 2488 664 2546 σασθαι.
751 2484 862 2544 Καὶ
885 2488 919 2556 ἡ
945 2483 1093 2552 πόλις
1105 2483 1264 2554 οὕτως
1293 2485 1536 2561 διέκειτο,
1566 2485 1691 2547 ὥστ’
1715 2488 1894 2562 ἐπειδὴ
1913 2490 2008 2564 τὴν

453 2569 650 2650 βουλὴν
677 2574 750 2640 εἰς
777 2570 839 2630 τὸ
878 2571 1243 2654 βουλευτήριον
1267 2577 1295 2632 ὁ
1318 2574 1480 2656 κῆρυξ
1517 2573 1716 2635 ἀνείποι
1745 2578 1876 2638 ἰέναι
1915 2578 2009 2638 καὶ

373 2673 400 2714 5
447 2657 507 2717 τὸ
535 2659 751 2735 σημεῖον
784 2658 1017 2733 καθέλοι,
1046 2665 1124 2740 τῷ
1152 2663 1293 2743 αὐτῷ
1321 2661 1524 2744 σημείῳ
1550 2667 1584 2736 ἡ
1617 2662 1711 2740 μὲν
1747 2663 1906 2746 βουλὴ
1938 2669 2009 2735 εἰς

449 2745 509 2805 τὸ
533 2747 894 2828 βουλευτήριον
920 2749 1035 2830 ᾔει,
1067 2751 1114 2808 οἱ
1135 2749 1254 2809 δ’ἐκ
1280 2754 1372 2822 τ’ἥς
1393 2753 1586 2834 ἀγορᾶς
1609 2751 1817 2836 ἔφυγον,
1850 2754 2009 2815 δεδιό-

452 2857 536 2902 τες
560 2827 632 2903 εἶς
667 2835 884 2904 ἕκαστος
930 2836 1003 2916 μὴ
1033 2838 1368 2920 συλληφθείη.
1455 2842 1546 2918 (37)
1596 2840 1872 2921 Ἐπαρθεὶς
1920 2833 2007 2902 οὗν

448 2930 552 2990 τοῖς
569 2927 661 2996 τῆς
683 2923 882 2994 πόλεως
909 2926 1086 2992 κακοῖς
1123 2927 1447 3006 εἰσαγγέλλει
1465 2929 1768 3003 Διοκλείδης
1793 2933 1867 2999 εἷς
1910 2929 2006 3004 τὴν

449 3011 664 3091 βουλήν,
685 3011 900 3093 φάσκων
931 3011 1123 3072 εἰδέναι
1151 3014 1266 3083 τοὺς
1288 3016 1671 3098 περικόψαντας
1704 3017 1822 3086 τοὺς
1863 3019 2000 3101 Ἑρ-

446 3109 549 3177 μᾶς
563 3145 580 3178 ,
602 3098 692 3160 καὶ
706 3089 838 3160 εἶναι
855 3099 1038 3171 αὖτοὺς
1053 3105 1123 3171 εἰς
1143 3101 1466 3186 τριακοσίους
1484 3125 1498 3140 ·
1517 3108 1587 3174 ὥς
1602 3109 1646 3166 δ’
1661 3105 1762 3167 ἴδοι
1788 3107 1880 3168 καὶ
1906 3131 2005 3168 πε·

447 3185 648 3267 ριτύχοι
688 3190 763 3270 τῷ
790 3187 1099 3271 πράγματι,
1128 3189 1294 3272 ἔλεγε.
1318 3191 1427 3252 Καὶ
1453 3191 1678 3268 τούτοις,
1717 3183 1762 3255 ὦ
1789 3195 2002 3278 ἄνδρες,

447 3273 630 3353 δέομαι
662 3279 806 3354 ὑμῶν
847 3276 1199 3360 προσέχοντας
1234 3279 1320 3340 τὸν
1349 3286 1466 3340 νοῦν
1493 3282 2003 3364 ἀναμιμνήσκεσθαι,

370 3359 536 3420 10“ἐὰν
564 3363 731 3434 ἀληθῆ
760 3362 926 3444 λέγω,
954 3365 1046 3424 καὶ
1073 3367 1334 3428 διδάσκειν
1359 3370 1613 3439 ἀλλήλους
1630 3393 1644 3409 ·
1669 3373 1722 3431 ἐν
1753 3375 1872 3450 ὑμῖν
1901 3373 2004 3455 γὰρ

447 3445 582 3526 ἦσαν
609 3457 657 3514 οἱ
679 3454 855 3535 λόγοι,
882 3458 974 3517 καί
1011 3482 1099 3537 μοι
1146 3463 1292 3534 ὑμεῖς
1328 3460 1526 3520 τούτων
1573 3462 1830 3546 μάρτυρες
1869 3467 2002 3525 ἐστέ.

449 3543 542 3620 (38)
567 3540 710 3625 Ἔφη
734 3545 846 3628 γὰρ·
880 3537 1014 3606 εῖναι
1053 3546 1147 3626 μὲν
1186 3549 1508 3632 ἀνδράποδόν
1533 3553 1580 3610 ot
1628 3551 1714 3610 ἐπὶ
1761 3553 2002 3637 Λαυρίῳ,

447 3631 550 3690 δεῖν
568 3630 623 3690 δὲ
651 3633 968 3711 κομίσασθαι
989 3636 1276 3717 ἀποφοράν.
1361 3637 1611 3706 Ἀναστὰς
1639 3637 1692 3698 δὲ
1722 3639 1838 3722 πρῲ
1861 3644 2005 3722 ψευ-

446 3717 581 3786 σθεὶς
602 3723 693 3792 τῆς
720 3719 859 3804 ὥρας
891 3723 1112 3804 βαδίζειν
1135 3746 1148 3761 ·
1179 3717 1310 3784 εἶναι
1338 3723 1393 3785 δὲ
1416 3727 1762 3800 πανσέληνον.
1849 3727 2006 3788 Ἐπεὶ

447 3805 501 3866 δὲ
529 3807 676 3890 παρὰ
706 3809 766 3869 ‘ro
797 3811 1116 3894 προπύλαιον
1143 3818 1235 3872 τοῦ
1260 3815 1509 3875 Διονύσου
1535 3807 1617 3888 ἦν,
1647 3819 1772 3897 ὁρᾶν
1810 3816 2004 3900 ἀνθρώ-

417 3889 573 3965 ιπους
607 3898 829 3968 πολλοὺς
858 3901 962 3960 ἀπὸ
1004 3906 1106 3960 τοῦ.
1136 3901 1318 3983 ᾠδείου
1345 3903 1764 3972 καταὸαίνοντας
1801 3908 1870 3973 εἰς
1909 3906 2004 3978 τὴν

414 3973 421 3976 ‘⁴
445 3983 740 4067 ὀρχήστραν
761 4011 774 4026 ·
801 3987 973 4057 δείσας
1001 3987 1056 4047 δὲ
1085 3989 1300 4062 αὐτούς,
1327 3989 1568 4050 εἰσελθὼν
1595 3991 1696 4052 ὑπὸ
1715 3991 1810 4066 τὴν
1851 3995 2004 4054 σκιὰν

363 4091 416 4132 η
441 4072 746 4143 καθέζεσθαι
769 4075 963 4156 μεταξὺ
992 4082 1084 4136 τοῦ
1121 4074 1288 4144 κίονος
1311 4079 1401 4137 καὶ
1433 4083 1525 4152 τῆς
1551 4080 1749 4155 στήλης
1793 4083 1872 4164 ἐφ’
1907 4076 1945 4164 ᾗ
1975 4087 2004 4143 ὁ

442 4161 728 4240 στρατηγός
758 4165 896 4222 ἐστιν
933 4167 961 4223 δ
994 4166 1240 4244 χαλκοῦς·
1323 4168 1447 4244 δρᾶν
1482 4165 1538 4226 δὲ
1579 4167 1875 4250 ἀνθρώπους
1914 4169 2003 4230 τὸν

444 4246 538 4324 μὲν
570 4250 785 4326 ἀριθμὸν
823 4251 1054 4324 μάλιστα
1081 4251 1434 4332 τριακοσίους,
1481 4255 1696 4316 ἑστάναι
1735 4257 1789 4316 δὲ
1825 4256 2002 4340 κύκλῳ

443 4339 544 4398 ἀνὰ
577 4333 731 4400 πέντε
759 4336 848 4396 καὶ
875 4335 1008 4397 δέκα
1027 4338 1240 4421 ἄνδρας,
1265 4339 1379 4409 τοὺς
1406 4339 1460 4401 δὲ
1502 4341 1601 4401 ἀνὰ
1627 4347 1844 4405 εἴκοσιν·
1868 4349 2001 4426 ὁρῶν

443 4428 497 4487 δὲ
519 4432 688 4489 αὐτῶν
711 4425 841 4507 πρὸς
866 4425 960 4499 τὴν
987 4428 1209 4501 σελήνην
1238 4427 1306 4488 τὰ
1328 4430 1587 4511 πρόσωπα
1611 4435 1716 4492 τῶν
1743 4421 1999 4495 πλείστων

438 4515 730 4594 γινώσκειν.
819 4515 903 4598 (as)
929 4515 1037 4576 Kal
1051 4520 1256 4598 πρῶτον
1278 4517 1403 4597 μέν,
1424 4509 1468 4579 ὦ
1487 4519 1694 4602 ἄνδρες,
1722 4527 1860 4582 τοῦθ’
1877 4525 2000 4586 ὑπέ-

439 4611 554 4664 θετο
592 4601 881 4664 δεινότατον
915 4613 1168 4685 πρᾶγμα,
1213 4599 1394 4685 οἶμαι,
1435 4606 1575 4677 ὅπως
1611 4611 1664 4667 ἐν
1703 4610 1880 4693 ἐκείνῳ
1918 4613 1997 4689 εἴη

437 4691 610 4752 ὅντινα
641 4691 882 4773 βούλοιτο
907 4692 1188 4766 Ἀθηναίων
1219 4695 1378 4775 φάναι
1407 4699 1512 4756 τῶν
1553 4699 1754 4777 ἀνδρῶν
1797 4701 1997 4763 τούτων

353 4797 411 4835 2⁰
439 4771 570 4840 εἶναι
587 4826 603 4854 ,
628 4779 799 4840 ὅντινα
825 4779 880 4840 δὲ
907 4780 982 4859 μὴ
1017 4783 1286 4862 βούλοιτο,
1315 4785 1486 4864 λέγειν
1509 4783 1588 4844 ὅτι
1611 4789 1702 4846 οὐκ
1718 4779 1801 4860 ἧν.
1846 4790 1995 4851 Ἰδὼν

435 4857 490 4919 δὲ
517 4861 665 4920 ταῦτ’
680 4860 778 4943 ἔφη
799 4858 884 4921 ἐπὶ
912 4863 1140 4945 Λαύριον
1159 4861 1313 4945 ἰέναι,
1329 4865 1420 4924 καὶ
1443 4870 1506 4947 τῇ
1525 4868 1772 4947 ὑστεραία
1791 4870 1995 4931 ἀκούειν

435 4945 515 5006 ὅτι
543 4950 590 5007 οἱ
613 4945 812 5028 Ἑρμαῖ
855 4939 956 5008 εἷεν
987 4953 1453 5031 περικεκομμένοι·
1493 4957 1686 5031 γνῶναι
1722 4979 1808 5014 ουν
1849 4959 1996 5028 εὐθὺς

433 5035 513 5093 ὅτι
544 5033 740 5095 τούτων
761 5032 842 5109 εἴη
867 5039 971 5097 τῶν
1013 5041 1212 5120 ἀνδρῶν
1241 5039 1300 5099 τὸ
1341 5039 1507 5122 ἔργον.
1596 5043 1689 5122 (ιο)
1714 5041 1901 5106 Ἥκων
1938 5047 1993 5107 δὲ

435 5126 503 5192 εἷς
544 5123 676 5185 ἄστυ
727 5125 951 5200 ζητητάς
985 5151 1042 5186 τε
1085 5129 1183 5202 ἤδη
1232 5130 1520 5210 ᾑρημένους
1563 5133 1992 5212 καταλαμὸάνειν

434 5211 522 5269 καὶ
546 5210 780 5295 μήνυτρα
800 5215 1156 5297 κεκηρυγμένα
1183 5219 1366 5280 ἑκατὸν
1397 5229 1544 5299 μνᾶς.
1631 5221 1777 5284 Ἰδὼν
1801 5224 1854 5284 δὲ
1877 5225 1992 5286 EG·

3450 403 3676 489 (ιν-πυ)

2112 545 2261 597 sacris
2277 547 2537 610 profanatis
2556 562 2669 614 quae
2686 556 2827 604 norat
2842 555 3074 607 indicavit
3090 559 3147 618 et¹
3166 559 3227 610 de
3243 561 3300 611 iis
3318 564 3403 626 qui
3419 565 3677 618 simulacra

2111 635 2440 700 mutilassent,
2463 641 2513 688 et
2534 639 2712 703 scripto
2735 643 3031 706 consignavit
3046 647 3239 698 nomina
3264 651 3479 703 virorum
3500 655 3681 708 duode-

2112 723 2296 786 viginti.
2364 729 2474 784 Quo
2488 727 2615 778 sacto
2636 730 2715 780 alii
2730 744 2897 782 eorum
2917 734 3025 798 suga
3036 749 3089 786 se
3102 737 3437 804 abduxerunt,
3456 743 3536 793 alii
3552 759 3683 796 com-

2110 811 2327 872 prehensi
2346 816 2502 866 morte
2522 815 2743 882 luerunt,
2768 834 2829 870 ex
2848 821 3061 874 indicina
3082 827 3269 879 Teucri.
3288 831 3453 880 Recita
3476 833 3533 882 tu
3565 835 3679 884 mihi

2110 909 2281 950 eorum
2302 914 2509 954 nomina.

2746 1100 3009 1152 NOMINA.

2104 1223 2179 1266 85.
2204 1223 2377 1270 Teucer
2390 1235 2526 1282 super
2542 1227 2722 1276 Hermls
2736 1230 2955 1279 indicavtt
2970 1235 3291 1282 Euctemonem
3303 1269 3317 1292 ‚
3336 1237 3655 1298 Glaucippum
3666 1275 3678 1295 .

2157 1295 2525 1354 Eurymachum,
2564 1301 2863 1357 t’olyeuctum
2879 1336 2892 1359 ‚
2912 1305 3147 1351 Platonem
3162 1339 3175 1360 ,
3203 1308 3508 1366 Antidotum,
3544 1311 3675 1356 Cha-

2158 1363 2344 1420 rlppum
2358 1396 2373 1418 ‚
2392 1366 2703 1424 Theodorum,
2725 1369 3048 1428 Alcisthenem,
3068 1376 3411 1432 menesii-atum,
3434 1380 3681 1435 Eryxima·

2156 1435 2311 1490 chum,
2341 1436 2659 1495 Euphiletum,
2682 1441 3087 1500 Eurydamantem,
3114 1445 3375 1493 Phereclea:
3390 1481 3401 1503 ,
3419 1449 3647 1496 Meletum
3666 1486 3678 1507 ,

2159 1505 2468 1564 Timanthem,
2488 1509 2838 1572 Archidamum,
2861 1514 3142 1562 Telenlcum.

2164 1615 2350 1666 Horum
2370 1617 2449 1667 alii
2471 1618 2533 1668 ab
2551 1619 2695 1670 exilio
2718 1622 2895 1672 reversi
2922 1636 3053 1674 nunc
3073 1623 3123 1675 in
3139 1625 3260 1677 urbe
3290 1633 3675 1694 commorantur,

2099 1702 2304 1754 aliorum
2326 1707 2629 1758 mortuorum
2647 1711 2788 1761 multi
2810 1711 2986 1763 adsunt
3012 1716 3287 1778 necessat-ih
3317 1730 3525 1780 quorum
3568 1722 3675 1783 qni·

2101 1804 2293 1856 cunque
2308 1793 2466 1859 volet,
2490 1797 2616 1846 intra
2634 1800 2863 1850 orationis
2880 1813 3001 1852 meze
3019 1801 3210 1867 tempus
3222 1841 3238 1866 ,
3257 1806 3504 1860 ascendite
3525 1811 3678 1872 atque

2100 1893 2181 1931 me
2211 1879 2482 1945 redarguite
2495 1921 2510 1945 ,
2544 1883 2907 1951 demonstrem,
2940 1888 3116 1940 horum
3148 1891 3366 1943 virorum
3395 1908 3675 1960 quenquam

2100 1969 2291 2032 propter
2310 1983 2390 2021 mc
2406 1971 2492 2022 aut
2513 1971 2563 2022 in
2580 1973 2779 2024 exilium
2798 1976 2915 2039 isse,
2940 1977 3027 2026 aut
3048 1980 3257 2030 mortem
3289 1982 3533 2034 tolerasse.

2164 2065 2239 2108 36.
2274 2059 2550 2110 Secundum
2567 2061 2672 2112 haec
2684 2101 2700 2127 ‚
2718 2061 2941 2115 pisander
2954 2065 3003 2116 et
3018 2067 3261 2119 Charicles
3271 2108 3286 2132 ,
3303 2071 3387 2134 qui
3402 2073 3451 2122 in
3466 2086 3674 2126 numero

2098 2146 2411 2208 quaesitorum
2436 2149 2621 2212 essent,
2650 2151 2797 2214 atque
2818 2151 2869 2202 id
2900 2153 3130 2218 temporis
3160 2157 3493 2212 studiosissimi
3518 2163 3674 2226 plebis

2098 2233 2407 2298 haberentur,
2431 2239 2652 2288 auctores
2670 2239 2848 2291 fiebant
2860 2279 2875 2305 ,
2894 2243 3026 2305 quod
3044 2243 3228 2296 facinus
3245 2245 3373 2297 istud
3398 2249 3529 2299 haud
3550 2265 3671 2314 pau-

2098 2334 2265 2372 corum
2282 2325 2435 2387 esset,
2454 2325 2535 2376 sed
2560 2327 2622 2376 ad
2640 2329 2795 2379 status
2808 2331 3047 2394 popularis
3070 2334 3365 2385 eversionem
3382 2339 3667 2402 pertineret,

2098 2409 2299 2460 ulterius
2332 2411 2492 2462 adhuc
2522 2414 2863 2478 inquirendum
2896 2433 3000 2470 esse
3018 2433 3177 2484 neque
3194 2422 3297 2485 iam
3323 2424 3668 2478 desistendum.

2100 2497 2333 2548 Proeterea
2344 2497 2447 2550 tota
2466 2501 2635 2552 civitas
2648 2503 2941 2566 trepidabat:
2960 2521 3118 2570 praeoo
3136 2509 3266 2559 enim
3282 2524 3435 2575 quum
3453 2515 3669 2576 primum

2096 2579 2467 2640 proclamasset,
2490 2580 2634 2631 licere
2648 2581 2749 2644 jam
2766 2585 2952 2635 senatui
2970 2587 3021 2636 in
3039 2587 3227 2638 curiam
3244 2591 3424 2656 redire,
3451 2594 3664 2656 signum·

2097 2678 2196 2728 qne
2212 2665 2524 2730 detraxisset,
2551 2670 2775 2732 protinus
2796 2681 2825 2721 a
2846 2672 2979 2736 signo
2998 2674 3213 2728 detracto
3225 2715 3240 2741 ,
3260 2680 3453 2731 senatus
3470 2682 3668 2745 quidem

2099 2753 2283 2804 redibat
2300 2755 2352 2805 in
2383 2757 2594 2821 curiam,
2631 2758 2805 2821 plebeii
2826 2763 2993 2812 autem
3012 2777 3041 2814 e
3069 2765 3173 2814 soro
3204 2767 3546 2834 aufugiebant,
3568 2787 3666 2824 me·

2098 2843 2239 2894 tuens
2255 2843 2459 2908 quisque
2480 2858 2542 2896 ne
2558 2848 3059 2910 comprehenderetur.
3126 2850 3226 2916 (37)
3246 2856 3383 2906 Malis
3395 2857 3527 2908 bisce
3542 2861 3665 2924 reip.

2094 2930 2281 2982 illectus
2298 2932 2537 2984 Dioclides
2552 2935 2603 2984 et
2618 2933 2681 2984 ad
2698 2947 2833 2999 spem
2846 2940 3032 2990 erectus
3042 2975 3059 3002 ,
3075 2940 3133 2990 ad
3148 2943 3367 2994 senatum
3386 2947 3635 2999 nuntiavit
3648 2989 3663 3012 ,

2094 3031 2147 3070 se
2166 3031 2307 3072 nosse
2330 3021 2416 3084 qui
2435 3023 2638 3074 Hermas
2660 3024 2997 3091 intimassent,
3020 3030 3071 3079 et
3096 3041 3197 3080 esse
3216 3031 3277 3081 ad
3310 3034 3555 3087 trecentos
3572 3051 3666 3087 nn·

2094 3119 2229 3158 mero
2242 3110 2273 3170 ς·
2292 3121 2485 3172 unaque
2498 3146 2513 3173 ‚
2544 3111 2631 3174 qui
2664 3111 2861 3164 vidisset
2894 3115 3043 3179 atque
3076 3120 3267 3181 negotio
3296 3121 3635 3176 intervenisset
3648 3165 3662 3189 ,

2095 3196 2333 3260 exposuit.
2398 3199 2557 3262 Atque
2580 3199 2657 3250 his
2672 3213 2759 3264 ego
2778 3214 2894 3267 vos,
2915 3204 3033 3266 viri,
3053 3219 3165 3270 rogo
3185 3210 3244 3257 ut
3263 3209 3481 3262 animum
3505 3215 3664 3265 atten-

2095 3284 2245 3350 datis,
2263 3301 2291 3337 a
2312 3289 2565 3353 vestraque
2586 3293 2821 3343 memoria
2842 3295 3094 3358 requiratis
3116 3311 3235 3348 num
3263 3311 3379 3350 vera
3400 3301 3593 3368 dicam',
3614 3310 3662 3357 tt

2095 3375 2150 3424 ut
2172 3375 2254 3425 alii
2292 3377 2474 3427 conscii
2499 3378 2674 3430 harum
2702 3393 2865 3431 rerum
2891 3383 3011 3434 alios
3036 3387 3249 3438 vestrum
3274 3389 3437 3440 adhuc
3462 3393 3661 3456 ignaros

2092 3462 2296 3515 doceant
2314 3485 2325 3514 :
2346 3466 2453 3516 hoec
2468 3467 2597 3517 enim
2611 3481 2722 3532 quae
2740 3470 2895 3521 refero
2913 3472 2963 3522 in
2980 3472 3177 3536 collegio
3192 3477 3353 3528 vestro
3369 3479 3504 3530 dicta
3520 3488 3635 3533 sunt
3644 3522 3659 3548 ,

2093 3553 2143 3602 et
2166 3566 2253 3603 vos
2266 3553 2440 3604 horum
2456 3556 2575 3606 milui
2588 3557 2733 3608 testes
2748 3559 2875 3610 estis.
2946 3559 3046 3626 (38)
3071 3563 3307 3616 Dioctides
3324 3566 3559 3620 nimirum
3572 3571 3658 3622 sibi

2095 3653 2288 3692 servum
2307 3643 2464 3694 aiebat
2494 3657 2597 3696 esse
2630 3659 2771 3709 super
2795 3649 3140 3709 argentifodina
3160 3665 3249 3702 sua
3276 3653 3326 3704 in
3352 3655 3533 3708 Laurio
3568 3659 3660 3710 :ab

2095 3729 2179 3778 illo
2202 3743 2341 3781 servo
2358 3732 2448 3783 sibi
2464 3733 2570 3782 tum
2598 3735 2742 3786 fuisse
2766 3735 3074 3788 auferendam
3099 3741 3376 3804 pensionem
3402 3749 3655 3799 mercedis.

2095 3821 2237 3870 Mane
2268 3833 2319 3870 se
2344 3823 2609 3874 surrexisse
2634 3813 2780 3888 atque
2811 3827 2863 3876 in
2884 3827 3014 3878 viam
3050 3841 3101 3880 se
3125 3829 3311 3882 dediaee
3342 3833 3489 3886 citius
3514 3851 3657 3900 quam

2094 3907 2420 3969 opportunum
2444 3907 2633 3973 fuisset,
2670 3913 2784 3974 quia
2810 3914 2859 3962 in
2886 3916 3101 3980 tempore
3130 3919 3285 3970 noctis
3310 3925 3545 3985 erraoeet3
3576 3927 3656 3976 sed

2092 3989 2237 4040 fuisse
2269 3989 2605 4053 plenilunium.
2670 3994 2763 4044 Ubi
2782 4010 2893 4060 crgo
2923 4001 2986 4049 ad
3022 4001 3327 4064 Propylaeum
3356 4005 3457 4056 fani
3482 4009 3655 4060 Bacchi

2092 4072 2323 4135 venisset,
2353 4073 2525 4124 vidisse
2550 4075 2913 4128 multitudinem
2938 4079 3191 4132 hominum
3215 4084 3277 4134 ab
3294 4085 3433 4136 Odeo
3458 4087 3653 4142 descen·

2092 4154 2309 4205 dentium
2332 4156 2382 4205 in
2412 4157 2735 4220 orchestram3
2754 4172 2964 4221 quorum
2990 4165 3127 4215 metu
3144 4179 3195 4216 se
3218 4165 3267 4216 in
3290 4169 3461 4220 sanum
3478 4171 3653 4236 ingres-

2090 4252 2199 4289 sum
2230 4240 2280 4290 in
2297 4239 2472 4291 umbra
2506 4243 2800 4307 consedisse,
2828 4245 2955 4297 intra
2976 4249 3252 4301 columnam
3280 4254 3331 4302 et
3346 4253 3499 4316 pilam
3522 4256 3651 4308 illam

2089 4335 2231 4384 super
2250 4335 2347 4384 qua
2362 4323 2601 4386 strategus
2625 4325 2721 4376 stat
2742 4327 2822 4376 ille
2838 4339 3017 4380 aeneus.
3056 4329 3129 4380 Ibi
3142 4343 3194 4380 se
3206 4331 3379 4384 vidisse
3397 4335 3649 4388 hominum

2089 4401 2151 4450 ad
2182 4405 2447 4468 trecentos,
2494 4407 2723 4469 globatim
2766 4411 2947 4460 stantes
2954 4448 2972 4475 ,
3004 4404 3121 4461 alias
3146 4413 3499 4480 quinosdenos,
3538 4420 3652 4472 alias

2088 4486 2321 4537 vicenos:
2360 4487 2475 4538 luna
2510 4491 2561 4539 in
2604 4503 2691 4540 ora
2726 4491 2940 4553 ipsorum
2977 4493 3263 4558 irradiante,
3304 4510 3357 4546 se
3390 4502 3651 4554 noscitasse

2086 4568 2355 4632 plerosque.
2420 4570 2518 4634 (39)
2544 4575 2613 4622 Ac
2647 4572 2857 4636 primum
2885 4575 3083 4636 quidem
3114 4577 3396 4629 incredibile
3426 4581 3521 4632 hoc.
3561 4587 3651 4636 sibi

2086 4653 2305 4715 sumpsit,
2321 4656 2459 4716 quasi
2475 4669 2619 4719 penes
2636 4657 2791 4719 ipsum
2810 4659 2952 4721 esset,
2966 4672 3111 4722 quem
3130 4661 3285 4712 rjvem
3306 4664 3647 4721 Atheniensem

2084 4734 2173 4798 ipsi
2199 4737 2486 4802 allibuisset,
2518 4740 2779 4802 conjuratis
2810 4742 3078 4792 interfuisse
3104 4743 3371 4812 affirmare,
3402 4751 3453 4802 ct
3482 4767 3650 4806 rursus

2084 4832 2256 4883 negare
2301 4822 2596 4886 interfuisse,
2633 4825 2671 4874 si
2704 4837 2850 4888 quem
2893 4839 3067 4889 negare
3104 4827 3331 4891 placeret.
3406 4835 3649 4888 Dioclidoe

2082 4899 2245 4966 itaque
2266 4903 2359 4954 ista
2396 4918 2551 4967 quum
2574 4905 2801 4970 vidisset,
2830 4907 2894 4957 ad
2918 4908 3149 4960 Laurium
3185 4925 3237 4962 se
3254 4913 3412 4966 aiebat
3440 4917 3512 4968 ire
3542 4931 3645 4982 per·

2082 4985 2285 5046 rexisse3
2314 4988 2362 5034 et
2388 4988 2496 5048 post
2521 4986 2600 5036 die
2630 4987 2807 5037 tamam
2826 4987 2887 5038 de
2904 4991 3090 5041 Hermis
3112 4983 3344 5044 mutilatis
3359 4999 3601 5061 accepisse
3631 5023 3644 5051 ε

2081 5067 2149 5117 ibi
2173 5068 2335 5117 statim
2368 5071 2639 5134 agnovisse,
2660 5072 2847 5122 facinus
2873 5073 3066 5124 illorum
3100 5089 3201 5127 esse
3234 5079 3465 5131 virorum.
3537 5087 3642 5150 (40)

2082 5154 2393 5204 Postmodum
2421 5156 2469 5206 in
2490 5155 2661 5208 urbem
2696 5170 2939 5210 reversum
2962 5173 3014 5210 se
3032 5161 3395 5224 deprehendisse
3412 5173 3646 5230 quaesito·

2080 5250 2155 5287 res
2188 5237 2465 5302 deputatos,
2503 5241 2552 5291 et
2582 5243 2835 5303 praemium
2858 5241 3081 5295 indicinoe
3106 5247 3463 5312 promulgatum
3474 5285 3493 5315 ,
3530 5264 3648 5305 oen·
