3825 5842
509 488 620 539 262

504 612 608 669 τῶν
652 608 912 680 διαθηκῶν
935 604 1071 665 ἀλλὰ
1097 602 1188 665 καὶ
1227 602 1346 684 περὶ
1383 610 1473 664 τοῦ
1499 602 1673 683 γένους
1713 602 1866 681 λόγον
1896 602 2053 681 ἐμὸε·

505 696 780 769 ὃλήκασιν.

585 805 632 845 7.
670 785 788 844 Οὔκ
816 785 876 842 ἐκ
897 780 1093 841 τούτων
1121 777 1176 839 δὲ
1203 778 1358 856 μόνον
1387 778 1580 859 γνοίητ’
1607 778 1670 839 ἂν
1694 778 1772 839 ὅτι
1801 780 1951 839 ἄλλοι
1973 804 2055 839 τι-

505 870 587 939 νίς
616 873 744 930 εἶσιν
790 872 838 930 οἱ
879 874 1043 928 ταῦτα
1077 866 1166 928 ἐπὶ
1190 868 1428 927 τουτουσὶ
1464 868 1770 946 ἐπάγοντες,
1801 867 1937 926 ἀλλὰ
1964 867 2054 927 καὶ

507 961 567 1017 ἐκ
593 962 696 1017 τῶν
717 961 834 1018 κατ’
863 956 1031 1037 ἀρχὰς
1066 954 1442 1035 γεγενημένων.
1527 955 1620 1023 Τίς
1661 955 1760 1036 γὰρ
1789 958 1882 1015 οὐκ
1924 958 2054 1014 ἀπε·

505 1044 743 1125 κείρατο,
782 1044 960 1116 ἐπειδὴ
978 1042 1055 1103 τὼ
1081 1044 1172 1103 δύο
1209 1042 1450 1103 ταλάντω
1477 1042 1529 1111 ἐξ
1566 1042 1725 1115 Ἄκης
1753 1043 1993 1118 ἤλθετον,
2017 1042 2053 1115 ἢ

431 1160 482 1200 ιο
507 1132 583 1201 τίς
605 1135 660 1192 οὗ
687 1132 850 1211 με’λαν
892 1130 1100 1210 ἱμάτιον
1131 1131 1402 1213 ἐφόρησεν,
1431 1134 1500 1199 ὡς
1523 1129 1607 1190 διὰ
1632 1132 1692 1191 τὸ
1715 1130 1896 1201 πένθος
1924 1134 2055 1205 κλη-

508 1222 807 1303 ρονομήσων
831 1226 923 1295 τῆς
960 1220 1166 1299 οὗσίαςς
1207 1220 1286 1282 Ἢ
1325 1221 1480 1281 πόσοι
1522 1230 1783 1299 συγγενεῖς
1811 1224 1897 1281 καὶ
1932 1223 2055 1290 υἱεῖς

504 1310 642 1369 κατὰ
669 1310 808 1369 δόσιν
839 1309 1286 1391 προσεποιήσαντο
1314 1312 1415 1367 τῶν
1445 1309 1834 1390 Νικοστράτους
1861 1310 1927 1391 (a)
1943 1316 2051 1382 Δη-

503 1398 753 1475 μοσθένης
802 1397 898 1476 μέν
935 1422 994 1477 γε
1023 1399 1323 1478 ἀδελφιδοῦς
1361 1396 1459 1477 ἔφη
1498 1394 1641 1479 αὐτῷ
1673 1389 1830 1470 εἶναι,
1871 1398 2051 1471 ἐπειδὴ

504 1488 552 1545 δ’
573 1486 861 1565 ἐξηλέγχθη
893 1484 995 1545 ὑπὸ
1016 1484 1234 1557 τούτων,
1259 1482 1459 1557 ἀπέστη
1475 1508 1488 1521 ·
1529 1486 1766 1565 Τήλεφος
1795 1486 1848 1545 δὲ
1875 1488 2053 1546 δοῦναι

505 1577 646 1656 αὑτῷ
675 1572 1029 1655 Νικόστρατον
1068 1571 1276 1631 ἅπαντα
1313 1571 1379 1631 τὰ
1421 1576 1634 1631 ἑαυτοῦ·
1675 1572 1766 1632 καὶ
1809 1568 1955 1642 οὗτος
1992 1576 2051 1634 οὗ

503 1663 680 1743 πολλῷ
724 1660 935 1739 ὕστερον
962 1659 1252 1720 ἐπαύσατο.
1333 1660 1632 1738 Ἀμινιάδης
1667 1659 1722 1720 δὲ
1763 1662 1870 1721 υἱὸν
1909 1664 2051 1745 αὐτῷ

501 1750 626 1830 πρὸς
645 1748 732 1807 τὸν
762 1748 990 1829 ἄρχοντα
1018 1742 1142 1821 ἠ’κεν
1171 1746 1309 1823 ἄγων
1335 1747 1450 1806 οὐδὲ
1476 1752 1652 1829 τριετῆ
1674 1749 1941 1828 γεγονότα,
1960 1750 2051 1809 καὶ

423 1858 474 1902 15
502 1838 646 1896 ταῦτ’
663 1838 757 1896 οὔκ
771 1833 1208 1913 ἐπιδεδημηκότος
1228 1840 1318 1894 τοῦ
1339 1834 1692 1918 Νικοστράτου
1717 1836 1900 1897 ἕνδεκα
1922 1842 2049 1898 ἑτῶν

503 1926 760 1998 Ἀθήνησι.
843 1926 910 2005 (ο)
936 1924 1138 2006 Πύρρος
1167 1922 1221 1982 δὲ
1242 1927 1271 1982 ὁ
1293 1924 1608 2007 Λαμπτρεὺς
1633 1928 1700 2005 τῇ
1730 1924 1822 2002 μὲν
1863 1926 2052 2008 Ἀθηνᾷ

501 2012 599 2092 ἔφη
632 2010 700 2071 τὰ
725 2010 978 2092 χρήματα
1003 2011 1102 2071 ὑπὸ
1117 2011 1476 2094 Νικοστράτου
1502 2016 1876 2095 καθιερῶσθαι,
1907 2018 2051 2096 αὑτῷ

502 2102 548 2157 δ’
577 2099 663 2158 ὑπ’
694 2101 850 2158 αὐτοῦ
881 2098 1080 2159 ἐκείνου
1104 2099 1359 2159 δεδόσθαι.
1449 2102 1648 2173 Κτῆσις
1666 2101 1712 2159 δ’
1737 2104 1766 2159 δ
1793 2102 2051 2175 Βησαιεὶις

499 2187 590 2246 καὶ
613 2187 856 2268 Κραναὸς
894 2186 954 2246 τὸ
979 2184 1072 2265 μὲν
1109 2191 1313 2268 πρῶτον
1343 2186 1490 2261 δίκην
1513 2188 1712 2271 ἔφασαν
1751 2194 1842 2248 τοῦ
1881 2193 2049 2251 Νικο-

501 2276 722 2356 στράτου
747 2275 1001 2334 ταλάντου
1029 2273 1498 2348 καταδεδικάσθαι,
1523 2274 1698 2347 ἐπειδὴ
1719 2278 1766 2335 δ’
1796 2279 1886 2336 οὐκ
1909 2268 2049 2357 εἶχον

499 2368 650 2422 τοῦτο
695 2361 987 2436 ἀποδεῖξαι,
1033 2360 1372 2441 ἀπελεύθερον
1415 2360 1568 2421 αὐτὸν
1615 2366 1810 2423 ἑαυτῶν
1855 2388 2051 2447 προσε-

419 2471 474 2509 ao
499 2449 783 2522 ποιήσαντο
810 2439 972 2509 εἶναι·
1009 2448 1099 2509 καὶ
1124 2450 1230 2507 οὐδ’
1275 2440 1416 2508 οὗτοι
1456 2449 1490 2509 ἃ
1532 2450 1710 2529 ἔλεγον
1753 2452 2047 2523 ἀπέδειξαν.

499 2539 587 2616 (ιο)
621 2537 730 2599 Καὶ
760 2540 808 2598 οἱ
837 2536 929 2616 μὲν
945 2536 1088 2605 εὗθὺς
1111 2537 1248 2597 κατὰ
1269 2536 1334 2597 τὰ
1355 2542 1541 2619 πρῶτα
1569 2538 1656 2599 ἐπὶ
1668 2541 1734 2598 τὰ
1757 2540 2048 2623 Νικοστρά-

497 2650 587 2688 του
615 2626 822 2710 ᾄξαντες
845 2618 984 2687 οὗτοί
1019 2628 1145 2685 eici·
1171 2627 1444 2707 Χαριάδης
1463 2624 1518 2686 δὲ
1551 2627 1665 2686 τότε
1687 2626 1782 2705 μὲν
1820 2630 2047 2707 οὐδαμοῦ

497 2715 914 2798 ἠμφισὸήτησεν,
944 2714 1155 2795 ὕστερον
1183 2715 1237 2775 δὲ
1265 2716 1323 2775 οὗ
1352 2714 1506 2792 μόνον
1537 2716 1690 2784 αὐτὸς
1709 2714 1846 2775 ἀλλὰ
1872 2717 1964 2776 καὶ
1989 2717 2049 2777 τὸ

499 2807 558 2863 ἐκ
579 2808 669 2875 τῆς
713 2802 923 2885 ἑταίρας
952 2804 1156 2863 παιδίον
1189 2802 1430 2862 εἰσποιῶν
1475 2794 1619 2875 ἦλθε.
1703 2808 1872 2865 Τοῦτο
1909 2805 1957 2863 δ’
1986 2796 2048 2878 ἦν

498 2894 640 2974 αὐτῷ
657 2896 726 2961 ὡς
749 2890 783 2963 ἢ
811 2895 912 2951 τῶν
931 2890 1218 2974 χρημάτων
1247 2890 1740 2973 κληρονομήσοντιῆ
1763 2892 1822 2952 τὸ
1843 2893 2049 2953 παιδίον

497 2979 652 3040 ἀστὸν
675 2980 956 3052 ποιήσοντι.
1040 2980 1353 3058 Αῖσθόμενος
1371 2979 1425 3039 δὲ
1453 2980 1543 3039 καὶ
1561 2972 1703 3046 οὗτος
1715 2979 1794 3039 ὅτι
1817 2980 1938 3061 περὶ
1958 2987 2047 3040 τοῦ

496 3068 669 3146 γόνους
699 3069 1090 3149 ἕλεγχθήσοιτο,
1119 3068 1215 3140 τὴν
1241 3068 1336 3146 μὲν
1366 3076 1455 3129 τοῦ
1475 3068 1683 3129 παιδίου
1711 3068 2047 3151 ἅμφισὸήτη-

416 3180 471 3220 25
499 3179 579 3216 σιν
601 3156 911 3239 παρέλυσεν,
943 3160 1112 3239 ἑαυτῷ
1147 3158 1200 3217 δὲ
1230 3156 1370 3217 κατὰ
1397 3158 1538 3217 δόσιν
1566 3156 2019 3239 παρακατὲὅαλεν.

578 3266 646 3305 11.
697 3244 896 3325 Ἐχρῆν
938 3244 1036 3323 μὲν
1069 3238 1179 3323 οὖν,
1223 3234 1267 3304 ῶ
1307 3245 1514 3327 ἄνδρες,
1541 3245 1680 3314 ὅστις
1718 3244 1854 3305 κατὰ
1905 3245 2047 3305 δόσιν

495 3332 783 3413 χρημάτων
805 3332 1148 3413 ἀμφισὸητῶν
1166 3330 1410 3406 ἡττηθείη
1424 3379 1441 3407 ,
1466 3333 1539 3412 μὴ
1559 3332 1696 3393 κατὰ
1714 3332 1937 3401 τὸτέλος
1956 3336 2045 3408 ζη-

497 3422 767 3495 μιοῦσθαι,
793 3420 908 3477 ἀλλ’
937 3421 1014 3501 ἐφ’
1043 3417 1141 3477 ὅσα
1165 3442 1264 3501 περ
1284 3418 1573 3501 ληψόμενος
1592 3420 1701 3501 ᾔει,
1729 3426 1958 3482 τοσαῦτα
1982 3425 2046 3502 τῇ

495 3504 648 3565 πόλει
677 3504 962 3564 ἀποτίνειν·
1011 3504 1144 3564 οὕτω
1170 3504 1272 3587 γὰρ
1292 3505 1354 3564 ἂν
1384 3506 1490 3567 οὔθ’
1527 3512 1575 3567 οἱ
1597 3509 1746 3587 νόμοι
1785 3532 2047 3591 κατεφρο-

495 3598 672 3652 νοῦντο
698 3591 814 3652 οὔτε
835 3590 900 3651 τὰ
922 3592 1044 3670 γε’νη
1071 3592 1304 3674 ὖὸρίζετο
1324 3598 1450 3677 πρὸς
1481 3596 1692 3671 τούτων,
1717 3598 1824 3658 οὐδ’
1853 3597 1916 3658 ἃν
1941 3602 2045 3657 τῶν

493 3680 780 3740 τεθνεώτων
807 3678 972 3749 οὐδεὶς
1002 3681 1362 3763 κατεψεύδετο.
1445 3684 1665 3759 Ἐπειδὴ
1685 3684 1740 3745 δὲ
1769 3686 1937 3746 ἅπασι
1956 3684 2046 3746 καὶ

494 3773 596 3829 τῶν
634 3768 919 3850 ἀλλοτρίων
967 3768 1234 3843 ἁπάντων,
1275 3774 1392 3830 καθ’
1421 3770 1452 3831 8
1487 3796 1539 3832 τι
1568 3774 1630 3832 ἄν
1657 3797 1733 3841 τις
1763 3774 2045 3854 βούληται,

411 3878 476 3919 ⁸0
493 3858 839 3940 ἄμφισὸητεῖν
876 3856 1088 3931 ἔξεστιν,
1134 3861 1268 3936 ὑμᾶς
1303 3862 1406 3941 χρὴ
1447 3862 1568 3942 περὶ
1611 3865 1778 3923 αὐτῶν
1823 3866 1893 3931 ὣς
1940 3854 2043 3921 οἷόν

491 3947 536 4006 τ’
565 3947 918 4028 ἄκριὸίστατα
964 3946 1214 4016 ἐξετάζειν
1239 3948 1328 4008 καὶ
1359 3948 1522 4027 μηδὲν
1562 3954 1634 4016 εἰς
1673 3950 1792 4010 ὅσον
1826 3950 2044 4012 δύνασθε

491 4037 849 4119 παραλείπειν.
911 4033 1000 4117 (12)
1027 4036 1118 4097 Ἐν
1145 4034 1325 4114 μόναις
1349 4037 1402 4095 δὲ
1426 4041 1540 4105 ταῖς
1552 4040 1654 4096 τῶν
1674 4037 1882 4118 κλήρων
1898 4040 2043 4097 εἷσα-

489 4135 679 4205 γωγαῑς
704 4126 842 4186 δοκεῖ
862 4148 952 4202 μοι
973 4124 1251 4206 προσήκειν
1286 4124 1583 4206 τεκμηρίοις
1607 4131 1805 4203 μᾶλλον
1842 4126 1876 4199 ἢ
1898 4126 2043 4206 μάρ-

489 4238 606 4276 τυσι
623 4214 900 4277 πιστεύειν.
995 4216 1127 4295 Περὶ
1155 4213 1250 4292 μὲν
1267 4212 1368 4294 γὰρ
1385 4218 1488 4274 τῶν
1509 4214 1682 4275 ἄλλων
1707 4216 2041 4293 συμὸολαίων

490 4306 547 4362 οὗ
576 4302 712 4363 πάνυ
732 4302 966 4384 χαλεπὸν
989 4300 1106 4370 τοὺς
1128 4302 1196 4361 τὰ
1211 4305 1376 4384 ψευδῆ
1392 4310 1782 4385 μαρτυροῦντας
1797 4303 2042 4385 ἐλέγχειν·

490 4394 674 4461 ζῶντος
700 4392 801 4471 γὰρ
834 4390 925 4451 καὶ
964 4389 1218 4472 παρόντος
1244 4395 1334 4451 τοῦ
1379 4390 1668 4471 πράξαντος
1704 4417 2042 4475 καταμαρτυ-

410 4499 462 4539 ss
491 4485 660 4559 ροῦσι·
688 4478 810 4559 περὶ
839 4478 893 4538 δὲ
921 4482 1024 4537 τῶν
1051 4480 1312 4551 διαθηκῶν
1337 4482 1447 4546 πῶς
1467 4478 1529 4537 ἄν
1559 4502 1635 4548 τις
1660 4480 1805 4559 γνοίη
1830 4480 1948 4549 τοὺς
1968 4481 2041 4553 μὴ

487 4570 688 4640 τάληθῆ
716 4567 988 4646 λέγοντας,
1037 4570 1082 4627 εἰ
1111 4565 1186 4645 μὴ
1220 4567 1358 4626 πάνυ
1399 4566 1604 4645 μεγάλα
1637 4567 1706 4627 τὰ
1733 4568 2041 4650 διαφέροντα

489 4653 567 4727 είη
585 4700 602 4729 ,
633 4656 787 4714 αὑτοῦ
833 4654 927 4731 μὲν
971 4653 1088 4715 καθ’
1129 4646 1187 4715 οὗ
1225 4660 1547 4738 μαρτυροῦσι
1582 4659 1855 4724 τεθνεῶτος
1871 4702 1890 4734 ,
1938 4660 2040 4717 τῶν

489 4740 542 4801 δὲ
573 4746 829 4822 συγγενῶν
857 4744 1019 4822 μηδὲν
1059 4746 1161 4803 τῶν
1189 4743 1569 4825 πεπραγμένων
1613 4744 1840 4817 εἰδότων,
1865 4750 1956 4804 τοῦ
1986 4742 2039 4805 δὲ

489 4830 706 4913 ἐλέγχου
740 4833 996 4911 μηδαμῶς
1034 4832 1278 4907 ἄκριὸοῦς
1308 4830 1611 4911 γινομένους
1665 4832 1756 4914 (18)
1793 4828 1921 4893 Ἔτι
1954 4833 2038 4908 δέ,

487 4911 531 4981 ὦ
554 4920 760 5001 ἄνδρες,
785 4920 999 4981 καὶτῶν
1030 4918 1394 4997 διατιθεμένων
1423 4922 1470 4979 οἱ
1492 4920 1675 4980 πολλοὶ
1697 4920 1813 4982 οὐδὲ
1832 4920 2039 5000 λέγουσι

487 5010 594 5077 τοῖς
622 5007 1055 5091 παραγινομένοις
1093 5009 1125 5069 8
1147 5034 1198 5069 τι
1226 5008 1560 5082 διατίθενται,
1593 5010 1712 5069 ἀλλ’
1758 5012 1914 5070 αὐτοῦ
1944 5008 2038 5087 μό·

486 5120 604 5171 νου,
631 5104 718 5157 τοῦ
741 5098 1048 5157 καταλιπεῖν
1077 5097 1346 5175 διαθήκας,
1375 5095 1644 5177 μάρτυρας
1670 5098 2037 5179 παρίστανται,

409 5202 461 5243 ιο
487 5191 576 5245 τοῦ
601 5186 654 5244 δὲ
679 5184 1051 5265 συμὸαίνοντός
1092 5186 1202 5243 ἐστι
1234 5182 1324 5243 καὶ
1346 5192 1706 5266 γραμματεῖον
1744 5188 2037 5265 ἀλλαγῆναι

487 5273 576 5331 καὶ
610 5272 857 5333 τάναντία
881 5274 996 5341 ταῖς
1022 5278 1114 5333 τοῦ
1157 5276 1429 5343 τεθνεῶτος
1465 5273 1732 5349 διαθήκαις
1772 5298 2036 5356 μεταγρα-

1237 472 1501 533 ΙΣΑΙΟΥ
1541 473 1592 531 Ο
1635 472 1812 533 ΠΕΡΙ
1852 471 2007 533 ΤΟΥ
2046 470 2592 533 ΝΙΚΟΣΤΡΑΤΟΥ
2633 471 2963 534 ΚΑΗΡΟΥ.

3446 471 3673 555 (rr-rs}
3768 479 3770 517 l

2141 610 2369 674 affingant
2397 611 2807 674 commentitium,
2844 624 2943 661 non
2974 612 3135 662 solum
3162 611 3227 663 de
3258 610 3569 673 testamento,
3602 612 3683 662 sed

2142 700 2289 749 etiam
2306 700 2367 749 de
2380 701 2789 764 consanguinitate
2800 700 2987 751 dicendi
3000 700 3333 751 necessitate-
3348 700 3685 765 imposuerunt.

2204 793 2251 839 7.
2286 792 2469 839 verum
2486 803 2583 839 non
2604 802 2667 840 ex
2688 790 2765 841 his
2780 790 3083 841 solummodo
3096 790 3371 853 intelligatis
3384 790 3579 841 subesse
3594 804 3689 841 cer-

2142 876 2217 926 tos
2248 877 2479 940 quosdam
2510 878 2653 940 alios,
2686 879 2769 943 qui
2802 878 2917 929 istos
2948 878 3247 930 adversarios
3276 880 3327 929 in
3350 879 3533 929 amicos
3568 892 3692 931 meos

2142 963 2435 1029 imtigarint,
2455 966 2537 1015 sed
2561 966 2708 1017 etiam
2732 980 2793 1017 ex
2816 967 2909 1017 illis
2932 982 3045 1031 quae
3072 982 3103 1018 a
3126 968 3361 1031 principio
3396 969 3564 1018 statim
3594 982 3695 1019 eve·

2140 1057 2333 1105 nerunt.
2399 1055 2577 1118 Ecquis
2630 1056 2759 1105 enirn
2790 1070 2887 1106 non
2936 1070 3079 1120 super
3110 1070 3309 1107 excessu
3340 1057 3600 1108 Nicostrati
3630 1071 3695 1107 eo-
3771 1090 3772 1117 1

2142 1155 2271 1193 mam
2295 1142 2550 1205 tondebat,
2587 1156 2737 1207 quum
2766 1144 3003 1196 hereditas
3030 1144 3183 1195 duum
3198 1146 3499 1196 talentorum
3521 1160 3585 1197 ex
3614 1151 3701 1197 Ace

2140 1233 2303 1282 venit?
2366 1232 2543 1295 Ecquis
2558 1246 2655 1282 non
2674 1234 2855 1297 pullam
2882 1234 3065 1297 induit,
3086 1236 3221 1298 quasi
3239 1249 3325 1298 per
3350 1236 3543 1286 luctum
3572 1236 3699 1285 here·

2142 1318 2341 1371 «litatem
2359 1320 2654 1384 adepturus?
2717 1324 2846 1380 Quot
2865 1336 2918 1373 se
2948 1323 3136 1373 mentiti
3161 1327 3275 1374 sunt
3302 1327 3538 1387 cognatos
3568 1327 3701 1375 Nico·

2140 1408 2275 1458 strati
2294 1410 2381 1458 aut
2398 1407 2522 1457 tilios
2545 1408 2610 1458 ab
2634 1422 2694 1459 eo
2716 1422 2801 1473 per
2828 1410 3171 1461 testamentum
3194 1411 3480 1475 adoptatos?
3510 1414 3583 1475 (8)
3618 1417 3703 1463 De·

2140 1496 2413 1547 mosthenes
2431 1496 2627 1559 quidem
2644 1510 2695 1547 se
2712 1500 2935 1561 nepotem
2954 1498 3055 1561 ejus
3067 1512 3129 1549 ex
3142 1500 3291 1550 fratre
3312 1500 3499 1551 serebat
3518 1538 3534 1564 ,
3558 1502 3621 1551 ab
3642 1502 3705 1551 his

2140 1586 2301 1635 autern
2340 1584 2575 1634 mendacii
2614 1585 2866 1635 convictus
2902 1584 3163 1637 desistebat
3202 1607 3216 1637 ι
3252 1588 3383 1637 bona
3418 1602 3514 1638 sua
3554 1592 3707 1639 omnia

2140 1666 2461 1717 Nicostratum
2491 1666 2583 1715 sibi
2618 1666 2819 1719 donasse
2849 1668 3177 1732 praetendebat
3206 1670 3481 1733 Telephus;
3528 1672 3615 1723 sed
3638 1672 3706 1722 hic
3772 1701 3774 1739 γ

2140 1762 2333 1813 quoque
2351 1750 2494 1813 paulo
2512 1750 2621 1812 post
2636 1750 2989 1801 conticescebat
3020 1770 3033 1801 ε
3058 1752 3331 1803 Aminiadoe
3358 1766 3579 1817 puerum
3597 1769 3705 1804 non·
3773 1762 3774 1805 ἱ

2147 1832 2265 1883 dum
2287 1832 2525 1882 triennem
2544 1831 2606 1881 ad
2622 1834 2903 1883 archontem
2918 1833 3164 1898 afferebat,
3180 1834 3313 1885 aiens
3326 1848 3445 1891 enm
3456 1838 3709 1889 Nicostrati

2138 1927 2265 1978 esse,
2310 1928 2464 1979 quum
2494 1915 2535 1964 ia
2573 1916 2704 1965 totos
2737 1914 2961 1965 undecim
3000 1929 3150 1966 annos
3184 1916 3387 1967 Athenis
3432 1918 3706 1972 abfuisset:

2140 1996 2208 2061 (9)
2240 1997 2451 2060 Pyrrhus
2478 1998 2797 2062 Lamptrensis
2826 1998 3149 2050 Nicostratum
3172 1999 3333 2050 aiebat
3349 2001 3483 2053 bona
3503 2016 3599 2053 sua
3630 2006 3707 2065 (ex

2138 2080 2561 2144 parte)Minervae
2598 2092 2924 2143 consecrasse,
2960 2082 3010 2131 et
3048 2081 3287 2144 (reliqua)
3330 2082 3427 2133 sibi
3462 2083 3707 2137 donasse:

2138 2165 2291 2218 Ctesis
2304 2164 2557 2215 Bosoeensis
2570 2166 2619 2214 et
2632 2167 2847 2215 cranaus
2856 2164 3103 2227 iactabant
3115 2166 3445 2217 Nicostratum
3458 2182 3489 2218 a
3504 2182 3565 2219 se
3580 2170 3627 2219 in
3641 2170 3709 2233 jus

2138 2251 2362 2300 vocatum
2390 2248 2557 2299 talenti
2580 2248 2774 2299 mulctoe
2802 2248 3173 2299 condemnatum
3200 2249 3344 2301 fuisse
3360 2286 3375 2312 ,
3402 2253 3549 2315 quod
3572 2267 3709 2317 quum

2138 2335 2463 2387 demonstrare
2495 2335 2778 2398 nequirent,
2813 2334 3299 2386 comminiscebantur
3330 2349 3447 2387 eum
3478 2338 3707 2391 libertum

2136 2434 2279 2471 suum
2318 2421 2491 2483 suisse;
2537 2434 2707 2471 verum
2744 2433 2808 2471 ne
2852 2420 2946 2470 hoc
2987 2420 3181 2483 quidem
3221 2421 3429 2484 probare
3474 2427 3709 2487 poterant.

2136 2504 2237 2565 (to)
2272 2504 2333 2554 lii
2354 2504 2469 2553 sunt
2493 2502 2577 2565 qui
2599 2502 2661 2552 ab
2692 2502 2828 2552 initio
2864 2502 3115 2553 hereditati
3146 2504 3405 2555 Nicostrati
3428 2506 3708 2558 inhiarunt:

2138 2584 2397 2635 chariades
2412 2586 2576 2635 autem
2595 2586 2701 2635 tum
2722 2584 2917 2648 quidem
2936 2599 3041 2636 eam
3060 2600 3157 2635 non
3166 2588 3377 2649 petebat,
3398 2592 3711 2651 postmodum

2137 2683 2252 2720 vero
2276 2669 2421 2732 coepit
2456 2670 2645 2731 petere,
2678 2680 2836 2731 neque
2868 2668 3000 2719 solus
3032 2668 3161 2732 ipse,
3194 2668 3279 2719 sed
3310 2670 3463 2721 etiam
3494 2675 3711 2736 spurium

2136 2766 2281 2803 suum
2304 2766 2333 2803 e
2354 2752 2607 2803 meretrice
2624 2751 2777 2802 tilium
2796 2750 3065 2813 sanectnm
3088 2752 3179 2802 ivit
3207 2752 3485 2805 Nicostrato
3502 2792 3521 2817 ,
3558 2760 3617 2807 ut
3638 2762 3711 2807 aut

2137 2836 2265 2887 bona
2294 2836 2555 2901 corriperet
2570 2836 2669 2899 ipse
2700 2837 2785 2886 aut
2805 2835 2965 2885 saltim
2981 2836 3145 2899 spurio
3168 2850 3258 2887 suo
3279 2838 3359 2900 ius
3388 2840 3613 2893 civitatis
3636 2856 3711 2893 ac-

2136 2925 2365 2989 quireret.
2440 2922 2660 2973 sentiens
2688 2924 2851 2973 autem
2882 2935 3025 2972 suum
3062 2922 3126 2971 de
3155 2924 3443 2986 cognatione
3476 2933 3710 2979 assertum
3777 2925 3778 2985 1

2137 3004 2371 3056 mendacii
2390 3001 2665 3055 convictum
2684 3002 2769 3066 iri,
2789 3000 3067 3065 petitionem
3086 3004 3223 3066 pueri
3251 3004 3452 3069 quidem
3488 3009 3709 3070 rescidit,
3777 3062 3778 3075 ἢ

2136 3108 2223 3157 pro
2240 3095 2497 3158 semetipso
2518 3098 2681 3145 autem
2698 3094 3054 3143 sacramentum
3082 3091 3333 3156 deposuit,
3360 3094 3423 3144 ut
3447 3094 3493 3146 is
3526 3098 3611 3148 cui
3636 3111 3713 3163 per

2134 3176 2475 3226 testamentum
2493 3175 2619 3226 bona
2640 3174 2895 3227 Nicostrati
2914 3174 3026 3224 data
3048 3174 3265 3226 ruissent.

2200 3260 2275 3305 11.
2305 3255 2570 3317 oportebat
2586 3253 2801 3318 quidem,
2815 3252 3020 3317 judiees,
3037 3252 3315 3317 quicunque
3330 3254 3465 3308 bona
3486 3271 3558 3309 ex
3576 3261 3710 3311 titulo

2135 3339 2402 3391 donationis
2420 3338 2789 3390 testamentariis.
2812 3340 2979 3401 petens
3000 3351 3146 3388 causa
3162 3338 3417 3391 cecidisset
3430 3378 3448 3405 ‚
3470 3356 3591 3395 eum
3616 3360 3709 3397 non

2135 3426 2198 3477 ad
2212 3427 2449 3477 mulctam
2470 3440 2557 3490 pro
2576 3426 2681 3476 rata
2696 3424 3027 3487 condemnari,
3052 3424 3136 3475 sed
3155 3426 3219 3476 ad
3237 3427 3537 3481 tantundem
3554 3433 3709 3498 reipu-

2135 3514 2274 3565 blicae
2294 3514 2409 3565 fisco
2434 3513 2665 3564 luendum
2682 3550 2698 3577 ‚
2718 3514 2887 3578 quanti
2906 3514 2970 3564 sit
2986 3526 3177 3565 summa
3198 3514 3442 3567 bonorum
3460 3518 3529 3568 ab
3550 3534 3614 3571 eo
3630 3536 3705 3585 pe·

2134 3601 2335 3650 titorum
2370 3616 2386 3650 ι
2424 3598 2554 3663 quod
2590 3598 2633 3649 si
2670 3598 2832 3661 fieret,
2866 3598 2993 3661 leges
3022 3611 3121 3648 non
3154 3598 3224 3649 ita
3263 3606 3707 3667 contemnerentur,

2133 3700 2290 3751 neque
2306 3687 2609 3751 cognationes
2623 3687 2687 3737 ab
2698 3686 2801 3738 istis
2813 3687 3175 3749 lacesserentur,
3190 3700 3347 3752 neque
3359 3688 3705 3743 defunctorum

2131 3776 2327 3827 nomine
2350 3775 2485 3826 abuti
2506 3776 2757 3827 auderent.
2822 3775 3063 3835 Quoniam
3084 3790 3200 3826 vero
3218 3776 3451 3840 perleges
3475 3783 3705 3831 omnibus

2132 3864 2246 3915 licet
2263 3863 2550 3915 hereditates
2568 3876 2969 3927 quorumcunque
2987 3877 3085 3928 quo
3102 3865 3306 3928 quisque
3320 3865 3467 3917 titulo
3488 3869 3615 3919 velit
3633 3884 3705 3935 pe-

2132 3954 2258 4015 tere,
2294 3954 2510 4003 vestrum
2544 3954 2619 4003 eat
2658 3953 2709 4002 in
2742 3952 3019 4015 huiusmodi
3048 3965 3216 4004 causas
3250 3956 3435 4018 quanta
3478 3959 3705 4020 poteritis

2131 4055 2321 4095 siiturus
2336 4041 2579 4105 diligentia
2606 4040 2847 4105 inquirere
2870 4040 3087 4104 nihilque
3102 4042 3445 4094 transmittere.
3510 4047 3619 4109 (12)
3644 4051 3703 4098 et

2130 4130 2181 4181 in
2200 4131 2291 4181 hoc
2309 4130 2411 4180 solo
2432 4143 2602 4193 genere
2622 4142 2892 4192 causarum,
2918 4128 3211 4180 hereditario
3230 4132 3347 4194 puta
3358 4168 3375 4195 ,
3393 4132 3699 4185 videnturad

2132 4219 2276 4270 fidem
2295 4218 2561 4269 faciendam
2584 4217 2815 4269 validiora
2841 4217 2988 4268 etiam
3004 4230 3107 4269 esse
3126 4216 3303 4268 indicia
3323 4232 3470 4283 quam
3496 4222 3593 4285 ipsi
3624 4226 3697 4274 te-

2130 4308 2243 4359 stes.
2306 4312 2427 4359 Nam
2452 4306 2504 4357 in
2520 4308 2705 4357 coeteris
2719 4306 2915 4371 quidem
2932 4306 3259 4357 contractibus
3276 4306 3410 4358 haud
3426 4308 3691 4361 admodum

2131 4396 2326 4447 difficile
2355 4396 2429 4447 est
2458 4396 2577 4445 falsa
2612 4397 2812 4446 testatos
2847 4408 3133 4459 coarguere,
3165 4396 3419 4458 superstite
3451 4398 3615 4449 adhue
3646 4403 3693 4449 et

2130 4485 2363 4547 praesente
2388 4498 2447 4533 eo
2464 4497 2612 4547 quem
2633 4483 2791 4534 testati
2814 4482 2909 4533 sint
2928 4482 3021 4533 hoo
3038 4483 3115 4533 vel
3140 4484 3258 4534 illud
3272 4486 3423 4548 egisse
3446 4502 3460 4537 ι
3478 4486 3531 4535 in
3548 4500 3691 4537 causa

2130 4584 2246 4624 vero
2262 4572 2543 4623 hereditaria
2556 4572 2696 4635 ecqui
2712 4572 2816 4621 taisi
2832 4572 2976 4621 testes
2992 4572 3377 4639 noscitabuntur,
3396 4575 3489 4625 nisi
3504 4588 3690 4638 perim-

2128 4675 2275 4726 gnum
2298 4660 2361 4713 sit
2382 4660 2667 4711 discrimen?
2728 4660 2810 4711 illo
2836 4660 2939 4723 ipso
2957 4659 3019 4711 de
3039 4661 3180 4725 cujus
3202 4662 3342 4713 tactis
3356 4664 3685 4714 testimoninm

2130 4750 2407 4815 perhibetur
2434 4750 2559 4800 vivis
2576 4750 2799 4813 exempto
2814 4784 2829 4812 ,
2850 4749 3157 4813 cognatisque
3172 4763 3230 4801 ea
3251 4764 3363 4815 qnae
3378 4750 3541 4802 abillo
3558 4755 3689 4816 gesta

2128 4842 2224 4891 sint
2250 4850 2442 4903 prorsus
2470 4837 2820 4902 ignorantibus,
2851 4837 3057 4901 denique
3088 4838 3171 4889 ubi
3202 4840 3487 4891 scrutinium
3520 4854 3689 4891 severo

2128 4928 2338 4979 exerceri
2352 4929 2575 4991 nequeat.
2642 4928 2737 4989 (18)
2753 4924 2885 4977 Adde
2899 4963 2916 4990 ,
2932 4926 3062 4991 quod
3076 4929 3362 4979 testamenta
3376 4929 3687 4979 condentium

2128 5017 2343 5081 plerique
2354 5016 2557 5067 testibus
2574 5028 2637 5067 ne
2650 5016 2815 5066 dicunt
2832 5014 3046 5074 cuidem.
3064 5015 3185 5079 quid
3200 5016 3252 5066 in
3262 5016 3439 5067 tabulis
3450 5018 3687 5081 sci-iptum

2126 5108 2213 5169 sit,
2241 5104 2326 5157 sed
2346 5106 2454 5157 ideo
2471 5104 2774 5157 solummodo
2799 5104 3199 5170 adstareJubent,
3220 5120 3323 5171 quo
3350 5108 3587 5158 testantur
3618 5110 3689 5157 te·

2126 5196 2417 5245 stamentum
2444 5206 2548 5245 esse
2568 5194 2818 5256 relictum3
2842 5194 2985 5244 etiam
3011 5194 3104 5244 hoe
3129 5208 3221 5245 usu
3252 5195 3417 5247 venire
3450 5196 3601 5257 solet,
3626 5198 3685 5244 ut

2125 5283 2303 5335 tabulae
2319 5283 2670 5348 permutentur,
2696 5284 2744 5334 et
2764 5282 2819 5333 ut
2836 5280 2887 5332 in
2905 5280 3177 5335 subdititias
3194 5282 3470 5348 ingerantur
3486 5296 3685 5351 prorsus
