3825 5842
596 475 703 526 ios
1478 463 1761 524 ΔΥΣῙΟΥ
1800 465 2194 526 ΑΠΟΛΟΓΙᾸ
2237 467 2446 530 ΠΡΟΣ
2483 469 2807 530 xlmam.

3483 477 3704 558 ‹uo—¹201

586 597 795 665 τούτους
812 594 1301 674 εὐδαιμονεστάταις
1310 595 1549 676 ἡγεῖσθαι
1560 594 1767 669 ,οἵτινες
1778 597 1909 680 ὑπὲρ
1921 602 2026 658 τῶν
2055 621 2143 677 με·
2231 608 2346 657 runt
2357 644 2374 670 ‚
2405 607 2464 657 nt
2489 621 2648 672 neque
2665 622 2758 658 uua
2787 609 3146 663 committer-at
3161 613 3364 666 fortunae
3381 615 3579 680 arbitrio,
3593 631 3711 680 nequ·

584 685 778 766 γίστων
790 685 883 745 καὶ
896 684 1191 745 καλλίστων
1206 681 1621 752 κινδυνεύσαντες
1636 685 1873 746 οὕτω-τὸν
1900 687 2013 769 βίον
2041 689 2144 746 ἔτε·

587 773 866 847 λεύτησαν,
892 775 989 832 οὐκ
1010 773 1373 855 ἐπιτρέψαντες
1397 773 1519 854 περὶ
1546 777 1717 834 αὑτῶν
1738 779 1803 854 τῇ
1834 773 1974 856 τύχῃ
1991 822 2008 845 ,
2031 775 2136 836 οὔδ’

589 860 959 940 ἀναμείναντες
988 860 1077 920 τὸν
1104 861 1399 939 αὐτόματον
1440 859 1683 940 θάνατον,
1714 864 1833 922 ἀλλ’
1862 862 2144 940 ἐκλεξάμε-

586 974 665 1018 νοι
684 953 773 1010 τὸν
796 949 1089 1010 κάλλιπον.
1116 949 1227 1010 Καὶ
1254 948 1357 1028 γάρ
1384 973 1465 1008 τοι
1479 949 1733 1029 ἀγήρατοι
1762 949 1857 1028 μὲν
1882 951 2054 1010 αὖτῶν
2083 953 2141 1011 αῖ

588 1043 814 1118 μνῆμαι,
830 1037 1059 1112 ζηλωταὶ
1074 1036 1127 1097 δὲ
1141 1037 1243 1108 ὑπὸ
1262 1037 1477 1097 πάντων
1486 1038 1773 1120 ἀνθρώπων
1788 1041 1845 1099 αἱ
1858 1038 2029 1118 τιμαί·
2044 1040 2137 1119 (eo)

516 1149 569 1188 ιο
586 1125 637 1187 οἳ
658 1132 963 1189 πενθοῦνται
986 1125 1083 1204 μὲν
1112 1125 1200 1185 διὰ
1228 1122 1324 1198 τὴν
1352 1124 1505 1206 φύσιν
1527 1129 1601 1194 ὥς
1626 1126 1825 1206 θνητοί,
1854 1131 2138 1205 ὑμνοῦνται

586 1213 641 1274 δὲ
668 1217 739 1282 ὡς
766 1211 1013 1274 ἀθάνατοι
1033 1213 1123 1273 διὰ
1142 1212 1236 1285 τὴν
1260 1213 1473 1294 ἀρετήν.
1492 1215 1599 1274 Καὶ
1621 1215 1725 1298 γάρ
1746 1239 1827 1275 τοι
1848 1214 2134 1276 θάπτονται

586 1301 847 1383 δημοσίᾳ,
882 1301 976 1361 καὶ
1021 1304 1215 1380 ἀγῶνες
1247 1301 1475 1362 τίθενται
1510 1304 1597 1362 ἐπ’
1625 1305 1799 1372 αὐτοῖς
1828 1304 2008 1386 ῥώμης
2047 1303 2139 1364 καὶ

582 1387 775 1472 σοφίας
788 1389 880 1450 καὶ
900 1389 1147 1464 πλούτου,
1166 1393 1236 1458 ὡς
1254 1389 1422 1460 ἀξίους
1443 1389 1593 1460 ὄντας
1613 1391 1732 1460 τοὺς
1754 1395 1808 1451 ἐν
1828 1395 1906 1474 τῷ
1924 1391 2142 1474 πολέμῳ

579 1477 1011 1552 τετελευτηκότας
1028 1479 1142 1546 ταῖς
1168 1479 1353 1547 αὐταῖς
1389 1482 1569 1556 τιμαῖς
1602 1478 1831 1549 καὶτοὺς
1852 1479 2140 1548 ἀθανάτους

578 1569 850 1645 τιμᾶσθαι.
883 1568 974 1645 (ει)
1009 1564 1157 1646 Ἐγὼ
1185 1567 1280 1644 μὲν
1306 1557 1395 1627 οὗν
1420 1566 1607 1637 αὐτοὺς
1633 1567 1724 1628 καὶ
1751 1567 2026 1649 μακαρίζω
2047 1573 2141 1628 τοῦ

580 1653 803 1712 θανάτου
822 1652 914 1714 καὶ
940 1654 1083 1726 ζηλῶ
1099 1699 1116 1727 ,
1134 1653 1226 1714 καὶ
1254 1653 1429 1732 μόνοις
1456 1653 1653 1722 τούτοις
1682 1653 1967 1737 ἀνθρώπων
1989 1645 2138 1735 οἶμαι

580 1745 811 1821 κρεῖττον
852 1733 986 1801 εἶναι
1002 1741 1266 1821 γενέσθαι,
1290 1741 1497 1818 οἵτινες,
1525 1743 1703 1816 ἐπειδὴ
1727 1748 1928 1818 θνητῶν
1951 1743 2140 1823 σωμά-

501 1847 553 1886 1⁶
580 1854 682 1888 των
716 1829 924 1910 ἔτυχον,
956 1831 1209 1891 ἀθάνατον
1249 1831 1463 1910 μνήμην
1488 1830 1575 1891 διὰ
1610 1831 1705 1904 τὴν
1738 1833 1930 1916 ἀρετὴν
1967 1837 2138 1894 αὑτῶν

586 1920 889 1982 κατέλιπον·
906 1919 1047 1998 ὅμως
1060 1921 1106 1980 δ’
1118 1920 1319 2001 ἀνάγκη
1342 1930 1451 1990 τοῖς
1470 1921 1713 2004 ἀρχαίοις
1735 1922 1871 1983 ἔθεσι
1886 1927 2135 2005 χρῆσθαι,

580 2007 673 2069 καὶ
706 2008 1085 2093 θεραπεύοντας
1106 2010 1193 2070 τὸν
1220 2010 1438 2090 πάτριον
1464 2011 1620 2091 νόμον
1649 2011 1992 2095 ὀλοφύρεσθαι
2021 2011 2140 2081 τοὺς

578 2097 949 2176 θαπτομένους.

1182 2243 1509 2270 *000*-

490 2526 562 2578 96
858 2525 1247 2586 AIIOAOI'IA
1290 2525 1491 2586 ΠΡΟΣ
1532 2527 1771 2588 ΣΙΜΩΝ
1777 2530 1841 2587 Α.

502 2695 557 2735 ²⁰
660 2681 850 2742 Πολλὰ
886 2681 976 2741 καὶ
1005 2679 1147 2740 δεινὰ
1174 2681 1431 2750 ,συνειδὼς
1460 2681 1694 2760 Σίμωνι,
1722 2673 1767 2742 ὦ
1796 2683 1996 2763 βουλή,
2033 2685 2128 2745 οὗκ

578 2767 641 2827 ἄν
664 2773 781 2828 ποτ’
802 2770 955 2828 αὐτὸν
972 2771 1043 2836 εἷς
1059 2773 1300 2829 τοσοῦτον
1314 2770 1512 2849 τόλμης
1533 2768 1817 2850 ἡγησάμην
1840 2772 2134 2854 ἀφικέσθαι,

575 2855 709 2916 ὥστε
738 2857 869 2938 ὑπὲρ
891 2849 962 2917 ὧν
990 2857 1145 2917 αὐτὸν
1174 2856 1278 2916 ἔδει
1304 2857 1481 2917 δοῦναι
1501 2857 1669 2931 δίκην,
1691 2858 1821 2941 ὑπὲρ
1846 2859 2045 2920 τούτων
2066 2865 2136 2930 ὣς

498 2959 552 2998 2⁵
577 2945 913 3024 ἀδικούμενον
947 2947 1189 3024 ἔγκλημα
1216 2944 1535 3017 ποιήσασθαι
1562 2948 1654 3006 καὶ
1675 2946 1811 3008 οὕτω
1843 2948 2010 3029 μέγαν
2040 2950 2130 3009 καὶ

578 3033 766 3112 σεμνὸν
794 3034 944 3116 ὅρκον
983 3034 1355 3113 διομοσάμενον
1380 3039 1449 3104 εἷς
1489 3039 1625 3114 ὑμᾶς
1644 3037 1827 3100 ἐλθεῖν.
1860 3037 1922 3116 (a)
1949 3041 2018 3099 Et
2039 3037 2134 3117 μὲν

574 3113 663 3180 οὖν
684 3121 833 3181 ἄλλοι
850 3122 984 3190 τινὲς
996 3121 1213 3199 ἔμελλον
1231 3122 1353 3203 περὶ
1371 3127 1499 3201 ἐμοῦ
1515 3123 1913 3204 διαγνώσεσθαι,
1935 3126 2133 3209 σφόδρα

576 3209 640 3266 ἂν
670 3207 965 3289 ἕφοὸούμην
996 3208 1083 3268 τὸν
1110 3209 1367 3289 κίνδυνον,
1399 3215 1531 3292 ὁρῶν
1567 3210 1648 3271 ὅτι
1674 3212 1764 3272 καὶ
1792 3214 2130 3293 παρασκευαὶ

576 3295 667 3354 καὶ
696 3296 857 3375 τύχαι
892 3296 1052 3380 ἐνίοτε
1086 3302 1325 3356 τοιαῦται
1351 3296 1608 3378 γίνονται,
1646 3298 1784 3358 ὥστε
1824 3301 2000 3360 πολλὰ
2039 3303 2132 3362 καὶ

575 3381 723 3463 παρὰ
750 3383 962 3460 γνώμην
996 3384 1298 3444 ἀποὸαίνειν
1330 3394 1433 3454 τοῖς
1458 3386 1859 3447 κινδυνεύουσιν·
1892 3390 1968 3456 εἰς
1995 3391 2132 3466 ὑμᾶς

494 3488 549 3529 ³0
573 3470 623 3533 δ’
640 3471 881 3530 εἰσελθὼν
902 3473 1097 3541 ἐλπίζω
1122 3473 1451 3533 τῶνδικαίων
1472 3473 1757 3544 τεύξεσθαι.
1786 3477 1849 3555 (a)
1876 3476 2130 3537 Μάλιστα

577 3560 624 3618 δ’
652 3563 956 3638 ἀγανακτῶ,
982 3550 1028 3620 ὦ
1058 3560 1253 3641 βουλή,
1272 3560 1353 3620 ὅτι
1380 3561 1501 3642 περὶ
1528 3561 1771 3622 τοιούτων
1801 3563 2128 3644 πραγμάτων

574 3649 737 3707 εἰπεῖν
755 3648 1225 3727 ἀναγκασθήσομαι
1246 3649 1374 3729 πρὸς
1396 3653 1548 3727 ὑμᾶς,
1566 3651 1697 3731 ὑπὲρ
1720 3641 1793 3709 ὧν
1815 3651 1922 3731 ἐγὼ
1940 3655 2128 3734 αἰοχυ·

574 3735 785 3814 νόμενος
802 3780 821 3810 ,
854 3738 899 3796 εἰ
922 3735 1161 3815 μέλλοιεν
1192 3737 1378 3797 πολλοί
1398 3759 1487 3816 μοι
1516 3738 1871 3814 συνείσεσθαι,
1906 3741 2129 3821 ἠνεσχό-

576 3847 681 3901 μην
713 3823 1062 3902 ἀδικούμενος.
1086 3823 1303 3896 Ἐπειδὴ
1346 3824 1403 3882 δὲ
1440 3822 1625 3902 Σίμων
1670 3849 1737 3902 με
1780 3828 1850 3893 εἷς
1885 3825 2128 3898 τοιαύτην

574 3912 803 3992 ἀνάγκην
849 3913 1189 3991 κατέστησεν,
1242 3911 1389 3973 οὐδὲν
1446 3913 1877 3996 ἀποκρυψάμενος
1919 3915 2128 3974 ἅπαντα

574 4000 891 4079 διηγήσομαι
924 3999 1053 4079 πρὸς
1087 4003 1223 4077 ῢμᾶς
1256 4000 1324 4059 τὰ
1361 4001 1730 4082 πεπραγμένα.
1777 4002 1839 4083 (ι)
1870 4001 2022 4071 Ἀξιῶ
2049 4001 2126 4076 δέ,

571 4078 615 4147 ὦ
644 4088 840 4168 βουλή,
870 4090 916 4147 εἰ
946 4086 1039 4166 μὲν
1069 4089 1235 4148 ἀδικῶ
1252 4133 1270 4167 ,
1304 4091 1563 4167 μηδεμιᾶς
1592 4089 1902 4170 συγγνώμης
1929 4090 2126 4171 τυγχά-

452 4207 461 4214 ·
570 4198 673 4246 νειν
692 4199 705 4213 ·
730 4176 820 4235 ἐὰν
849 4174 905 4235 δὲ
928 4175 1049 4257 περὶ
1092 4175 1288 4237 τούτων
1314 4175 1570 4248 ἀποδείξω
1604 4184 1673 4247 ὡς
1700 4181 1799 4239 οὐκ
1826 4178 2002 4258 ἔνοχός
2021 4181 2128 4255 εἰμι

494 4273 547 4314 36
574 4253 652 4328 οἷς
684 4263 869 4340 Σίμων
896 4263 1222 4341 διωμόσατο,
1252 4265 1425 4333 ἄλλως
1449 4265 1504 4326 δὲ
1534 4271 1656 4344 ὑμῖν
1686 4266 1955 4350 φαίνωμαι
1981 4265 2128 4348 παρὰ

574 4348 671 4420 τὴν
712 4347 922 4420 ἡλικίαν
950 4348 1047 4421 τὴν
1078 4353 1309 4429 ἐμαυτοῦ
1340 4354 1681 4435 ἀνοητότερον
1707 4355 1836 4434 πρὸς
1868 4353 1930 4413 τὸ
1955 4355 2130 4434 μειρά·

573 4459 683 4496 κιον
703 4436 949 4503 διατεθείς
965 4481 984 4514 ,
1012 4441 1259 4517 αἰτοῦμαι
1275 4443 1410 4517 ὑμᾶς
1434 4441 1594 4512 μηδέν
1616 4463 1683 4516 με
1699 4440 1865 4520 χείρω
1884 4441 2127 4517 νομίζειν,

570 4523 769 4592 εἰδότας
790 4521 870 4583 ὅτι
892 4525 1211 4600 ἐπιθυμῆσαι
1234 4525 1332 4602 μὲν
1365 4525 1561 4585 ἅπασιν
1595 4526 1883 4607 ἀνθρώποις
1912 4527 2127 4603 ἔνεστιν,

569 4604 715 4680 οὗτος
750 4611 805 4671 δὲ
842 4613 1103 4692 βέλτιστος
1146 4611 1208 4672 ἂν
1244 4613 1325 4685 εἴη
1373 4613 1463 4673 καὶ
1507 4613 1956 4696 σωφρονέστατος,
1988 4614 2126 4684 ὅστις

568 4697 907 4778 κοσμιώτατα
934 4701 1027 4769 τὰς
1046 4700 1313 4783 συμφορὰς
1348 4701 1520 4783 φέρειν
1541 4702 1773 4762 δύναται.
1800 4693 1899 4770 Οἷς
1929 4703 2124 4764 ἅπασιν

570 4785 812 4864 ἐμποδὼν
861 4785 978 4865 ἐμοὶ
1015 4786 1288 4867 γεγένηται
1324 4788 1507 4868 Σίμων
1554 4781 1733 4866 οὗτος,
1760 4793 1830 4860 ὡς
1858 4791 1962 4870 ἐγὼ
2005 4795 2125 4870 ὑμῖν

568 4872 819 4943 ἐπιδείξω.

490 4975 541 5016 au
650 4983 698 5026 s.
741 4961 927 5040 Ἡμεῖς
946 4961 1046 5045 γὰρ
1074 4963 1495 5044 ἐπεθυμήσαμεν,
1527 4956 1572 5025 ὦ
1612 4967 1801 5046 βουλή,
1830 4967 2125 5044 Θεοδότου,

582 5054 892 5114 Πλαταϊκοῦ
928 5051 1227 5133 μειρακίου,
1268 5048 1494 5132 anit-(152
1536 5053 1629 5132 μὲν
1670 5045 1727 5114 εῦ
1755 5059 1918 5114 ποιῶν
1967 5055 2122 5116 αὖτὸν

2229 703 2438 752 mortem
2455 703 2790 766 exspectarent
2805 703 2938 754 ultro
2949 704 3012 754 ad
3029 719 3082 756 se
3097 707 3391 771 venientem,
3407 709 3484 758 sed
3497 710 3709 773 pulcherri-

2230 807 2362 844 mam
2377 795 2858 861 honestissimamque
2873 797 3118 861 eligerent.
3179 801 3300 850 Nam
3316 802 3517 864 prolecto
3531 807 3712 857 melioria

2229 888 2444 953 ipsorum
2459 903 2708 954 nunquam
2725 891 3075 956 exstinguetur,
3093 907 3182 944 uec
3197 877 3426 958 senescet3
3443 897 3488 946 et
3501 898 3710 950 eorundum

2228 983 2436 1036 honores
2459 997 2648 1049 semper
2675 985 2904 1036 omnibus
2935 987 3188 1050 expetendi
3220 990 3362 1040 erunt
3389 991 3436 1040 et
3463 993 3712 1054 praedicandi.

2233 1079 2333 1144 (80)
2359 1079 2458 1138 Qui
2485 1079 2682 1144 quidem
2699 1080 2765 1131 ob
2782 1081 3010 1132 humanm
3023 1084 3216 1134 natum
3236 1084 3538 1136 conditionem
3551 1085 3714 1135 lacrimis

2229 1171 2470 1224 donantur
2492 1176 2550 1225 ut
2565 1175 2792 1225 mortales
2803 1211 2820 1238 ‚
2834 1175 2900 1225 ob
2917 1176 3150 1227 virtutem
3168 1190 3282 1228 vero
3305 1178 3578 1229 celebrantur
3595 1180 3638 1227 ut
3649 1180 3716 1228 im·

2227 1267 2470 1316 mortales.
2489 1255 2700 1318 Publicis
2713 1268 2894 1341 quippe
2910 1268 3185 1332 sumptibus
3201 1253 3504 1334 sepdiunlur,
3521 1271 3564 1321 et
3577 1271 3661 1320 ludi
3673 1284 3714 1320 an

2229 1361 2490 1410 oei-nmina
2531 1375 2676 1425 super
2708 1362 2779 1413 eis
2811 1366 3022 1426 aguntur
3047 1365 3224 1416 virium
3236 1403 3253 1428 ,
3287 1366 3539 1430 sapientiae,
3569 1367 3714 1416 divitia·

2229 1465 2368 1514 rum3
2385 1453 2525 1516 quasi
2543 1455 2858 1518 nernpe'u‘qui
2875 1455 3070 1506 inbello
3080 1457 3374 1519 ceciderunt,
3391 1455 3716 1508 mdemdomdi

2227 1544 2324 1596 sint
2345 1546 2610 1598 honoribus
2625 1547 2804 1611 quibus
2819 1549 3022 1600 deorum
3037 1550 3382 1602 immortalium
3401 1551 3592 1601 numina.
3643 1552 3714 1612 (81)

2229 1641 2327 1701 Ego
2347 1639 2492 1702 igitur
2509 1639 2636 1702 ipsos
2656 1639 2828 1692 beatos
2847 1641 3058 1705 prodico
3071 1679 3090 1706 ,
3115 1643 3328 1707 ipsisque
3347 1647 3536 1695 mortem
3553 1645 3716 1704 invideo,

2227 1733 2278 1782 et
2307 1731 2396 1782 hos
2427 1731 2556 1782 solos
2587 1733 2716 1783 inter
2735 1735 2968 1784 mortales
2999 1747 3104 1785 esse
3123 1735 3348 1799 arbitror,
3373 1750 3490 1800 quos
3505 1741 3623 1787 natos
3641 1750 3716 1786 ωε

2229 1823 2458 1887 poenitere
2475 1835 2574 1872 non
2590 1822 2762 1885 debet,
2785 1825 2901 1888 qui,
2921 1825 3146 1876 mortalia
3161 1839 3364 1889 corpora
3383 1827 3528 1878 sortiti
3539 1867 3552 1890 ‚
3570 1829 3718 1880 immor-

2226 1915 2374 1964 talem
2391 1915 2582 1966 virtutis
2601 1929 2706 1966 suaa
2721 1919 3008 1968 memoriam
3025 1919 3340 1983 reliquerunt.
3361 1922 3522 1972 Priscis
3536 1923 3666 1972 tam
3681 1923 3716 1970 et

2228 2007 2468 2059 consuetis
2487 2009 2706 2059 moribus
2725 2009 2992 2072 parendum
3011 2013 3112 2072 est,
3133 2014 3384 2077 patriaque
3405 2013 3500 2078 lege
3519 2013 3714 2064 observata

2226 2097 2388 2161 lugere
2407 2111 2468 2149 ac
2483 2099 2674 2163 plorare
2687 2101 2880 2164 oportet
2899 2102 3123 2164 sepultos.

2933 2375 3043 2434 111.

2383 2527 2782 2591 ADVERSUS
2819 2523 3180 2594 summm
3225 2533 3598 2596 DEFENslo.

2284 2691 2450 2747 Quum
2472 2687 2629 2738 multa
2649 2689 2700 2738 et
2719 2689 2884 2751 gravia
2909 2689 3088 2753 flagitia
3117 2705 3150 2741 a
3169 2691 3368 2744 Simone
3391 2693 3630 2757 perpetrata
3645 2703 3719 2741 esse

2223 2775 2442 2824 noverim
2454 2811 2470 2837 ,
2501 2775 2774 2838 senatores,
2792 2790 3044 2840 nunquam
3065 2781 3312 2842 putassem
3333 2781 3464 2832 illum
3483 2794 3536 2831 eo
3556 2778 3719 2830 audacia

2224 2873 2588 2926 processurum,
2603 2864 2661 2913 ut
2673 2875 2881 2925 quorum
2899 2877 3066 2928 poenas
3083 2866 3246 2929 ipsum
3263 2867 3378 2918 dare
3393 2867 3608 2932 oportuit,
3623 2864 3720 2914 deii·
3750 2923 3751 2926 ,

2223 2948 2362 3010 quasi
2385 2948 2556 3011 iniuria
2579 2950 2782 3000 arrectus
2793 2952 3146 3004 accusationem
3173 2954 3468 3018 institueret,
3485 2956 3532 3006 et
3549 2953 3718 3015 suscepto

2223 3037 2359 3087 tanto
2379 3039 2432 3088 et
2449 3039 2549 3088 tam
2566 3037 2700 3100 gravi
2713 3038 2990 3100 iuramento
3013 3039 3076 3090 ad
3087 3054 3177 3091 vos
3194 3042 3458 3094 accederet.
3517 3041 3578 3106 (2)
3595 3037 3716 3097 Quod·

2220 3124 2262 3174 si
2283 3123 2489 3174 aliorum
2515 3125 2820 3188 quorundam
2859 3127 3024 3178 suisset
3047 3128 3110 3178 de
3137 3142 3248 3180 mea
3272 3143 3416 3180 causa
3434 3131 3641 3188 statuere,
3659 3125 3715 3187 iu·

2221 3213 2335 3263 dicii
2355 3214 2629 3277 periculum
2655 3227 2755 3265 non
2772 3215 3080 3268 mediocriter
3099 3218 3474 3284 pertimuissem,
3490 3219 3640 3283 quippe
3659 3213 3720 3277 qui

2220 3301 2538 3352 intellexerim
2566 3303 2946 3355 machinationes
2969 3307 3021 3356 et
3047 3319 3186 3357 casus
3207 3307 3417 3359 incertos
3435 3309 3498 3358 ita
3516 3301 3718 3368 aliquando

2221 3391 2380 3442 valere
2389 3426 2406 3452 ,
2425 3393 2484 3442 ut
2506 3392 2662 3442 multa
2685 3392 2778 3442 reis
2797 3395 2972 3457 praeter
2987 3394 3266 3457 opinionem
3279 3395 3520 3457 eveniant3
3536 3391 3642 3457 apud
3658 3401 3720 3438 vos

2220 3491 2335 3529 vero
2353 3492 2548 3530 causam
2565 3479 2785 3532 dicturus
2795 3516 2813 3543 ,
2830 3494 2968 3545 spero
2985 3495 3066 3532 me
3085 3496 3144 3534 ea
3159 3497 3274 3547 qua».
3286 3485 3416 3548 jnsta
3431 3485 3520 3534 sint
3535 3492 3716 3532 consem-

2219 3567 2399 3618 turum.
2420 3567 2488 3631 (³)
2501 3571 2822 3619 commoveor
2843 3571 3005 3620 autem
3018 3571 3344 3638 potissimum,
3367 3573 3606 3632 senatores,
3621 3563 3718 3632 quod

2217 3655 2620 3707 noeessehabeam
2630 3670 2792 3710 coram
2801 3658 2938 3708 vobis
2947 3658 3104 3710 dioere
3113 3660 3174 3710 de
3187 3661 3246 3711 iis
3261 3661 3545 3722 vulneribus,
3559 3667 3718 3723 quorum

2218 3755 2318 3806 prae
2335 3743 2538 3807 pudore,
2553 3743 2594 3794 si
2615 3746 2796 3796 multos
2819 3745 2934 3795 mihi
2947 3747 3164 3798 conscios
3183 3761 3340 3800 essem
3359 3749 3605 3809 habiturus,
3623 3744 3718 3806 inju-

2218 3831 2312 3881 rias
2326 3844 2466 3895 aequo
2482 3833 2644 3882 animo
2661 3833 2978 3896 pertulissem.
2991 3837 3054 3884 At
3069 3849 3222 3898 quum
3239 3837 3374 3888 Simo
3390 3850 3467 3888 me
3479 3837 3526 3886 in
3537 3829 3719 3896 eimedi

2217 3919 2544 3969 necessitatem
2575 3921 2850 3984 conjecerit,
2873 3923 3036 3972 omnia
3055 3923 3193 3973 vobis
3227 3937 3466 3990 exponam
3497 3935 3596 3987 quoe
3617 3918 3716 3983 gesta

2217 4008 2347 4070 sunt,
2359 4007 2474 4057 nihil
2484 4021 2678 4072 prorsus
2685 4008 3005 4060 dissimulans.
3023 4011 3090 4074 (4)
3107 4013 3308 4065 Postulo
3321 4015 3498 4075 autem,
3509 4011 3720 4066 senatores»

2221 4095 2263 4144 si
2289 4096 2340 4145 in
2365 4096 2508 4158 culpa
2535 4097 2680 4148 fuisse
2709 4097 2892 4161 videar,
2915 4098 3099 4150 nullam
3129 4113 3208 4151 me
3231 4114 3262 4152 a
3283 4102 3422 4153 vobis
3449 4099 3613 4152 veniam
3635 4107 3720 4144 ωε·

2223 4185 2390 4246 sequi:
2419 4186 2472 4235 at
2501 4185 2542 4234 si
2573 4184 2635 4236 de
2657 4186 2734 4236 his
2765 4185 2911 4237 rebus
2944 4187 3338 4240 demonstravero
3363 4203 3442 4241 me
3460 4189 3566 4240 nihil
3594 4194 3722 4235 eorum

2222 4272 2518 4323 commisisse
2541 4287 2654 4336 quae
2693 4273 2814 4324 mihi
2837 4274 2972 4325 simo
2989 4275 3182 4337 iuratus
3213 4277 3470 4340 objecerit3
3501 4277 3600 4326 licet
3620 4268 3724 4319 vohis

2223 4361 2602 4424 comparuerim,
2628 4363 2803 4425 praeter
2823 4365 3018 4413 aetatern
3035 4377 3222 4426 meam,
3239 4365 3410 4426 iuveni
3429 4363 3562 4415 alicui
3577 4363 3721 4423 impen-

2221 4447 2322 4498 sius
2342 4447 2612 4512 studuisse,
2639 4463 2754 4513 rogo
2781 4463 2868 4500 vos
2892 4450 3011 4500 nihil
3040 4450 3102 4500 de
3119 4465 3198 4502 me
3217 4453 3414 4515 gravius
3437 4449 3647 4507 sentiatis,
3669 4445 3722 4491 in·

2218 4535 2484 4599 telligeutes
2499 4537 2732 4587 nimirum
2749 4537 3062 4602 cupiditatem
3091 4539 3319 4591 omnibus
3345 4538 3600 4590 hominibus
3615 4547 3639 4583 a
3657 4543 3722 4580 na·

2217 4624 2328 4672 tura
2350 4637 2452 4674 esse
2469 4625 2661 4675 insitam
2674 4662 2689 4687 ‚
2717 4639 2832 4676 eum
2851 4639 2966 4676 vem
2978 4627 3160 4689 optime
3179 4630 3230 4678 et
3251 4627 3486 4693 sapienter
3501 4639 3549 4676 se
3565 4631 3720 4687 gemm·

2217 4712 2304 4774 qui
2333 4711 2752 4764 incommoditates
2774 4727 2806 4763 a
2839 4715 3104 4777 cupiditate
3135 4717 3375 4779 profectas
3401 4709 3722 4766 moderatissime

2219 4799 2342 4850 terre
2364 4800 2530 4863 possit.
2609 4806 2730 4861 Qum
2748 4816 2810 4852 ne
2827 4802 2996 4854 fierent
3015 4803 3103 4854 iste
3119 4803 3238 4854 mihi
3259 4805 3311 4853 in
3330 4801 3546 4854 omnihus
3561 4793 3721 4860 impedi·

2216 4889 2382 4938 mento
2403 4887 2522 4952 mit,
2547 4891 2604 4940 ut
2621 4903 2710 4953 ego
2737 4890 2875 4942 vobis
2892 4891 3296 4942 commonstrabo.

2281 4981 2327 5028 5.
2371 4979 2468 5028 Nos
2513 4977 2640 5028 enim
2651 5015 2668 5041 ,
2709 4981 2982 5044 senatores,
3019 4979 3324 5030 Theodotum
3363 4973 3726 5030 adolescentulum

2217 5063 2530 5116 Plataeensem
2551 5065 2696 5116 ambo
2711 5067 3064 5119 -adamavimus
3083 5071 3238 5128 Quem
3264 5081 3352 5132 ego
3377 5065 3604 5120 beneficiis
3631 5071 3726 5110 σου·

575 5138 747 5210 ἠξίουν
771 5131 904 5200 εἶναι’
929 5162 1019 5219 μοι
1042 5141 1208 5222 φίλον,
1252 5132 1395 5210 οὗτος
1421 5141 1477 5201 δὲ
1517 5143 1736 5224 ὖὸρίζων
1774 5144 1863 5204 καὶ
1890 5168 2122 5226 παρανο·
2212 5151 2440 5224 iunctum
2463 5154 2582 5206 mihi
2601 5169 2706 5206 esse
2724 5156 2856 5207 volui
2863 5195 2882 5222 ,
2905 5158 2994 5209 iste
3015 5159 3182 5208 autem
3197 5157 3499 5210 contumeliis
3513 5157 3560 5206 et
3577 5147 3726 5214 iniutiis

570 5231 681 5308 μῶν
698 5228 830 5311 ᾤετο
852 5229 1165 5310 ἀναγκάσειν
1194 5229 1346 5290 αὐτὸν
1366 5231 1529 5291 ποιεῖν
1555 5231 1588 5291 ὅ
1612 5255 1663 5292 τι
1688 5233 1941 5313 βούλοιτο.
1973 5229 2121 5296 Ὅσα
2215 5256 2266 5293 se
2289 5255 2432 5308 posse
2447 5256 2617 5308 cogere
2643 5245 2931 5298 existimavit
2949 5246 3012 5298 ad
3029 5245 3392 5321 exsequendum
3415 5243 3718 5330 quodcum‘ifl‘
