3825 5842
110 509 350 593 (Η)

103 642 297 722 μετόχου
314 648 404 702 τοῦ
429 638 705 723 μειρακίου
727 640 868 711 ὄντος
887 646 980 701 τοῦ
1000 641 1155 727 φόνου
1171 690 1188 719 ,
1215 649 1307 707 οὗκ
1330 647 1395 707 ἃν
1417 647 1628 717 δικαίως

105 730 202 790 οὐδὲ
219 731 360 799 ὁσίως
379 730 657 791 ἀπολύοιτε
679 730 850 791 αὐτόν.
878 731 1019 793 Οὔτε
1037 733 1138 815 γὰρ
1152 737 1304 813 ἡμεῖς
1317 781 1334 810 ,
1361 740 1408 795 οἱ
1431 737 1516 797 διὰ
1533 737 1628 809 τὴν

103 818 270 878 τούτων
295 818 554 900 ἁμαρτίαν
571 818 962 901 διαφθαρέντες,
985 820 1228 882 αὐθένται
1245 824 1629 904 καταγνωσθέν-

39 931 85 975 40
103 930 171 974 τες
189 906 314 979 ὅσια,
334 908 446 967 ἀλλ’
475 906 639 967 α’νόσι’
659 906 722 967 ἂν
746 907 1001 987 πάθοιμεν
1023 912 1108 991 ὑφ’
1138 914 1300 989 ὑμῶν·
1331 912 1438 972 οὔθ’
1463 916 1510 973 οἱ
1535 919 1629 973 θα-

103 996 394 1063 νατώσαντες
426 1000 566 1073 ἡμᾶς
599 995 674 1074 μὴ
702 996 990 1076 εἰργόμενοι
1017 1004 1122 1059 τῶν
1145 1000 1511 1080 προσηκόντων
1540 1004 1629 1061 εὖ·

106 1083 294 1143 σεὸοῖντ’
315 1084 376 1144 ἂν
394 1084 496 1145 ὕπὸ
513 1088 618 1145 τῶν
637 1086 1008 1147 ἀπολυσάντων
1026 1086 1143 1156 τοὺς
1167 1088 1420 1156 ἀνοσίους.
1447 1089 1631 1163 Πάσης

105 1174 144 1230 δ’
177 1172 292 1254 ὑπὲρ
329 1173 537 1233 πάντων
565 1178 658 1245 τῆς
694 1176 904 1247 κηλῖδος
931 1178 1001 1245 εἰς
1041 1180 1177 1254 ὑμᾶς
1220 1176 1631 1258 ἀναφερομένης,

105 1260 249 1333 πολλὴ
272 1260 514 1321 εὗλάὸεια
541 1266 664 1341 ὖμῑν
685 1262 882 1323 τούτων
900 1263 1118 1337 ποιητέα
1143 1264 1278 1325 ἔστί·
1302 1265 1632 1325 καταλαὸόν-

105 1372 174 1416 τες
195 1348 279 1427 μὲν
302 1348 400 1431 γὰρ
428 1348 584 1409 αὐτὸν
607 1349 699 1410 καὶ
727 1349 981 1431 εἴρξαντες
1005 1344 1078 1413 ὦν
1102 1356 1130 1413 ὁ
1158 1352 1314 1433 νόμος
1346 1352 1506 1437 εἴργει
1527 1378 1632 1413 κα-

108 1438 231 1518 θαροὶ
258 1439 354 1497 τῶν
376 1438 725 1518 ἐγκλημάτων
753 1438 930 1500 ἔσεσθε
944 1486 962 1520 ,
996 1440 1351 1510 ἀπολύσαντες
1379 1440 1434 1500 δὲ
1462 1442 1632 1502 ὗπαί-

33 1540 191 1593 {unm
205 1524 522 1587 καθίστασθε.
587 1524 676 1607 (18)
696 1528 808 1600 Τῆς
829 1520 918 1586 οὖν
933 1528 1180 1609 ὑμετέρας
1199 1528 1462 1597 εὗσεὸείας
1479 1528 1628 1591 ἕνεκα

107 1612 184 1671 καὶ
205 1616 298 1671 τῶν
321 1613 494 1693 νόμων
524 1614 812 1695 ἀπάγοντες
840 1619 1148 1696 τιμωρεῖσθε
1181 1616 1356 1691 αὐτόν,
1385 1616 1535 1677 αὐτοί
1576 1641 1632 1678 τε

109 1698 172 1779 μὴ
195 1702 516 1779 μεταλάὸητε
535 1707 628 1775 τῆς
649 1702 831 1764 τούτου
846 1702 1057 1785 μιαρίας
1070 1750 1088 1783 ,
1106 1708 1234 1782 ἡμῖν
1252 1728 1310 1764 τε
1327 1712 1433 1773 τοῖς
1455 1708 1633 1785 γονεῦ-

107 1812 192 1863 σιν,
226 1788 272 1849 oi
295 1794 476 1861 ζῶντες
512 1790 952 1873 κατορωρύγμεθα
991 1792 1078 1851 ὑπ’
1107 1793 1262 1853 αὐτοῦ
1279 1838 1298 1874 ‚
1344 1790 1467 1873 δόξῃ
1509 1798 1632 1873 γοῦν

107 1876 420 1962 Ξλαφροτέραν
438 1878 534 1954 τὴν
558 1879 828 1963 συμφορὰν
852 1878 1244 1955 καταοτήσατε.’

677 2070 1041 2102 ψ

827 2200 877 2263 δ.

54 2352 78 2393 ⁸
411 2357 500 2409 ΕΞ
531 2357 891 2409 mosoma
923 2359 966 2409 Ο
997 2360 1295 2411 ΥΣΤΕΡΟΣ.

171 2509 351 2567 Τοῦτον
375 2508 471 2587 μὲν
500 2506 636 2577 εἰκὸς
656 2508 784 2590 πρὸς
799 2507 893 2582 τὴν
917 2508 1102 2569 ἑαυτοῦ
1124 2507 1444 2591 κατηγορίαν
1465 2532 1636 2591 προσ-

111 2593 272 2673 έχοντα
297 2595 382 2655 τὸν
418 2602 542 2657 νοῦν
575 2596 651 2675 μὴ
695 2601 879 2676 μαθεῖν
907 2596 1002 2671 τὴν
1031 2597 1316 2679 ἀπολογίαν
1340 2622 1466 2675 μου,
1501 2601 1638 2678 ὑμᾶς

109 2682 156 2741 δὲ
185 2683 278 2765 χρὴ
312 2684 585 2764 γινώσκειν
611 2683 693 2744 ὅτι
719 2689 872 2764 ἡμεῖς
900 2684 994 2762 μὲν
1023 2686 1072 2745 οἱ
1108 2684 1356 2745 ἀντίδικοι
1393 2685 1511 2746 κατ’
1547 2684 1638 2746 εύ-

109 2794 228 2830 νοιαν
247 2773 495 2853 κρίνοντες
515 2772 576 2832 τὸ
598 2781 820 2855 πρᾶγμα
848 2771 1056 2841 εἰκότως
1075 2772 1250 2833 δίκαια
1276 2773 1514 2856 ἑκάτεροι
1541 2778 1635 2835 αὖ·

43 2876 89 2916 ιο
109 2856 207 2927 τοὺς
229 2861 429 2941 οἰόμεθα
454 2860 649 2943 λέγειν,
685 2864 825 2940 ὑμᾶς
847 2860 902 2921 δὲ
934 2861 1088 2929 ὁσίως
1119 2866 1244 2944 ὁρᾶν
1276 2862 1531 2945 προσήκει
1569 2862 1638 2923 τὰ

109 2952 394 3031 πραχθέντα·
429 2952 496 3033 (2)
517 2953 576 3011 ἐκ
601 2954 705 3011 τῶν
732 2950 1025 3029 λεγομένων
1064 2951 1166 3034 γὰρ
1191 2956 1226 3024 ἡ
1255 2954 1471 3025 ἀλήθεια
1517 2977 1639 3015 σκε-

109 3037 222 3098 mia
249 3042 408 3100 αὐτῶν
435 3044 599 3101 ἐστιν.
640 3038 784 3119 Ἐγὼ
811 3039 896 3118 δέ,
922 3042 968 3099 εἰ
999 3038 1092 3117 μέν
1121 3063 1173 3099 τι
1206 3042 1390 3121 ψεῦδος
1424 3043 1638 3126 εἴρηκα,

107 3128 318 3204 ὁμολογῶ
341 3126 432 3187 καὶ
449 3124 524 3187 τὰ
551 3130 712 3208 ὀρθῶς
741 3124 988 3207 εἰρημένα
1016 3127 1456 3209 προσδιαὸάλλειν
1483 3130 1637 3190 ἄδικα

109 3202 236 3271 εἶναι·
253 3216 364 3275 εἰδὲ
387 3216 562 3289 ἀληθῆ
585 3214 700 3294 μέν,
727 3213 897 3274 λεπτὰ
926 3212 981 3274 δὲ
1003 3215 1094 3275 καὶ
1119 3215 1342 3297 ἀκριόἥ,
1360 3220 1454 3277 οὔκ
1481 3220 1586 3298 ἐγὼ
1612 3222 1640 3279 ὁ

107 3299 270 3382 λέγων,
298 3306 410 3365 ἀλλ’
432 3308 462 3364 ὁ
483 3302 688 3386 πράξας
715 3302 810 3376 τὴν
836 3302 1117 3384 ἀπέχθειαν
1145 3306 1314 3365 αὐτῶν
1335 3305 1529 3376 δίκαιος
1549 3306 1639 3390 <pt-

113 3392 266 3469 ρισθαί
282 3396 405 3453 ἐστι.

169 3500 211 3541 s.
247 3481 398 3543 Θέλω
436 3480 497 3541 δὲ
527 3482 662 3559 ὑμᾶς
699 3482 908 3562 πρῶτον
940 3485 1123 3559 μαθεῖν
1171 3481 1249 3542 ὅτι
1295 3485 1392 3544 οὐκ
1433 3484 1522 3544 ἐάν
1566 3508 1642 3551 τις

111 3566 266 3651 φάσκῃ
302 3570 632 3643 ἀποκτεῖναι,
658 3568 799 3629 τοῦτ’
833 3566 992 3645 ἔστιν,
1020 3573 1139 3631 ἀλλ’
1183 3572 1272 3632 ἐάν
1295 3596 1372 3639 τις
1399 3574 1638 3656 ἐλεγχθῇ.

45 3672 84 3712 1⁵
107 3647 254 3726 Οὗτος
273 3658 326 3718 δὲ
345 3660 616 3737 ὁμολογῶν
633 3656 694 3717 τὸ
712 3656 858 3739 ἔργον
875 3657 948 3722 ὥς
971 3658 1126 3731 ἡμεῖς
1149 3654 1367 3733 λέγομεν
1384 3655 1640 3734 γενέσθαι,

109 3744 222 3825 ὑπὲρ
247 3752 333 3807 τοῦ
357 3746 760 3815 ἀποκτείναντος
781 3742 1132 3827 ἀμφισόητεῖ,
1162 3742 1218 3803 ὃν
1257 3743 1507 3804 ἀδύνατον
1541 3746 1640 3802 ἀλ-

107 3833 302 3913 λαχόθεν
321 3837 357 3908 ἢ
371 3838 432 3896 ἐκ
448 3838 560 3896 τῶν
575 3834 913 3917 πραχθέντων
932 3834 1232 3907 δηλοῦσθαι.
1251 3832 1312 3915 (t)
1333 3832 1642 3912 Σχετλιάζει

111 3920 156 3977 δὲ
175 3926 336 3992 κακῶς
361 3922 572 3983 ἀκούειν
602 3922 817 4005 φάσκων
845 3921 934 3981 τὸν
970 3921 1164 3995 παῖδα,
1202 3922 1248 3979 εἰ
1275 3920 1409 3999 μήτε
1433 3920 1643 3981 ἀκοντί-

112 4030 190 4077 ⁶0<
215 4010 330 4088 μήτ’
359 4012 640 4085 ἐπινοήσας
672 4010 918 4083 αὐθέντης
941 4008 1014 4069 ὢν
1044 4007 1409 4069 ἀποδέδεικται
1423 4054 1442 4089 ,
1471 4008 1564 4069 καὶ
1584 4012 1644 4069 οὗ

111 4096 218 4176 πρὸς
239 4097 304 4158 τὰ
327 4099 590 4181 λεγόμενα
614 4102 966 4179 ἀπολογεῖται·
995 4098 1056 4157 οὗ
1085 4096 1187 4177 γὰρ
1225 4096 1495 4157 ἀκοντίσαι
1531 4095 1648 4157 οὐδὲ

113 4186 268 4263 βαλεῖν
291 4187 446 4249 αὐτόν
469 4210 609 4271 φημι
625 4186 714 4247 τὸν
732 4188 897 4246 παῖδα
912 4230 930 4265 ,
952 4186 1070 4245 ἀλλ’
1096 4184 1196 4243 ὑπὸ
1214 4184 1309 4257 τὴν
1325 4181 1534 4261 πληγὴν
1555 4188 1646 4244 τοῦ

48 4287 94 4327 ²⁰
115 4274 324 4335 ἂκοπίου
361 4276 654 4337 ὑπελθόντα
684 4278 783 4357 οὔχ
808 4274 910 4334 ὑπὸ
938 4280 1030 4334 τοῖ’»
1068 4271 1336 4356 μειρακίω
1350 4319 1369 4352 ,
1399 4274 1514 4331 ἀλλ’
1559 4275 1644 4355 ‘³3³’

115 4362 272 4423 taut&
291 4366 657 4449 διαφθαρῆναι·
681 4366 740 4424 οὔ
753 4363 856 4446 γὰρ
879 4362 1168 4445 ἀτρεμίζων
1188 4360 1431 4423 ἀπέθανε.
1455 4362 1568 4434 Τῆς
1590 4360 1649 4421 δὲ

117 4448 366 4532 διαδρομῆς
405 4453 581 4523 αἰτίας
619 4451 813 4525 ταύτης
854 4450 1125 4531 γινομένης
1142 4494 1157 4525 ,
1199 4452 1244 4509 εἰ
1287 4448 1382 4528 μὲν
1421 4448 1525 4509 ὑπὸ
1555 4454 1645 4509 τοῦ

117 4538 424 4622 παιδοτρίὸου
460 4538 781 4618 καλούμενος
821 4538 1096 4620 διέτρεχεν,
1137 4541 1166 4596 ὁ
1203 4534 1544 4618 παιδοτρίὸης
1583 4534 1647 4597 ἂν

117 4626 396 4697 ἆποκτείνας
431 4627 590 4688 αὐτὸν
622 4627 734 4701 εἴη,
766 4629 811 4687 εἷ
838 4627 882 4687 δ’
910 4630 998 4708 ὑφ’
1023 4630 1206 4686 ἑαυτοῦ
1229 4624 1454 4693 πεισθεὶς
1479 4628 1648 4697 ὑπῆλ-

118 4716 355 4787 instita<
371 4719 464 4799 ὕφ’
491 4719 679 4776 ἑαυτοῦ
702 4714 1022 4797 διέφθαρται.
1067 4712 1132 4795 (s)
1159 4712 1320 4775 Θέλω
1347 4712 1402 4772 δὲ
1426 4711 1501 4791 μὴ
1520 4712 1648 4793 πρό-

55 4822 98 4861 as
119 4822 240 4881 τερον
265 4806 342 4863 ἐπ’
367 4806 532 4865 ἄλλον
557 4804 708 4884 λόγον
733 4808 964 4885 ὁρμῆσαι
987 4802 1024 4875 ἢ
1049 4801 1110 4862 τὸ
1143 4801 1290 4883 ἔργον
1303 4800 1394 4861 ιέτι
1415 4800 1649 4883 φανερώ-

117 4908 242 4969 τερον
256 4897 612 4967 καταστῆσαι,
635 4891 885 4973 ὁποτέρου
905 4894 1072 4951 αὐτῶν
1094 4889 1224 4952 ἐστί.
1249 4889 1330 4952 Τὸ
1353 4885 1448 4969 μὲν
1469 4888 1650 4969 μειρά-

119 4996 212 5033 κιον
227 4980 420 5049 οὐδενὸς
448 4982 650 5059 μᾶλλον
677 4982 782 5039 τῶν
811 4975 1258 5058 συμμελετώντων
1277 4977 1385 5037 ἐστὶ
1414 4980 1506 5036 τοῦ
1529 4998 1651 5037 σκο·

119 5068 202 5121 ποῦ
219 5066 466 5149 ἁμαρτόν,
492 5068 610 5129 οὐδὲ
633 5072 736 5129 τῶν
759 5066 1178 5145 ἐπικαλουμένων
1202 5088 1252 5126 τι
1274 5064 1360 5125 διὰ
1379 5062 1474 5138 τὴν
1492 5068 1650 5125 αὑτοῦ

121 5150 354 5234 ἁμαρτίαν
382 5157 650 5238 δέδρακεν·
677 5161 706 5216 ὁ
729 5155 786 5216 δὲ
813 5164 936 5223 παῖς
955 5157 1012 5217 οὗ
1035 5152 1202 5215 ταύτὰ
1224 5161 1330 5223 τοῖς
1353 5152 1652 5233 συνθεωμέ-

121 5260 204 5308 νοις
223 5244 368 5323 δρῶν,
385 5246 510 5305 ἀλλ’
535 5247 606 5314 εἰς
631 5244 728 5319 τὴν
750 5244 868 5305 ὁδὸν
892 5249 982 5305 τοῦ
1008 5242 1246 5304 ἀκοντίου
1273 5242 1526 5317 ὑπελθών,
1554 5265 1652 5302 σα-

123 5328 212 5405 φῶς
235 5332 475 5407 δηλοῦται
501 5333 648 5417 παρὰ
673 5333 772 5409 τὴν
805 5336 964 5393 αὖτοῦ
986 5330 1247 5415 ἁμαρτίαν
1269 5330 1654 5416 περισσοτέρως

305 5446 566 5487 onmts.

1063 516 1576 581 ANTIPHONTIS
1618 520 2113 584 TETRALOGIA
2154 523 2229 597 Π,
2274 529 2329 583 4.
3200 540 3275 593 17

1717 658 1864 739 credis
1879 660 2160 724 participem
2177 673 2285 711 esse
2306 680 2318 710 ε
2340 660 2475 711 nullo
2492 659 2636 724 igitur
2662 662 2803 725 pacto
2822 675 2935 713 eum
2956 663 3091 717 salvo
3113 664 3280 717 divino

1719 747 2029 812 humanoque
2056 748 2167 811 iure
2192 748 2467 800 absolvatis.
2498 752 2595 801 Nos
2616 752 2773 813 certe,
2802 764 2927 815 quos
2946 752 3121 803 horum
3138 768 3274 805 error

1719 835 1951 900 perdidit,
1970 850 2069 887 non
2091 837 2239 901 justa,
2258 836 2341 888 sed
2360 837 2562 889 nefanda
2578 840 2834 903 patiamur,
2852 842 2893 891 si
2922 840 3177 893 homicidoe
3192 842 3280 893 de-

1720 924 1960 975 claremur
1981 938 2083 977 esse
2104 946 2116 976 ι
2134 926 2209 977 sin
2230 928 2263 977 ii
2281 927 2367 990 qui
2384 940 2553 979 necem
2572 928 2712 979 istam
2730 929 2869 980 nohis
2880 929 3165 995 attulerunt,
3183 944 3283 981 non

1721 1014 1949 1063 arcentur
1969 1026 2000 1063 a
2024 1014 2201 1077 quibus
2222 1014 2341 1065 locis
2358 1015 2553 1067 arcendi
2582 1019 2696 1067 sunt
2711 1053 2727 1079 ,
2760 1018 3039 1080 religionem
3066 1032 3163 1070 non
3190 1018 3283 1069 ob-

1720 1100 1919 1152 servetis
1939 1101 2241 1154 absolventes
2265 1104 2455 1167 impios.
2544 1106 2716 1169 ltaque
2733 1119 2886 1169 quum
2901 1106 3095 1157 macula
3106 1104 3285 1170 piaculi

1719 1187 1861 1239 vohis
1883 1189 1999 1240 solis
2020 1190 2145 1240 soret
2178 1190 2413 1243 insessura
2425 1229 2441 1255 ,
2476 1206 2667 1243 summa
2710 1194 2933 1245 cautione
2958 1194 3050 1244 hac
3066 1194 3117 1245 in
3143 1207 3287 1245 causa

1721 1276 1860 1327 vobis
1879 1277 2116 1328 utendum
2134 1279 2243 1329 erit.
2324 1283 2447 1331 Nam
2467 1280 2508 1331 si
2526 1280 2769 1332 homicidii
2792 1295 2931 1333 reum
2962 1281 3094 1333 huuc
3118 1280 3285 1333 adole-

1725 1366 1937 1416 scentem
1956 1367 2387 1429 pronuntiaveritis
2418 1368 2560 1432 eique
2576 1369 2696 1419 locis
2716 1370 2893 1424 sanctis
2916 1370 3283 1431 interdixeritis,

1722 1452 1955 1505 vacabitis
1984 1454 2185 1506 crimine
2219 1474 2233 1505 ι
2256 1456 2331 1506 sin
2352 1458 2517 1507 autem
2542 1470 2653 1508 eum
2679 1457 2982 1509 absolveritis
2993 1458 3022 1522 ,'
3038 1458 3129 1522 ipsi
3156 1456 3289 1508 eritis

1723 1540 1882 1604 culpoe
1907 1540 2123 1593 obnoxii.
2168 1542 2266 1607 (η)
2290 1546 2477 1595 Vestrae
2494 1544 2659 1609 itaque
2679 1546 2869 1609 pietatis
2898 1559 3011 1610 ergo
3032 1546 3287 1609 legumque

1721 1629 2013 1680 tuendarum
2026 1668 2043 1695 ,
2058 1630 2353 1683 abducentes
2364 1633 2495 1684 hunc
2510 1633 2678 1697 punite
2687 1652 2704 1698 ;
2722 1634 2791 1685 sic
2806 1634 2937 1685 enim
2954 1632 3211 1696 cavebitis,
3232 1635 3288 1684 ut

1723 1718 2001 1781 spurcitiem
2028 1718 2132 1781 eius
2162 1732 2225 1769 ne
2247 1720 2568 1784 participetis,
2604 1720 2839 1785 nobisque
2866 1721 3171 1785 parentibus,
3203 1723 3287 1785 qui

1723 1804 1786 1855 ab
1820 1806 1914 1856 isto
1954 1806 2053 1855 vivi
2087 1804 2248 1858 adhuc
2280 1807 2453 1859 defossi
2489 1821 2658 1859 sumus
2672 1844 2687 1871 ,
2720 1806 3041 1859 calamitatem
3080 1804 3290 1859 reddetis

1723 1892 1949 1959 opinione
1963 1894 2124 1947 saltim
2141 1896 2529 1949 tolerabiliorem.

2324 2084 2691 2113 ψ

2480 2222 2537 2275 4.

1867 2368 2178 2421 DEFssNslo
2209 2370 2563 2424 Pos‘rnnlon
2594 2370 2885 2421 Esusmffl
2917 2370 3137 2421 cAEms.

1791 2522 2181 2573 consentaneum
2208 2534 2382 2585 nempe
2398 2522 2503 2573 erat
2518 2520 2651 2573 hunc
2662 2558 2678 2585 ,
2698 2520 2991 2573 accusationi
3007 2534 3109 2573 suae
3130 2520 3287 2571 inten-

1728 2608 1836 2661 tum
1849 2610 1900 2659 in
1915 2622 2069 2673 eaque
2084 2610 2177 2661 deli
2184 2624 2299 2661 xum
2314 2647 2331 2674 ,
2350 2610 2675 2664 defensionem
2696 2622 2856 2661 meam
2874 2609 3005 2660 haud
3023 2608 3290 2673 percipere3

1727 2710 1817 2748 vos
1856 2700 2023 2749 autem
2044 2712 2132 2763 par
2154 2700 2229 2749 est
2248 2700 2436 2763 tenere,
2460 2712 2551 2751 nos
2570 2699 2766 2763 quidem
2783 2697 3081 2750 adversarios
3097 2710 3291 2749 musam

1728 2798 1973 2849 quemque
2011 2800 2153 2837 suam
2182 2788 2525 2852 amplectentes
2555 2788 2687 2851 iusta
2718 2788 2767 2838 et
2794 2800 2933 2851 aequa
2959 2785 3121 2837 dicere
3154 2785 3292 2836 nobis

1727 2873 1906 2937 videri,
1925 2887 2015 2925 vos
2036 2876 2201 2926 autem
2218 2875 2388 2926 decere
2404 2877 2571 2926 sancte
2592 2877 2643 2925 et
2668 2888 2835 2926 severe
2860 2888 2964 2925 rem
2980 2874 3173 2925 intueri.
3221 2874 3290 2937 (2)

1729 2963 1850 3012 Nam
1881 2974 1910 3011 e
1949 2962 2202 3025 disputatis
2248 2965 2425 3013 veritas
2464 2975 2629 3015 rerum
2667 2964 2907 3026 gestarum
2947 2961 3157 3013 eruenda
3200 2964 3289 3011 est.

1728 3050 1959 3099 Mentitus
1986 3062 2075 3111 ego
2113 3049 2154 3098 si
2187 3049 2305 3112 quid
2332 3050 2496 3112 suero,
2516 3048 2765 3113 protiteor,
2785 3062 2843 3098 eo
2874 3048 3069 3111 reliquis
3099 3060 3293 3111 quoque

1729 3140 1862 3188 recte
1877 3137 2017 3187 dictis
2028 3136 2259 3187 invidiam
2276 3137 2459 3187 fraudis
2488 3137 2696 3188 atii-icari
2713 3156 2727 3186 ε
2744 3137 2817 3187 sin
2831 3138 2997 3187 autem
3010 3148 3041 3185 a
3052 3148 3131 3185 me
3145 3135 3291 3198 dicta,

1728 3226 1921 3276 tametsi
1934 3224 2174 3277 subtiliter
2186 3227 2237 3275 et
2248 3224 2413 3275 limate
2425 3261 2441 3289 ,
2456 3238 2569 3276 vere
2582 3226 2743 3275 tamen
2761 3224 2889 3275 dicta
2907 3225 3019 3275 sunt
3031 3260 3048 3289 ,
3062 3237 3161 3274 non
3178 3236 3263 3287 ego
3274 3260 3291 3287 ,

1729 3312 1816 3377 qui
1839 3313 1931 3363 ista
1952 3312 2087 3376 dico,
2110 3312 2198 3363 sed
2222 3314 2395 3363 natura
2419 3326 2583 3363 rerum
2614 3312 2831 3365 oratione
2870 3325 2977 3362 mea
3008 3312 3293 3375 agitatarum

1730 3402 1944 3451 meretur
1970 3400 2183 3451 odiosam
2218 3400 2345 3451 hanc
2374 3399 2739 3465 appellationem
2758 3401 2898 3451 serre.

1795 3495 1841 3539 3.
1877 3489 2001 3541 Volo
2018 3489 2183 3553 itaque
2202 3490 2316 3540 ante
2338 3490 2501 3539 omnia
2518 3489 2667 3552 probe
2692 3502 2783 3539 vos
2798 3490 2963 3539 tenere
2974 3525 2991 3551 ,
3018 3500 3116 3539 non
3132 3487 3295 3552 siquis

1731 3576 1876 3627 coedis
1905 3590 2045 3628 reum
2082 3576 2293 3641 aliquem
2328 3577 2456 3639 aiat,
2485 3575 2775 3626 homicidam
2812 3576 2942 3638 lieri,
2979 3574 3069 3626 sed
3095 3574 3295 3627 crimine

1732 3666 2061 3729 comprobato.
2142 3666 2235 3715 ilic
2268 3666 2431 3715 autem
2463 3664 2697 3715 confitens
2732 3677 2835 3715 rem
2878 3664 2947 3714 ita
2976 3664 3137 3713 actem
3164 3675 3293 3725 esse,

1732 3755 1788 3804 ut
1803 3767 1892 3805 nos
1907 3754 2244 3817 exposuimus,
2264 3754 2431 3804 tamen
2448 3752 2509 3803 de
2521 3754 2717 3803 auctore
2734 3752 2883 3802 caedis
2898 3752 3149 3802 ambitiose
3165 3764 3293 3814 qum·

1731 3844 1821 3906 rit,
1840 3842 1902 3893 de
1919 3856 2017 3905 quo
2036 3842 2229 3893 aliunde
2248 3855 2394 3906 quam
2408 3854 2437 3891 e
2454 3840 2592 3892 sactis
2610 3842 2829 3891 constare
2844 3839 3029 3903 nequit.
3060 3838 3128 3903 (4)
3145 3842 3294 3889 Porro

1732 3932 2023 3982 lamentatur
2039 3930 2101 3981 de
2118 3930 2293 3993 injuria
2323 3929 2423 3979 lilio
2441 3942 2531 3979 suo
2550 3930 2675 3979 nicta
2686 3965 2702 3991 ,
2726 3927 2857 3991 quod
2874 3940 2988 3977 eum
3006 3925 3295 3979 homicidam

1733 4020 1808 4070 sui
1827 4018 2256 4069 demonstraverim
2279 4030 2401 4080 esse,
2421 4018 2503 4081 qui
2523 4018 2684 4067 tamen
2708 4028 2799 4066 nec
2820 4014 3062 4065 intorserit
3077 4012 3294 4077 jaculum

1733 4120 1822 4159 uec
1841 4106 2122 4170 cogitaverit
2144 4106 2207 4157 dc
2230 4104 2567 4168 intorquendo.
2585 4107 2687 4167 Ego
2710 4104 2808 4165 ipse
2825 4114 3018 4165 quoque
3038 4113 3160 4163 nego
3182 4112 3294 4162 pue·

1733 4209 1843 4247 rum
1855 4195 2077 4259 iaculum
2093 4194 2356 4262 expediisse
2368 4230 2383 4257 ,
2404 4206 2523 4255 nego
2540 4203 2817 4256 quenquam
2838 4188 2900 4239 ab
2923 4201 2981 4238 eo
2995 4188 3147 4237 ictum
3166 4199 3267 4237 esse
3278 4203 3293 4248 3

1734 4284 2098 4346 verumtamen,
2123 4296 2181 4333 eo
2202 4279 2335 4345 quod
2352 4279 2559 4330 venienti
2582 4278 2681 4328 telo
2706 4290 2759 4327 se
2776 4276 2981 4339 obiecit,
3005 4275 3083 4325 aio
3106 4274 3244 4325 illum
3266 4288 3295 4323 a

1734 4374 1886 4423 semet
1903 4371 2006 4435 ipso
2016 4409 2032 4435 ,
2046 4384 2145 4424 nou
2161 4383 2192 4420 a
2213 4368 2313 4419 illio
2326 4382 2437 4419 meo
2450 4405 2465 4432 ,
2492 4380 2595 4418 esse
2611 4366 2913 4430 peremptum
2936 4384 2947 4414 :
2969 4376 3081 4414 nam
3097 4363 3138 4414 si
3155 4363 3295 4427 quie·

1737 4462 1820 4513 tus
1847 4460 2163 4521 constitisset,
2188 4458 2309 4509 toret
2342 4456 2485 4520 culpa
2516 4455 2649 4507 necis
2674 4452 2726 4504 in
2743 4452 3063 4517 paedotribam
3088 4450 3293 4503 transre-

1737 4547 1914 4613 rends,
1933 4548 1974 4599 si
2002 4548 2041 4598 is
2058 4544 2279 4597 vocando
2298 4558 2504 4609 puerum
2530 4543 2593 4594 ad
2626 4540 2993 4593 discurrendum
3024 4540 3295 4601 invitasset3

1735 4650 1904 4690 verum
1937 4649 2074 4699 puer,
2099 4649 2130 4686 a
2154 4648 2207 4686 se
2234 4635 2338 4697 ipso
2367 4633 2602 4697 impulsus
2629 4632 2840 4685 occurrit
2862 4630 2990 4692 telo;
3008 4630 3297 4693 quapropter

1736 4725 1838 4789 ipse
1867 4738 1921 4775 se
1941 4722 2187 4775 sustulisse
2219 4722 2449 4773 dicendus
2490 4723 2581 4772 est.
2677 4720 2745 4783 (5)
2772 4718 2895 4777 Nolo
2923 4718 2985 4769 ad
3019 4718 3112 4767 alia
3138 4720 3295 4768 trans-

1737 4814 1832 4877 ire,
1895 4814 2175 4876 priusquam
2241 4810 2401 4861 adhuc
2470 4808 2699 4874 liquidius
2753 4820 3033 4871 excussere,
3086 4806 3297 4856 utrinam

1738 4914 1876 4953 casus
1924 4901 2002 4951 hic
2041 4901 2105 4951 sit
2150 4898 2478 4962 imputandus.
2574 4897 2722 4949 Filius
2763 4908 2901 4947 meus
2952 4894 3102 4945 nihilo
3146 4894 3297 4957 magis

1738 5002 1888 5054 quam
1925 4988 2041 5040 socii
2086 4988 2191 5051 ejus
2227 5001 2256 5038 a
2291 4989 2422 5037 meta
2463 4986 2731 5048 aberravit,
2768 4997 2926 5049 neque
2958 4996 3045 5048 per
3087 4994 3296 5034 errorem

1739 5077 2003 5141 quicquam
2026 5088 2196 5127 eorum
2216 5074 2329 5126 fecit
2344 5087 2555 5139 quorum
2572 5074 2851 5125 incusatur:
2878 5085 2999 5136 puer
3018 5072 3183 5121 autem
3199 5080 3297 5118 non

1740 5166 1936 5217 secutus
1973 5164 2249 5229 exemplum
2288 5162 2583 5227 reliquorum
2622 5163 2947 5227 spectatorum
2964 5196 2979 5221 ,
3014 5157 3208 5207 obviam
3245 5168 3298 5205 se

1739 5253 1838 5304 tcio
1877 5251 2035 5316 dedit;
2078 5251 2209 5303 unde
2244 5253 2377 5316 patet
2410 5265 2524 5302 enm
2552 5264 2635 5315 per
2670 5262 2807 5301 suam
2844 5247 2991 5312 ipsius
3020 5244 3212 5301 culpam
3245 5244 3297 5293 in

1741 5342 1925 5392 malum
1956 5340 2201 5404 incidisse,
2239 5340 2370 5403 quod
2405 5340 2465 5389 ad
2510 5339 2671 5402 quiete
2705 5338 2887 5388 stantes
2916 5347 3015 5386 non
3044 5330 3295 5401 pertinuit.
