3825 5842
143 454 376 536 (uz-ml

696 628 1041 677 Murrus.

197 777 257 818 as.
295 752 415 835 Πρὶν
442 749 537 828 μὲν
564 747 733 809 τοίνυν
751 746 957 813 τούτους
983 741 1232 825 γνωρίσαι
1252 740 1348 815 τὴν
1370 740 1637 821 ἄνθρωπον

138 848 209 907 καὶ
230 846 327 923 μετ’
356 842 545 914 ἐκείνης
578 838 945 899 ἐπιδουλεῧσαι
974 834 1307 913 Εὐκτήμονι,
1348 832 1481 893 οὕτω
1507 833 1639 891 πολ-

138 934 211 1007 λὴν
227 932 381 993 οὐσίαν
402 930 647 1001 ἐκέκτητο
670 924 965 1003 Εὐκτήμων
1014 924 1147 1001 μετὰ
1188 929 1281 983 τοῦ
1308 919 1441 989 υἱέος
1477 922 1641 981 Φιλο-

138 1022 373 1094 κτήμονος,
401 1018 533 1078 ὥστε
566 1014 679 1094 ἅμα
705 1038 763 1073 τε
802 1011 871 1072 τὰ
910 1012 1132 1091 μέγιστα
1160 1014 1283 1089 ὗμῖν
1322 1011 1635 1089 λειτουργεῖν

82 1130 119 1171 ιο
142 1082 407 1193 ἀμφοτέρους
437 1110 540 1166 τῶν
582 1127 639 1163 τε
670 1098 900 1181 ἀρχαίων
934 1098 1095 1176 μηδὲν
1139 1102 1401 1178 πραθῆναι
1450 1100 1552 1155 τῶν
1580 1119 1638 1155 τε

140 1201 355 1279 προσόδων
377 1195 684 1273 περιποιεῖν,
714 1188 848 1248 ὥστε
870 1187 951 1247 ἀεί
977 1210 1029 1245 τι
1050 1190 1408 1266 προσκτᾶσθαι
1422 1207 1435 1221 ·
1456 1182 1637 1255 ἐπειδὴ

142 1287 175 1344 δ’
214 1282 480 1355 ἐτελεύτησε
529 1276 907 1354 Φιλοκτήμων,
956 1272 1089 1334 οὕτω
1138 1272 1337 1345 διετέθη
1384 1274 1417 1344 ἡ
1449 1270 1599 1331 οὐσία
1617 1315 1635 1345 ,

140 1372 242 1431 ὥστε
261 1374 351 1430 τῶν
368 1367 601 1450 ἀρχαίων
622 1362 753 1444 μηδὲ
778 1362 847 1423 τὰ
874 1361 1069 1439 ἡμίσεα
1094 1352 1227 1420 εἶναι
1250 1356 1408 1419 λοιπὰ
1435 1356 1637 1425 καὶτὰς

140 1461 365 1540 προσόδους
394 1457 603 1524 ἁπάσας
639 1454 943 1535 ἠφανίσθαι.
1050 1451 1142 1529 (39)
1188 1448 1299 1510 Καὶ
1327 1446 1443 1509 οὐδὲ
1467 1453 1635 1509 ταῦτα

138 1550 356 1629 ἐξήρκεσεν
393 1550 565 1614 αὐτοῖς
610 1532 956 1625 διαφορῆσαι,
989 1530 1033 1599 ὦ
1058 1539 1237 1619 ἄνδρες
1256 1586 1273 1613 ,
1308 1540 1427 1598 ἀλλ’
1457 1536 1634 1609 ἐπειδὴ

137 1640 204 1697 καὶ
232 1634 536 1708 ἐτελεύτησεν
562 1636 589 1691 δ
626 1630 943 1709 Εὐκτήμων,
974 1632 1045 1695 εἰς
1084 1632 1235 1687 τοῦτο
1260 1617 1415 1699 ἦλθον
1441 1622 1639 1701 τόλμης

136 1724 232 1785 ὥστ’
257 1723 429 1784 ἐκείνου
462 1721 705 1799 κειμένου
730 1716 871 1777 ἔνδον
900 1715 1019 1782 τοὺς
1049 1714 1143 1792 μὲν
1180 1713 1385 1780 οἰκέτας
1412 1711 1636 1794 ἐφύλατ-

84 1828 117 1868 ιι
134 1835 217 1886 τον,
238 1810 358 1878 ὅπως
376 1809 557 1888 μηδεὶς
578 1804 887 1885 ἐξαγγείλειε
907 1802 1045 1882 μήτε
1058 1806 1173 1860 ταῖν
1190 1800 1486 1879 θυγατέροιν
1504 1800 1637 1879 μήτε

134 1904 183 1977 τῇ
204 1898 379 1978 γυναικὶ
406 1899 567 1956 αὐτοῦ
590 1893 722 1971 μήτε
746 1895 845 1953 τῶν
874 1890 1074 1951 οἰκείων
1098 1888 1312 1968 μηδενί,
1340 1888 1406 1946 τὰ
1434 1886 1487 1947 δὲ
1502 1887 1635 1968 χρή-

136 2012 249 2063 ματα
278 1986 457 2046 ἔνδοθεν
486 1981 865 2065 ἐξεφορήσαντο
882 1977 1015 2057 μετὰ
1040 1982 1131 2049 τῆς
1146 1976 1415 2058 ἀνθρώπου
1442 1978 1515 2042 εἰς
1540 1974 1636 2047 τὴν

137 2074 361 2155 ὁμότοιχον
388 2073 579 2144 οἰκίαν,
616 2070 683 2142 ἣν
723 2068 849 2151 ᾤκει
878 2063 1269 2145 μεμισθωμένος
1314 2057 1383 2132 εἷς
1424 2062 1636 2136 τούτων,

135 2162 380 2242 Ἀντίδωρος
416 2160 628 2226 ἐκεῖνος.
718 2156 809 2235 (ιο)
844 2154 951 2216 Καὶ
978 2155 1085 2213 οὐδ’
1114 2150 1290 2224 ἐπειδὴ
1321 2149 1503 2231 ἑτέρων
1531 2175 1638 2209 πυ-

135 2248 303 2325 θόμεναι
336 2241 483 2321 ἦλθον
528 2250 585 2305 αἱ
628 2242 903 2325 θυγατέρες
950 2244 1109 2300 αὐτοῦ
1154 2239 1244 2299 καὶ
1275 2244 1309 2311 ἡ
1334 2238 1493 2317 γυνή,
1521 2238 1637 2298 οὐδὲ

133 2336 223 2395 τότε
248 2336 409 2417 ἦφίουν
432 2333 650 2393 εἰσιέναι
664 2375 681 2404 ,
708 2330 823 2389 ἀλλ’
855 2326 1173 2387 ἀπέκλεισαν
1194 2325 1289 2399 τὴν
1328 2325 1510 2408 θύραν,
1536 2325 1635 2409 φοί·

137 2446 303 2491 σκοντες
323 2427 374 2483 οὐ
395 2420 680 2505 προσήκειν
709 2422 887 2486 αὐταῖς
926 2416 1137 2477 θάπτειν
1166 2414 1513 2493 Εὐκτήμονα·
1546 2413 1636 2473 καὶ

134 2512 215 2569 οὐδ’
249 2514 475 2571 εἰσελθεῖν
505 2507 782 2579 ἐδύναντο,
822 2508 867 2564 εἰ
916 2503 991 2583 μὴ
1036 2502 1183 2581 μόλις
1210 2502 1445 2582 καὶπερὶ
1485 2500 1633 2573 ἡλίου

134 2598 309 2674 δυσμάς.
388 2600 477 2676 (ιι)
536 2597 881 2657 Εἶσελθοῦσαι
920 2590 973 2651 δὲ
1001 2589 1291 2651 κατέλαὸον
1320 2590 1510 2649 ἐκεῖνον
1542 2586 1636 2666 μὲν

126 2682 235 2742 ἔνδον
267 2684 485 2761 κείμενον
523 2681 851 2761 δευτεραῖον,
880 2682 951 2745 ὡς
992 2677 1190 2757 ἔφασαν
1219 2677 1267 2733 οἱ
1312 2672 1541 2750 οἰκέται,
1565 2670 1633 2730 τὰ

128 2770 159 2825 δ’
184 2775 229 2829 ἐκ
249 2778 329 2843 τῆς
353 2773 515 2839 οἰκίας
540 2772 749 2831 ἅπαντα
771 2762 1171 2845 ἐκπεφορημένα
1194 2762 1295 2821 ὑπὸ
1321 2760 1537 2821 τούτων.
1565 2760 1635 2818 Αἱ

134 2853 207 2927 μὲν
227 2848 301 2915 οὐν
333 2864 603 2935 γυναῖκες,
633 2849 737 2913 οἷον
768 2852 931 2927 εἰκός,
960 2850 1082 2933 περὶ
1116 2850 1204 2910 τὸν
1232 2852 1636 2922 τετελευτηκότα

134 2934 257 3011 ἦσαν·
286 2937 414 3005 οὗτοι
442 2946 497 3003 δὲ
522 2952 633 3010 τοῖς
662 2940 1045 3012 ἀκολουθήσασι
1077 2942 1409 3019 παραχρῆμα
1436 2936 1634 2997 ἐπεδεί-

132 3053 287 3091 κνυσαν
303 3032 365 3093 τὰ
386 3032 527 3092 ἔνδον
552 3033 625 3098 ὡς
648 3022 758 3109 εἶχε
770 3074 787 3101 ,
814 3028 902 3089 καὶ
930 3024 1046 3095 τοὺς
1062 3026 1262 3094 οἰκέτας
1283 3029 1488 3106 πρῶτον
1506 3024 1638 3105 ἠρώ·

84 3142 213 3183 ἥτων
254 3119 467 3180 ἐναντίον
498 3116 699 3179 τούτων
748 3115 865 3173 ὅποι
901 3112 1239 3194 τετραμμένα
1266 3113 1347 3185 εἴη
1390 3111 1460 3173 τὰ
1504 3112 1636 3193 χρή-

134 3228 267 3280 ματα.
346 3208 433 3285 (43)
480 3204 758 3285 Λεγόντων
793 3204 848 3263 δὲ
873 3201 1083 3262 ἐκείνων
1122 3201 1201 3261 ὅτι
1238 3192 1378 3261 οὗτοι
1407 3199 1637 3273 ἐξενηνο-

130 3292 249 3371 zei-„eq
269 3287 359 3353 εἶεν
380 3298 449 3362 εἷς
469 3292 569 3365 τὴν
593 3290 815 3364 πλησίον
844 3289 1031 3363 οἰκίαν,
1058 3289 1147 3349 καὶ
1174 3286 1451 3359 ἀξιούντων
1472 3312 1640 3369 παρα-

133 3384 279 3457 χρῆμα
297 3382 448 3440 τῶνδε
491 3389 670 3461 φωρᾶν
698 3376 835 3438 κατὰ
862 3376 949 3436 τὸν
977 3376 1131 3457 νόμον
1174 3375 1265 3435 καὶ
1290 3376 1409 3443 τοὺς
1438 3376 1640 3445 οἰκέτας

136 3467 425 3533 ἐξαιτούντων
467 3467 590 3535 τοὺς
638 3465 1055 3547 ἐκφορήσαντας,
1102 3466 1194 3523 οὐκ
1243 3463 1495 3536 ἠθέλησαν
1538 3467 1639 3522 τῶν

141 3556 315 3614 δικαίων
341 3556 481 3615 οὐδὲν
522 3558 762 3627 ποιῆσαι.
849 3551 960 3613 Καὶ
986 3551 1067 3612 ὅτι
1094 3553 1262 3625 ἀληθῆ
1306 3550 1474 3632 λέγω,
1504 3550 1639 3611 λαὸὲ

136 3642 254 3701 ταυτὶ
272 3643 355 3702 καὶ
378 3643 653 3723 ἀνάγνωθι.

684 3786 1021 3835 namma!
1032 3821 1044 3834 .

196 3932 255 3973 ιι.
289 3918 531 3995 Τοσαῦτα
555 3913 649 3993 μὲν
672 3912 841 3973 τοίνυν
864 3910 1117 3992 χρήματα
1153 3911 1213 3969 ἐκ
1237 3914 1328 3981 τῆς
1358 3906 1523 3977 οἰκίας
1550 3908 1639 3967 ἐκ·

84 4024 121 4063 ιο
137 4001 707 4079 φορήσαντες,τοσαύτης
736 4000 781 4059 δ’
809 3998 985 4067 οὐσίας
1006 3994 1341 4077 πεπραμένης
1363 3996 1458 4067 τὴν
1486 3994 1643 4073 τιμὴν

139 4086 331 4165 ἔχοντες,
354 4089 431 4149 ἔτι
455 4090 513 4149 δὲ
556 4089 649 4157 τὰς
670 4087 951 4169 προσόδους
977 4085 1069 4152 τὰς
1092 4086 1143 4143 ἐν
1166 4083 1297 4144 ἐκείν
1364 4088 1441 4164 τῷ
1471 4080 1642 4163 χρόνῳ

138 4166 374 4244 γενομένας
400 4168 829 4250 διαφορήσαντος,
852 4166 1046 4227 οἴονται
1070 4162 1161 4223 καὶ
1192 4108 1510 4221 τῶνζλοιπῶν
1538 4160 1645 4220 κύ·-

142 4277 217 4332 piot
237 4256 553 4332 γενήσεσθαι·
588 4255 679 4315 καὶ
702 4258 772 4322 εἰς
793 4258 945 4312 τοῦτο
975 4249 1232 4316 ἀναιδείας
1256 4248 1496 4325 ἥκουσιν,
1520 4246 1655 4307 ὥστ’·

146 4340 375 4423 εὐθυδικίᾳ
402 4342 499 4419 μὲν
542 4346 635 4402 οὐκ
665 4342 959 4419 ἐτόλμησαν
987 4341 1251 4408 εἰσελθεῖν,
1273 4334 1409 4394 ἀλλὰ
1432 4337 1643 4414 διεμαρ-

138 4428 289 4505 τύρουν
307 4434 373 4497 ὡς
391 4431 523 4510 ὑπὲρ
544 4429 767 4509 γνησίων
792 4428 903 4506 ἅμα
929 4426 1023 4506 μὲν
1050 4424 1117 4485 τὰ
1133 4426 1297 4506 ψευδῆ
1324 4422 1438 4500 ἅμα
1461 4422 1515 4481 δὲ
1529 4425 1647 4481 τάν-

145 4514 267 4572 αντία
284 4509 351 4583 οἷς
376 4516 525 4575 αὐτοὶ
548 4516 801 4597 ἔπραξαν·
852 4515 949 4593 (ιι)
976 4512 1157 4580 οἵτινες
1186 4510 1313 4591 πρὸς
1337 4511 1429 4587 μὲν
1447 4510 1533 4569 τὸν
1554 4508 1646 4590 ἅρ-

88 4622 127 4659 ιι
142 4624 272 4678 χοντα
290 4606 592 4685 ἀπέγραψαν
620 4601 801 4670 αὐτοὺς
814 4606 882 4670 ὣς
900 4601 1050 4668 ὄντας
1069 4601 1158 4661 τὸν
1184 4598 1278 4677 μὲν
1306 4596 1647 4675 Φιλοκτήμο-

146 4710 209 4753 νῦς
244 4690 321 4749 τὸν
356 4694 401 4751 δ’
444 4688 827 4769 Ἐργαμένους,
866 4694 955 4749 νῖν
993 4688 1047 4747 δὲ
1098 4683 1648 4764 διαμεμαρτυρήκασιν

150 4776 445 4855 Εὐκτήμονος
472 4768 621 4840 εἶναι.
710 4776 895 4839 Καίτοι
937 4777 1043 4835 οὐδ’
1072 4777 1117 4834 εἷ
1144 4772 1344 4853 γνήσιοι
1364 4764 1515 4845 ἦσαν,
1546 4773 1649 4829 εἷσ-

150 4864 317 4935 seimon
363 4866 443 4937 δέ,
468 4869 539 4933 ὣς
564 4858 698 4925 οὗτοι
725 4864 945 4946 ἔφασαν,
965 4865 1069 4925 οὐδ’
1102 4862 1237 4923 οὕτω
1266 4865 1523 4940 προσ-ἧκεν
1558 4861 1653 4917 αὐ-

154 4948 243 5019 τοὺς
266 4952 588 5031 Εὐκτήμονος
614 4943 768 5012 εἶναι·
798 4956 826 5011 ὁ
846 4950 947 5032 γὰρ
966 4949 1119 5029 νόμος
1146 4952 1241 5009 οὐκ
1278 4950 1341 5029 ἐᾷ
1364 4944 1653 5019 ἐπανιέναι,

156 5036 224 5092 ἐὰν
248 5039 313 5113 μὴ
338 5041 446 5099 υἱὸν
478 5039 739 5120 καταλίπῃ
760 5040 991 5120 γνήσιον.
1013 5036 1189 5099 εὨστε
1207 5035 1299 5096 καὶ
1322 5034 1375 5103 ἐξ
1402 5025 1475 5093 ὧν
1508 5032 1655 5092 αὐτοὶ

156 5121 344 5204 ἔπραξαν
370 5126 569 5205 ἀνάγκη
593 5126 687 5198 τὴν
714 5124 999 5209 μαρτυρίαν
1031 5125 1193 5206 ψευδῆ
1220 5113 1369 5183 εἶναι.
1417 5121 1505 5201 (ιο)
1550 5118 1655 5179 Καὶ

912 445 1083 507 ISAEI
1126 445 1251 505 ΟΒ.
1323 443 1425 505 ΒΕ
1464 442 2080 507 PHILOCTEMONIS
2121 442 2635 505 HEREDITATE.

3163 453 3274 503 279

2394 624 2629 669 Tsssus.

1791 763 1867 809 38.
1902 758 2183 823 Priusquam
2209 773 2350 823 porro
2368 759 2417 810 bi
2436 762 2632 811 nossent
2649 760 2775 811 hanc
2797 760 3046 811 mulierem
3065 774 3179 811 cum
3197 774 3276 811 ea-

1725 860 1821 909 que
1858 846 1998 897 bonis
2041 849 2348 899 Euctemonis
2381 849 2734 912 insidiarentur,
2778 852 2880 899 tam
2922 850 3133 914 locuples
3178 852 3278 903 erat

1726 937 1990 985 Euctemon
2009 949 2106 985 una
2119 948 2232 987 cum
2256 937 2616 989 Philoctemone
2629 975 2644 1001 ,
2665 940 2722 987 ut
2734 975 2748 1000 ‚
2768 938 2989 1002 quamvis
3009 940 3152 989 ambo
3171 952 3277 988 mu·

1724 1022 1814 1073 niis
1832 1024 2138 1087 fungerentur
2159 1026 2581 1089 sumptuosissimis
2605 1038 2694 1089 pro
2713 1040 2829 1091 rep„
2851 1028 3012 1077 tamen
3033 1040 3192 1091 neque
3217 1027 3279 1079 de

1725 1113 1853 1161 sorte
1870 1111 2130 1175 quicquam
2147 1112 2428 1176 alienarent,
2437 1114 2487 1163 et
2503 1112 2564 1164 de
2581 1114 2890 1177 vectigalibus
2906 1128 3092 1178 semper
3109 1128 3278 1179 super-

1724 1202 1872 1264 esset,
1897 1200 2028 1250 unde
2052 1201 2201 1263 empti
2231 1202 2345 1251 novi
2375 1202 2512 1251 fundi
2541 1202 2604 1251 ad
2635 1204 2820 1253 veteres
2849 1200 3132 1253 accederent
3173 1222 3186 1254 ε
3217 1216 3280 1253 ex

1724 1302 1821 1352 quo
1856 1290 2022 1339 autem
2046 1288 2377 1339 Philoctemon
2407 1289 2636 1353 excessit,
2673 1289 2740 1339 ita
2764 1290 2933 1341 misere
2963 1290 3192 1341 dilaniata
3209 1292 3280 1341 est

1723 1376 1803 1426 illa
1823 1376 2092 1427 substantia
2107 1412 2122 1439 ,
2159 1378 2214 1427 ut
2243 1378 2385 1427 sortis
2407 1378 2616 1441 antiquae
2647 1390 2709 1427 ne
2731 1377 2928 1428 dimidia
2953 1379 3152 1442 quidem
3171 1391 3282 1442 pars

1724 1465 1955 1528 supersit,
1981 1465 2228 1527 vectigalia
2251 1467 2413 1515 autem
2434 1465 2596 1515 omnia
2624 1465 2886 1529 intercepta
2913 1466 3026 1516 sint.
3090 1468 3188 1529 (39)
3217 1469 3281 1517 Ει

1690 1554 1699 1563 ’
1724 1566 1783 1603 ne
1806 1552 1912 1603 haec
1930 1552 2126 1616 quidem
2143 1552 2259 1603 satis
2277 1553 2486 1603 habuere
2494 1552 2808 1617 diripere,sed
2826 1532 2968 1603 etiam
2988 1554 3090 1617 ipso
3103 1556 3278 1605 Eucte-

1724 1654 1865 1691 mone
1890 1640 2083 1691 tandem
2119 1641 2219 1691 vita
2247 1641 2502 1705 defuncto,
2545 1641 2759 1693 audaciai
2789 1646 3121 1706 processerunt
3139 1656 3196 1693 eo
3225 1645 3281 1693 ut

1723 1728 1806 1779 illo
1833 1729 1964 1779 intus
1983 1728 2029 1777 in
2048 1728 2232 1779 {edibus
2251 1729 2410 1779 adbuc
2429 1728 2617 1791 jacente
2639 1744 2804 1781 servos
2829 1728 3151 1793 custodirent,
3176 1744 3274 1795 quo

1724 1830 1785 1866 ne
1798 1816 1907 1879 quis
1924 1816 2092 1867 eorum
2111 1817 2370 1881 quicquam
2385 1818 2484 1867 sive
2499 1818 2687 1867 duabus
2700 1817 2804 1881 ejus
2823 1818 3010 1869 filiabus
3021 1818 3122 1869 sive
3139 1820 3279 1868 uxori

1724 1904 1974 1955 nuntiaret
1991 1905 2092 1956 sive
2113 1906 2488 1957 necessariorum
2505 1907 2760 1969 cuiquam3
2782 1920 2858 1957 res
2871 1906 3174 1957 Euctemonis
3189 1905 3278 1956 ad-

1719 1985 1918 2046 jnvante
1935 1986 2133 2036 muliere
2151 1986 2202 2035 in
2234 1985 2435 2035 domum
2459 1986 2756 2049 proximam,
2776 1986 2855 2035 cui
2881 2000 2994 2036 cum
3021 1986 3166 2036 domo
3187 1990 3278 2036 Eu·

1724 2069 1960 2117 ctemonis
1996 2070 2152 2132 parioe
2169 2068 2300 2119 idem
2331 2068 2600 2117 communis
2629 2068 2728 2129 est,
2763 2067 3108 2129 exponebant,
3135 2080 3279 2129 quam

1722 2150 1837 2201 dom
1846 2164 1934 2200 um
1969 2150 2212 2201 incolebat
2249 2150 2448 2215 quidam
2487 2150 2662 2199 borum
2703 2150 2922 2201 mercede
2965 2148 3250 2200 conductam
3265 2185 3280 2210 ,

1723 2233 1982 2284 Antidorus
2015 2235 2114 2285 ille.
2180 2234 2280 2297 (40)
2315 2235 2378 2285 Ει
2413 2246 2474 2283 ne
2509 2246 2662 2296 quum
2693 2234 2807 2283 filiae
2839 2233 3034 2296 quidem
3063 2234 3282 2300 venirent

1722 2331 1969 2381 uxorque,
1993 2319 2054 2369 ab
2081 2319 2187 2369 aliis
2215 2318 2278 2371 de
2308 2332 2506 2370 excessu
2524 2319 2830 2369 Euctemonis
2861 2318 3089 2369 certiores
3111 2320 3279 2381 sactae,

1721 2402 1942 2454 sinebant
1975 2415 2056 2455 eas
2089 2406 2294 2467 intrare,
2317 2405 2404 2455 sed
2457 2404 2742 2455 claudebant
2776 2406 2900 2455 tores
2913 2440 2927 2465 ,
2961 2407 3282 2468 praetexentes

1722 2501 1889 2538 curam
1908 2490 2088 2539 funeris
2105 2488 2341 2540 illis-baud
2362 2490 2618 2539 convenire
2639 2509 2651 2539 :
2671 2491 2758 2540 vix
2777 2492 2972 2541 tandem
2997 2492 3273 2553 aperiebant

1723 2572 1773 2619 et
1802 2572 2026 2623 mulieres
2047 2573 2152 2623 illas
2171 2572 2489 2623 admittebant
2521 2574 2652 2623 circa
2671 2572 2785 2622 solis
2805 2585 3030 2622 occasum
3065 2572 3279 2623 deinum.

1725 2654 1823 2718 (41)
1848 2656 1922 2705 lbi
1937 2657 2157 2719 ingressae
2177 2656 2598 2720 deprehendebant
2615 2658 2962 2708 Euctemonem
2981 2657 3179 2720 quidem
3200 2659 3280 2709 in-

1722 2738 1803 2787 tus
1824 2738 2063 2801 jacentem
2090 2740 2192 2803 iam
2209 2740 2260 2791 in
2281 2741 2488 2790 alterum
2521 2740 2648 2790 diem
2665 2776 2680 2802 ,
2707 2739 2754 2789 id
2777 2740 2908 2802 quod
2945 2740 3112 2789 famuli
3148 2741 3281 2791 altir-

1723 2824 1948 2885 niabant,
1983 2824 2181 2875 domum
2215 2827 2378 2875 autem
2405 2826 2550 2875 rebus
2575 2838 2770 2888 prorsus
2797 2823 3022 2873 omnibus
3060 2826 3276 2875 vacuefa-

1723 2907 1851 2955 ctam
1870 2906 2044 2955 boi-um
2067 2919 2230 2969 opera.
2295 2910 2406 2957 Jam
2421 2906 2644 2957 mulieres
2667 2906 2863 2969 quidem
2877 2906 2927 2955 in
2949 2906 3280 2969 componendo

1725 2988 1955 3039 cadavere
1967 3026 1982 3051 ,
1998 2991 2054 3038 ut
2071 3002 2157 3051 par
2173 2990 2304 3051 erat,
2329 2988 2640 3039 versabantur
2651 3004 2668 3051 ;
2689 2987 2738 3038 hi
2757 2989 2920 3039 antem
2938 2988 3280 3038 comitantibus

1726 3068 2144 3129 demonstrabant,
2181 3084 2329 3133 quam
2373 3071 2497 3121 esset
2525 3070 2702 3119 domus
2749 3070 2983 3133 expilata,
3022 3082 3280 3132 servosque

1725 3167 1887 3203 coram
1934 3154 2008 3204 his
2051 3155 2438 3219 interrogabant,
2477 3167 2694 3218 quonam
2733 3168 2848 3218 opes
2883 3168 3064 3207 ενοι-εει
3109 3164 3280 3212 essent.

1726 3235 1821 3299 (42)
1843 3234 2004 3299 lisque
2029 3236 2434 3299 respondentibus
2453 3237 2562 3287 illos
2593 3250 2675 3287 eas
2707 3237 2758 3288 in
2791 3238 3060 3300 proximam
3081 3240 3280 3294 domum

1726 3324 2027 3386 exportasse,
2051 3322 2100 3372 hi
2117 3322 2314 3385 quidem
2332 3324 2558 3372 auctores
2576 3321 2762 3373 fiebant
2783 3324 2842 3371 ut
2861 3324 3046 3374 furtum
3063 3328 3281 3389 protinus

1726 3406 2042 3467 quaereretur,
2061 3406 2205 3467 prout
2230 3403 2312 3465 jus
2328 3403 2468 3453 civile
2484 3405 2768 3467 potestatem
2793 3404 2898 3467 eius
2927 3404 2996 3456 rei
3028 3406 3166 3469 facit,
3189 3422 3279 3471 po-

1726 3488 2016 3551 scebantque
2033 3501 2196 3539 servos
2213 3487 2306 3538 sibi
2338 3486 2447 3537 dedi
2464 3501 2546 3539 eos
2565 3489 2650 3552 qui
2671 3492 3028 3553 exportassent;
3053 3490 3132 3543 isti
3167 3508 3282 3546 vero

1729 3571 2013 3621 recusabant
2053 3584 2308 3634 inquorum
2342 3572 2604 3635 quicquam
2631 3572 2803 3625 tacere.
2866 3579 2990 3635 Quae
3011 3578 3067 3627 ut
3099 3582 3284 3633 constet

1642 3729 1646 3733 ῃ
1730 3668 1845 3705 vera
1869 3667 1900 3704 a
1916 3666 1999 3704 me
2022 3652 2151 3717 dici,
2173 3666 2290 3717 cape
2307 3653 2382 3717 tu,
2400 3652 2555 3703 scriba
2569 3690 2584 3716 ,
2605 3653 2725 3705 istoc
2742 3656 2791 3705 et
2809 3654 2972 3706 recita.

2317 3792 2699 3835 nstitutus.

1794 3922 1873 3969 43.
1907 3920 2113 3969 Tantam
2145 3918 2310 3982 itaque
2329 3918 2673 3981 supellectilem
2698 3931 2852 3981 quum
2873 3918 3018 3969 domo
3035 3924 3283 3985 exportas-

1730 3988 1837 4038 sent
1849 4023 1864 4047 ,
1889 3988 1938 4036 et
1956 3986 2180 4049 pecunias
2197 3987 2416 4035 tenerent
2433 3997 2460 4033 e
2477 3984 2751 4035 venditione
2770 3983 3024 4034 fundorum
3043 3986 3282 4054 redactas,

1730 4052 2074 4116 vectigaliaque
2091 4052 2468 4101 intervertissent
2489 4064 2600 4113 quae
2613 4064 2698 4113 per
2715 4050 2835 4100 illud
2861 4052 3052 4114 tempus
3071 4052 3278 4116 depensa

1731 4122 1869 4182 sunt,
1894 4125 2086 4183 sperant
2117 4132 2169 4169 se
2190 4119 2386 4181 reliquis
2411 4132 2604 4182 quoque
2626 4118 2897 4181 potituros;
2931 4132 3084 4182 eoque
3113 4135 3283 4184 proce·

1732 4188 1853 4237 dunt
1874 4186 2184 4249 impudentiae
2196 4223 2210 4247 ,
2236 4187 2292 4234 ut
2311 4187 2441 4234 recta
2456 4185 2650 4247 quidem
2665 4186 2794 4235 haud
2807 4186 3038 4235 auderent
3052 4186 3102 4237 in
3125 4190 3284 4241 iorum

1731 4252 1941 4317 ingredi,
1979 4254 2030 4301 at
2059 4252 2253 4315 obliqua
2275 4254 2436 4301 tamen
2456 4252 2535 4301 via
2567 4265 2651 4314 per
2671 4252 3037 4303 obtestationem
3063 4256 3200 4317 quasi
3221 4258 3283 4308 li-

1732 4319 2039 4384 beri.genuini
2050 4319 2264 4369 adessent
2279 4356 2293 4381 ‚
2313 4318 2470 4381 quain
2488 4332 2542 4369 re
2555 4318 2714 4369 testati
2727 4322 2839 4367 sunt
2853 4323 2958 4369 tum
2975 4332 3062 4382 per
3075 4334 3125 4371 se
3145 4322 3281 4388 salsa,

1733 4392 1839 4439 tum
1863 4387 1961 4437 illis
1993 4386 2106 4449 ipsis
2140 4399 2252 4448 quae
2275 4386 2473 4448 egerunt
2509 4385 2598 4448 ipsi
2644 4383 2946 4435 adversantia
2985 4404 2998 4435 e
3027 4387 3124 4449 (44)
3170 4402 3284 4441 nam

1734 4469 1887 4521 quum
1921 4455 2062 4505 antea
2104 4451 2298 4502 inscribi
2327 4452 2502 4501 borum
2538 4465 2796 4515 puerorum
2821 4452 3016 4502 nomina
3046 4454 3174 4516 apud
3204 4470 3284 4507 ar·

1736 4526 1960 4575 cbontem
1976 4523 2243 4583 curassent,
2260 4522 2455 4573 alterius
2467 4534 2553 4571 ceu
2572 4520 2656 4570 filii
2675 4521 3042 4571 Philoctemonis
3054 4556 3069 4581 ,
3089 4522 3286 4575 alterius

1737 4606 1825 4643 ceu
1846 4592 1932 4641 tilii
1953 4590 2250 4653 Ergamenis,
2271 4602 2402 4639 nunc
2425 4589 2478 4638 in
2499 4588 2815 4639 obtestatione
2835 4602 2920 4639 sua
2939 4588 3180 4639 affirmant
3197 4591 3286 4659 bos

1738 4661 1928 4712 eosdem
1952 4658 2074 4709 tilios
2098 4657 2404 4709 Euctemonis
2428 4670 2548 4706 esse.
2637 4660 2922 4719 Quanquam
2945 4656 3134 4706 etiamsi
3164 4657 3282 4720 legi-

1737 4730 1845 4782 timi
1861 4729 2019 4779 oesent
2033 4727 2350 4777 Euctemoniis
2369 4726 2469 4787 tilii,
2484 4727 2665 4787 tamen,
2687 4738 2839 4788 quum
2859 4724 3279 4787 peradoptionem,

1742 4800 1796 4847 ut
1818 4796 1865 4845 hi
1897 4796 2060 4857 aiunt,
2087 4794 2136 4843 in
2165 4792 2535 4843 Philoctemonis
2557 4794 2606 4841 et
2635 4790 2906 4854 Ergamenis
2924 4791 3093 4841 domos
3115 4792 3286 4841 transi-

1740 4867 1916 4928 issent,
1935 4876 2032 4914 non
2059 4864 2250 4926 possent
2273 4874 2402 4911 nunc
2423 4862 2727 4911 Euctemonis
2745 4874 2844 4911 esse
2856 4899 2870 4923 ,
2895 4862 3087 4923 propter
3103 4860 3254 4921 legem
3268 4896 3283 4919 ‚

1742 4948 1853 4997 quae
1886 4932 2137 4994 adoptivos
2175 4931 2298 4980 filios
2331 4930 2382 4979 in
2411 4931 2658 4991 paternam
2694 4928 2891 4978 domum
2925 4926 3098 4976 reverti
3127 4927 3284 4988 vetat,

1742 5004 1832 5055 nisi
1856 5002 1897 5053 si
1926 5000 2078 5050 tilium
2111 5000 2378 5061 legitimum
2407 4996 2458 5047 in
2479 4996 2700 5059 adoptiva
2737 4996 3024 5057 relinquant.
3092 4996 3160 5041 Ex
3185 5002 3285 5053 quo

1743 5068 2068 5133 consequitur,
2091 5080 2176 5129 per
2192 5081 2248 5116 ea
2265 5065 2367 5127 ipsa
2386 5077 2498 5127 quae
2519 5064 2714 5127 egerunt
2739 5061 2956 5113 talsitatis
2984 5060 3176 5120 coargui
3193 5057 3282 5107 ob-

1744 5136 2126 5192 testationemab
2161 5135 2253 5185 illis
2281 5132 2624 5195 interpositam.
2678 5132 2777 5192 (45)
2820 5126 3000 5186 Quodsi
3025 5130 3142 5175 tunc
3175 5138 3285 5187 per·

158 5214 193 5266 εἱ
212 5213 289 5288 μὲν
312 5215 421 5275 τότε
440 5214 772 5297 διεπράξαντο
793 5218 1111 5294 μισθωθῆναι
1131 5212 1245 5278 τοὺς
1264 5210 1459 5284 οἴκους,
1482 5210 1574 5266 οὐκ
1592 5204 1651 5265 ἂν
1741 5210 1968 5261 iecissent
1989 5208 2044 5256 ut
2057 5202 2322 5256 substantia
2341 5202 2361 5267 [
2383 5200 2686 5255 Euctemonis
2703 5202 2752 5251 et
2770 5192 3172 5257 Philoctemonis]
3195 5193 3284 5243 elo·
