3825 5842
488 547 713 630 πάσχειν
760 550 792 610 8
831 575 883 612 τι
930 552 1065 630 δέοι,
1113 555 1224 616 ἐπεὶ
1267 559 1328 618 τό
1371 585 1430 640 γε
1473 563 1732 646 συμφέρον
1777 567 1866 629 καὶ
1903 561 2047 639 οὗτος
2085 575 2099 586 “

487 635 770 718 ἠπίστατο,
785 639 865 700 ὅτι
885 640 1001 702 τότε
1025 643 1286 705 παύσαιτο
1300 649 1720 730 στρεὸλούμενος,
1741 657 1895 717 ὁπότε
1911 657 2047 720 εἴποι

485 723 554 783 τὰ
571 724 766 796 τούτοις
798 731 1068 794 δοκοῦντα.
1151 735 1368 818 Ποτέρῳ
1401 728 1490 797 οὗν
1519 741 1655 809 εἰκός
1691 745 1800 804 ἐστι
1830 753 2046 806 πιστεῦ-

412 830 466 872 20
486 835 605 888 σαι,
637 819 712 897 τῷ
741 815 826 876 διὰ
846 817 1022 889 τέλους
1043 819 1130 880 τὸν
1158 821 1312 883 αὐτὸν
1351 823 1502 904 λόγον
1532 827 1612 888 ἀεὶ
1639 830 1872 910 λέγοντι,
1905 834 1941 908 ἢ
1970 839 2045 918 τῷ

483 901 597 962 τοτὲ
623 901 719 982 μὲν
751 905 1000 988 φάσκοντι
1025 907 1140 969 τοτὲ
1169 911 1214 969 δ’
1243 913 1331 986 063
1368 912 1505 973 ἀλλὰ
1536 916 1625 977 καὶ
1655 918 1777 979 ἄνευ
1810 921 2042 1001 βασάνου

481 988 722 1066 τοιαύτης
749 996 796 1054 οἱ
824 994 940 1064 τοὺς
968 995 1153 1066 αὐτοὺς
1198 999 1302 1059 αἰεὶ
1338 1001 1459 1083 περὶ
1503 1007 1605 1064 τῶν
1651 1011 1824 1069 αὐτῶν
1859 1010 2044 1092 λόγους

479 1078 710 1158 λέγοντες
730 1082 1024 1166 πιστότεροί
1061 1088 1161 1146 εἶσι
1191 1090 1294 1148 τῶν
1329 1089 1712 1172 διαφερομένων
1743 1097 1919 1180 σφίσιν
1945 1103 2041 1160 αὖ·

477 1169 599 1234 τοῖς.
685 1167 776 1251 (⁶1)
806 1165 1034 1234 Ἔπειτα
1063 1173 1117 1233 δὲ
1144 1174 1236 1234 καὶ
1262 1179 1323 1237 ἐκ
1359 1180 1462 1238 τῶν
1491 1181 1656 1259 λόγων
1685 1188 1789 1244 τῶν
1816 1192 1908 1247 τοῦ
1946 1191 2039 1248 ἀν·

475 1253 682 1336 θρώπου
707 1257 851 1340 μερὶς
871 1260 1103 1345 ἑκατέρῳ
1121 1261 1210 1338 ἴση
1230 1264 1342 1325 ἐστί
1356 1311 1372 1340 ,
1396 1266 1590 1338 τούτοις
1609 1269 1704 1348 μὲν
1721 1273 1780 1333 τὸ
1796 1275 2036 1357 φάσκειν,

473 1341 590 1420 ἐμοὶ
618 1343 756 1405 δὲτὸ
783 1345 858 1425 μὴ
888 1349 1107 1430 φάσκειν
1121 1396 1140 1430 ,
1163 1351 1222 1412 ἔκ
1249 1376 1306 1412 τε
1333 1355 1526 1436 ἀμφοῖν
1561 1365 1669 1418 τοῖν
1694 1362 1898 1444 ἀνδροῖν
1925 1369 2036 1425 τοῖν

474 1433 911 1510 βασανισθέντων·
952 1442 980 1496 6
1008 1437 1104 1517 μὲν
1131 1439 1233 1518 γὰρ
1283 1440 1472 1522 ἔφησεν
1493 1488 1512 1518 ,
1557 1449 1585 1503 6
1625 1445 1681 1506 δὲ
1730 1446 1815 1508 διὰ
1859 1451 2037 1522 τέλους

470 1515 674 1600 ἔξαρνος
695 1511 779 1593 ἦν.
863 1522 972 1584 Καὶ
999 1525 1094 1603 μὲν
1118 1525 1182 1600 δὴ
1205 1526 1272 1587 τὰ
1299 1529 1352 1598 ἐξ
1379 1529 1762 1613 ίσου.γενόμενα
1789 1543 1883 1597 τοῦ
1911 1540 2035 1621 φεύ·

387 1624 442 1665 25
465 1607 641 1686 γοντός
668 1611 778 1670 ἐστι
803 1613 1003 1690 μᾶλλον
1026 1612 1061 1686 ἢ
1090 1619 1184 1675 τοῦ
1211 1615 1506 1695 διώκοντος,
1537 1622 1686 1706 εἴπερ
1712 1648 1771 1704 γε
1801 1627 1892 1686 καὶ
1924 1633 2029 1690 τῶν

467 1693 652 1777 ψήφων
675 1700 703 1756 6
717 1697 932 1780 ἀριθμὸς
953 1699 1006 1770 ἐξ
1022 1700 1136 1762 ἴσου
1151 1704 1420 1784 γενόμενος
1437 1707 1526 1768 τὸν
1539 1709 1801 1791 ’φεύγοντα
1823 1717 2025 1793 μᾶλλον

465 1783 710 1865 ὧφελεῖῆ
741 1785 830 1846 τὸν
857 1786 1126 1852 διώκοντα.

543 1892 614 1935 59.
647 1871 718 1936 Ἦ
747 1873 841 1953 μὲν
891 1875 1118 1956 βάσανος
1158 1868 1203 1939 ὦ
1233 1880 1410 1964 ἄνδρες
1453 1885 1666 1960 τοιαύτη
1714 1890 1947 1969 ἐγένετο,
1990 1886 2029 1975 ᾖ

463 1949 605 2020 οὗτοι
631 1961 957 2033 πιστεύοντες
995 1956 1055 2025 εὗ
1090 1966 1279 2028 εἰδέναι
1327 1970 1480 2052 φασὶν
1527 1977 1617 2034 ὑπ’
1659 1977 1788 2053 ἐμοῦ
1821 1982 2022 2041 ἀποθα-

465 2046 618 2108 νόντα
644 2049 730 2110 τὸν
759 2049 942 2136 ἀνδρα.
1027 2055 1220 2116 Καίτοι
1249 2056 1310 2117 τὸ
1346 2059 1599 2142 παράπαν
1627 2064 1782 2145 ἔγωγ’
1810 2067 1874 2127 ἂν
1903 2069 2025 2130 εἴτι

460 2136 694 2218 συνῄδειν
718 2141 928 2222 ἐμαυτῷ
949 2141 1040 2201 καὶ
1065 2142 1114 2202 εἴ
1131 2167 1182 2203 τι
1202 2143 1318 2221 ἐμοὶ
1341 2153 1570 2210 τοιοῦτον
1589 2150 1861 2234 εἴργαστο,
1899 2157 2022 2239 ἠφά-

457 2224 561 2283 νισ’
583 2223 645 2284 ἂν
672 2225 747 2286 τὼ
766 2229 1050 2310 ἀνθρώπω,
1077 2229 1164 2292 ὅτε
1192 2234 1273 2292 ἐπ’
1297 2234 1414 2313 ἐμοὶ
1441 2227 1505 2310 ἦν
1534 2245 1686 2301 τοῦτο
1709 2241 1803 2320 μὲν
1827 2246 1900 2313 εἰς
1924 2244 2019 2319 τὴν

379 2325 436 2368 ⁸⁰
455 2301 612 2372 Αἶνον
641 2315 861 2394 ἀπάγειν
889 2317 1000 2397 ἅμα
1025 2318 1172 2398 ἐμοί,
1198 2325 1352 2382 τοῦτο
1371 2322 1426 2383 δὲ
1449 2328 1523 2394 εἰς
1541 2326 1634 2401 τὴν
1657 2329 1874 2412 ἤπειρον
1902 2335 2020 2394 δια-

455 2398 705 2478 effidem,
731 2406 820 2466 καὶ
861 2407 937 2485 μὴ
959 2408 1330 2471 ὑπολείπεσθαι
1358 2414 1590 2492 μηνυτὰς
1631 2419 1748 2478 κατ’
1775 2423 2009 2498 ἐμαυτοῦ

451 2485 568 2558 τοὺς
593 2492 907 2562 συνειδότας.
991 2495 1081 2576 (53)
1112 2499 1262 2559 Φασὶ
1286 2500 1340 2559 δὲ
1363 2504 1748 2582 γραμματίδιον
1771 2511 1937 2591 εὑρεῖν
1955 2513 2009 2571 ἐν

450 2580 525 2657 τῷ
548 2579 744 2662 πλοίῳ,
793 2581 822 2641 ὃ
847 2581 1080 2662 ἔπεμπον
1109 2585 1212 2666 ἐγὼ
1249 2588 1492 2672 Λυκίνῳ,
1529 2595 1599 2660 ὡς
1641 2596 2010 2676 ἀποκτείναιμι

445 2662 535 2723 τὸν
562 2662 746 2748 ἀνδρα.
835 2669 1022 2730 Καίτοι
1048 2671 1097 2732 τί
1114 2673 1219 2733 ἔδει
1242 2699 1307 2754 με
1334 2680 1720 2759 γραμματίδιον
1745 2683 1973 2762 πέμπειν
1991 2732 2009 2767 ‚

447 2753 606 2812 αὐτοῦ
628 2755 912 2826 συνειδότος
933 2765 1022 2818 τοῦ
1062 2760 1122 2820 τὸ
1151 2766 1541 2844 γραμματίδιον
1574 2767 1844 2850 φέροντος,
1871 2771 2010 2837 ὥστε

445 2844 596 2901 τοῦτο
619 2839 714 2920 μὲν
746 2845 1062 2929 σαφέστερον
1091 2850 1243 2918 αὐτὸς
1267 2851 1480 2931 ἔμελλεν
1507 2857 1639 2936 ἐρεῖν
1671 2861 1698 2916 6
1726 2861 2009 2940 εἰργασμέ-

442 2948 550 3002 νος,
573 2936 724 2992 τοῦτο
751 2931 805 2993 δὲ
829 2933 973 2994 οὐδὲν
998 2936 1102 2996 ἔδει
1123 2937 1368 3018 κρύπτειν
1403 2942 1573 3002 αὐτόν·
1607 2943 1642 3003 ἃ
1663 2944 1764 3028 γὰρ
1790 2946 1865 3026 μὴ
1900 2942 2005 3012 οἶόν

361 3028 417 3069 55
440 3039 496 3075 τε
526 3019 717 3080 εἰδέναι
739 3021 826 3081 τὸν
861 3022 1082 3104 φέροντα
1099 3073 1115 3103 ,
1146 3028 1290 3088 ταῦτ’
1313 3029 1376 3088 ἀν
1399 3054 1475 3099 τις
1505 3031 1736 3110 μάλιστσ
1768 3039 2003 3119 συγγριιίσἾ

438 3108 541 3186 ψας
575 3107 848 3192 πέμψειεν.
933 3113 1020 3193 (54)
1048 3110 1274 3175 Ἔπειτα
1303 3117 1358 3176 δὲ
1395 3117 1428 3176 ὅ
1449 3142 1500 3178 τι
1538 3120 1632 3198 μὲν
1664 3123 1866 3205 μακρὸν
1909 3125 1991 3201 εἴη

437 3203 686 3274 πρᾶγμα,
713 3203 864 3258 τοῦτο
888 3196 950 3257 ἀν
977 3224 1055 3269 τις
1086 3203 1435 3284 ἀναγκασθείη
1465 3208 1665 3289 γράψαι
1687 3214 1761 3293 τῷ
1790 3211 1864 3290 μὴ
1892 3215 1999 3273 δια-

437 3285 778 3360 μνημονεύειν
806 3285 895 3346 τὸν
929 3290 1327 3371 ἀπαγγέλλοντα
1357 3293 1457 3353 ὑπὸ
1497 3296 1741 3369 πλήθους·
1764 3304 1914 3360 τοῦτο
1943 3303 1997 3361 δὲ

437 3367 608 3452 βραχὺ
630 3362 694 3444 ἦν
724 3373 1076 3454 ἀπαγγεῖλαι,
1105 3376 1186 3437 ὅτι
1213 3381 1454 3454 τέθνηκεν
1475 3384 1502 3439 6
1524 3383 1672 3466 ἀνήρ.
1769 3381 1996 3449 Ἔπειτα

434 3457 728 3537 ἐνθυμεῖσθε
762 3461 844 3523 ὅτι
873 3464 1114 3547 διάφορον
1143 3459 1206 3542 ἦν
1235 3467 1294 3528 τὸ
1313 3472 1696 3550 γραμματίδιον
1723 3479 1800 3556 τῷ
1822 3481 1993 3556 βασα-

431 3547 688 3628 νισθέντι,
719 3549 961 3634 διάφορος
996 3553 1040 3613 δ’
1066 3558 1094 3614 6
1133 3555 1400 3640 ἄνθρωπος
1426 3563 1501 3640 τῷ
1539 3565 1874 3647 γραμματίῳ.
1960 3571 1987 3627 6

346 3649 402 3692 4⁰
427 3632 524 3711 μὲν
545 3634 646 3718 γὰρ
681 3640 1082 3720 βασανιζόμενος
1130 3645 1280 3714 αὐτὸς
1319 3645 1416 3727 ἔφη
1460 3650 1788 3725 ἀποκτεῖναι,
1829 3653 1890 3713 τὸ
1935 3655 1990 3715 δὲ
2030 3681 2039 3734 1

425 3725 758 3805 γραμμάτιον
803 3729 1038 3812 ἀνοιχθὲν
1066 3732 1162 3812 ἐμὲ
1201 3733 1289 3794 τὸν
1327 3737 1704 3798 ἀποκτείναντα
1743 3739 1983 3818 ἐμήνυεν.

428 3809 518 3893 (55)
545 3813 734 3875 Καίτοι
771 3816 978 3900 ποτέρῳ
1009 3819 1115 3900 χρὴ
1153 3826 1466 3899 πιστεῦσαις
1495 3824 1554 3885 τὸ
1583 3824 1678 3904 μὲν
1705 3824 1807 3910 γὰρ
1833 3832 1985 3912 πρῶ-

423 3923 508 3961 τον
537 3904 636 3984 οὐχ
660 3893 804 3987 εὗρον
834 3908 886 3966 ἐν
911 3911 986 3988 τῷ
1009 3909 1175 3992 πλοίῳ
1202 3914 1468 3983 ζητοῦντες
1490 3913 1549 3973 τὸ
1569 3916 1979 3996 γραμματίδιον,

420 3985 632 4071 ὕστερον
657 3992 729 4055 δέ.
820 3993 956 4056 Τότε
985 3997 1079 4074 μὲν
1107 3996 1208 4078 γὰρ
1233 3997 1380 4059 οὔπω
1406 4001 1566 4069 οὕτως
1607 4005 1983 4084 ἐμεμηχάνητο

417 4079 606 4148 αὗτοῖς·
649 4081 828 4156 ἐπειδὴ
859 4081 912 4142 δὲ
942 4087 970 4143 6
1007 4084 1278 4168 ἅνθρωπος
1301 4092 1329 4146 6
1365 4087 1613 4169 πρότερον
1640 4093 1974 4170 βασανισθεὶς

414 4167 558 4226 οὐδὲν
585 4166 729 4249 ἔλεγε
749 4173 866 4230 κατ’
895 4175 1024 4251 ἐμοῦ
1041 4219 1060 4252 ,
1086 4173 1200 4234 τότε
1228 4175 1590 4237 εἷσὸάλλουσιν
1616 4181 1689 4246 εἷς
1705 4178 1767 4238 τὸ
1783 4182 1971 4242 πλοῖον

413 4252 474 4312 τὸ
511 4258 926 4337 γραμματίδιον,
967 4259 1054 4319 ἵνα
1094 4263 1288 4336 ταύτην
1331 4264 1496 4344 ἔχοιεν
1525 4266 1642 4345 ἐμοὶ
1676 4265 1772 4340 τὴν
1801 4270 1978 4330 αἰτίαν

311 4341 689 4424 186ἐπιφέρειν·
775 4344 866 4425 (σο)
893 4347 1070 4421 ἐπειδὴ
1101 4351 1147 4408 δ’
1177 4351 1472 4429 ἀνεγνώσθη
1507 4353 1564 4412 τὸ
1588 4355 1973 4433 γραμματίδιον

410 4427 502 4488 καὶ
521 4433 549 4489 6
567 4429 774 4512 ὕστερος
796 4435 1198 4514 βασανιζόμενος
1217 4441 1275 4498 οὗ
1300 4439 1607 4523 συνεφέρετο
1627 4447 1702 4524 τῷ
1721 4467 1972 4526 γραμμα-

1274 425 1783 494 ΑΝΤῙΦΩΝΤΟΣ
1826 433 2013 498 ΠΕΡΙ
2054 437 2211 501 ΤΟΥ
2252 443 2557 508 umam·
2600 449 2885 514 ΦΟΝΟΥ.

2134 589 2401 652 recusavit3
2439 603 2553 643 nam
2584 606 2613 644 e
2650 608 2705 646 re
2730 609 2817 647 sua
2860 597 2979 662 quid
3012 601 3162 664 magis
3196 603 3353 667 esset,
3392 603 3475 656 hic
3514 620 3707 674 qnoque

2132 668 2453 736 intelligebat,
2486 673 2588 724 i'ore
2610 677 2819 741 scilicet,
2848 681 2903 730 ut
2930 681 2981 731 hi
3006 682 3273 745 torquendo
3300 696 3355 735 se
3379 683 3693 750 desisterent,

2132 753 2172 803 si
2194 756 2331 816 grata
2346 757 2441 810 illis
2465 760 2765 822 praedicaret.
2814 763 2921 814 Utri
2932 764 3035 826 jam
3052 765 3229 816 borum
3250 779 3338 830 par
3356 768 3432 818 est
3450 781 3540 818 ros
3556 769 3698 820 tidem

2133 837 2345 892 habere?
2362 841 2493 895 illine
2520 845 2605 909 qui
2622 860 2777 911 usque
2800 847 2864 899 ad
2896 851 3169 900 extremum
3190 849 3359 903 eadem
3386 853 3437 902 in
3466 853 3705 916 praedica·

2130 921 2261 976 tione
2278 931 2615 992 perseveravit,
2630 945 2691 982 an
2703 933 2817 984 huic
2830 935 2915 997 qui
2932 935 3129 986 alternis
3141 934 3405 987 affirmavit
3415 936 3549 987 idem
3560 941 3703 1003 atque

2129 1008 2358 1063 infitiatus
2378 1015 2481 1064 est?
2514 1015 2661 1078 Atqui
2682 1017 2723 1066 si
2748 1017 2832 1081 qui
2855 1019 2933 1070 vel
2958 1019 3139 1082 absque
3160 1021 3416 1072 tormentis
3440 1021 3618 1074 eadem
3648 1024 3705 1074 de

2130 1107 2275 1147 causa
2312 1100 2586 1152 constanter
2624 1102 2793 1154 eadem
2828 1103 3117 1169 praedicent,
3158 1106 3393 1168 majorem
3444 1107 3701 1159 inveniunt

2126 1179 2272 1232 fidem
2288 1219 2304 1246 ,
2332 1197 2480 1248 quam
2496 1187 2583 1251 qui
2604 1187 2843 1240 variantes
2864 1189 2952 1252 ipsi
2977 1204 3010 1240 a
3030 1203 3083 1241 se
3102 1190 3233 1241 dicta
3258 1191 3538 1244 destruunt.
3604 1195 3699 1256 (51)

2127 1263 2191 1312 At
2220 1266 2323 1315 esto
2339 1267 2504 1318 tamen
2538 1269 2793 1332 utriusque
2817 1271 3117 1323 auctoritatis
3138 1286 3226 1338 par
3254 1274 3449 1338 pondus
3476 1289 3489 1324 :
3522 1286 3694 1325 sumus

2124 1359 2237 1412 ergo
2267 1362 2357 1402 nos
2375 1364 2513 1414 pares
2536 1354 2721 1406 ratione
2760 1355 3149 1408 testimoniorum
3178 1371 3192 1403 ε
3237 1372 3407 1410 servus
3428 1357 3583 1410 modo
3608 1371 3698 1422 pro

2123 1445 2203 1483 me
2224 1434 2519 1501 praedicavit,
2534 1438 2681 1490 modo
2699 1439 2827 1492 idem
2844 1445 3014 1494 contra
3034 1457 3114 1495 me
3135 1457 3148 1488 τ
3174 1457 3344 1496 rursus
3364 1457 3431 1496 ex
3452 1442 3699 1495 ambobus

2122 1511 2261 1562 tortis
2276 1513 2398 1564 alter
2416 1514 2677 1568 affimavit
2697 1531 2777 1569 me
2803 1519 2987 1573 facinus
3007 1523 3247 1586 patrasse,
3266 1522 3389 1573 alter
3412 1523 3697 1573 constater

2120 1589 2351 1644 infitiatus
2389 1596 2479 1645 est.
2568 1599 2813 1649 Momenta
2852 1612 2969 1650 vero
3006 1600 3395 1652 testimoniorum
3444 1601 3535 1651 ubi
3584 1603 3696 1651 sunt

2118 1671 2324 1734 aequalia
2336 1709 2352 1737 ,
2368 1686 2506 1728 reum
2524 1675 2712 1729 obtinet
2722 1678 2933 1743 vincere,
2959 1679 3131 1732 cadere
3152 1695 3299 1732 causa
3319 1683 3691 1743 accusatorem

2117 1757 2320 1818 paritate
2344 1772 2540 1825 quoque
2565 1763 2865 1816 calculorum
2882 1765 3070 1829 judices
3090 1767 3243 1830 magis
3267 1779 3407 1819 reum
3436 1779 3595 1832 quam
3613 1778 3693 1815 ac·

2115 1841 2389 1893 cusator-em
2410 1843 2659 1908 adiuvant.

2176 1927 2254 1973 52.
2288 1925 2501 1988 Exposui
2520 1928 2655 1979 robis
2670 1965 2687 1991 ,
2702 1928 2913 1993 iudices,
2932 1931 3137 1982 tortum
3154 1931 3383 1996 rationes,
3403 1947 3507 1997 qua
3528 1933 3687 1985 tiden-

2110 2015 2185 2064 tes
2210 2015 2261 2066 hi
2279 2016 2441 2082 aiunt,
2462 2020 2611 2082 probe
2628 2035 2681 2072 se
2700 2035 2869 2088 nosse,
2884 2024 3125 2076 Herodem
3140 2038 3169 2075 a
3185 2039 3267 2078 me
3284 2026 3541 2078 sublatum
3564 2041 3685 2080 esse.

2113 2112 2211 2174 Ego
2246 2125 2365 2163 vero
2407 2113 2447 2162 si
2478 2113 2596 2177 quid
2632 2115 2730 2166 tale
2760 2130 2978 2182 unquam
3015 2103 3289 2183 patrassem'
3321 2121 3529 2186 eiusque
3562 2123 3687 2174 mibi

2110 2208 2329 2258 conscius
2356 2209 2578 2275 missem,
2612 2212 2903 2264 studuissem
2928 2214 3021 2265 boc
3042 2228 3131 2279 par
3156 2215 3407 2268 bominum
3431 2217 3495 2269 de
3517 2220 3686 2270 medio

2106 2305 2301 2371 tollere,
2324 2307 2426 2359 sive
2454 2323 2648 2361 mecum
2679 2310 2743 2362 ad
2774 2314 2950 2363 AEnum
2982 2313 3261 2365 abducendo
3292 2315 3396 2367 sive
3422 2315 3474 2366 in
3513 2317 3679 2368 conti-

2105 2403 2303 2453 nentem
2320 2405 2599 2468 trajiciendo
2614 2443 2630 2470 ,
2646 2421 2745 2458 non
2758 2409 2921 2459 autem
2934 2410 3219 2462 metuendos
3230 2413 3348 2462 mibi
3366 2414 3677 2478 reliquissem

2104 2502 2303 2568 indices,
2317 2507 2538 2558 homines
2558 2508 2781 2560 facinoris
2796 2510 2893 2560 mei
2910 2510 3142 2562 conscios.
3174 2511 3273 2576 (53)
3286 2510 3379 2563 Sed
3393 2513 3538 2563 aiunt
3566 2527 3595 2563 a
3622 2527 3681 2564 se

2104 2603 2349 2664 repertum
2371 2603 2423 2652 in
2433 2604 2625 2668 navigio
2638 2604 2911 2668 epistolium
2922 2642 2939 2669 ,
2959 2621 3057 2670 quo
3075 2607 3309 2671 Lycinum
3332 2607 3392 2658 de
3413 2609 3680 2660 interfecto

2100 2711 2131 2748 a
2156 2713 2236 2751 me
2264 2701 2452 2753 Herode
2472 2703 2727 2755 certiorem
2745 2705 2902 2758 facere
2920 2705 3195 2757 voluissem.
3234 2706 3381 2770 Atqui
3401 2707 3525 2770 quid
3546 2721 3679 2770 opus

2104 2797 2208 2845 erat
2228 2795 2498 2858 epistolium
2516 2798 2709 2850 mittere
2720 2837 2737 2864 ,
2752 2813 2909 2864 quum
2922 2801 3131 2864 perlator
3154 2799 3257 2862 eius
3282 2801 3383 2864 ipse
3402 2803 3531 2852 esset
3550 2815 3673 2851 oon-

2096 2889 2223 2939 scius
2232 2889 2471 2955 facinoris,
2483 2891 2689 2956 ideoque
2700 2893 2973 2945 distinctius
2982 2895 3082 2958 ipse
3095 2895 3157 2945 de
3164 2908 3217 2946 re
3228 2897 3387 2958 posset
3396 2907 3669 2960 exponere,

2094 2995 2184 3033 nec
2206 2983 2472 3049 quidquam
2496 2999 2611 3038 eum
2639 2989 2785 3039 celari
2834 2990 3081 3052 oporteret
3102 3008 3115 3039 ε
3136 3001 3249 3039 nam
3268 3001 3325 3040 ea
3340 2989 3491 3040 literis
3524 3002 3670 3040 man-

2093 3078 2205 3129 data
2226 3079 2418 3132 mittere
2438 3083 2675 3148 solemus,
2697 3097 2808 3148 quoe
2822 3097 2919 3136 non
2936 3098 3189 3148 possumus
3200 3099 3311 3137 cum
3334 3087 3669 3150 pta-latoribus

2090 3173 2465 3226 communicare.
2532 3175 2633 3240 (⁵⁴)
2664 3179 2787 3232 item
2810 3178 2850 3229 si
2875 3192 2975 3243 qua
3006 3177 3149 3244 longa
3170 3194 3249 3232 res
3276 3183 3377 3246 est,
3397 3195 3508 3233 eam
3534 3184 3667 3246 eogi-

2087 3279 2201 3319 mur
2234 3272 2553 3337 perscribere,
2584 3277 2805 3326 verentes
2824 3288 2886 3327 ne
2909 3277 3027 3341 quid
3046 3279 3258 3341 perlator
3280 3279 3599 3331 obliviscatur
3642 3301 3657 3331 ε

2084 3364 2138 3413 at
2161 3365 2309 3417 breve
2324 3370 2429 3418 erat
2456 3371 2683 3422 nuntium
2747 3371 2987 3424 Herodem
3003 3387 3107 3426 esse
3130 3378 3447 3440 peremptum.
3510 3378 3657 3426 Prae-

2082 3459 2215 3510 terea
2252 3465 2563 3516 memineritis
2590 3466 2859 3531 discrepare
2884 3469 3011 3520 inter
3038 3483 3091 3521 se
3116 3470 3389 3536 epistolium
3420 3474 3471 3523 et
3496 3472 3657 3523 verba

2080 3559 2206 3608 servi
2242 3578 2255 3608 =
2286 3559 2366 3610 hic
2390 3561 2521 3612 enim
2543 3559 2593 3610 in
2622 3565 2890 3626 quastione
2916 3578 2969 3616 se
3000 3567 3102 3629 ipse
3130 3565 3285 3617 edixit
3318 3567 3651 3619 interfecisse.

2078 3651 2350 3713 epistolium
2374 3655 2540 3704 autem
2560 3655 2850 3720 resignatum
2874 3671 2953 3709 me
2978 3658 3269 3709 homicidam
3287 3673 3389 3710 osse
3412 3660 3647 3723 prodidit,

2080 3748 2180 3812 (55)
2203 3751 2309 3800 Utri
2321 3749 2424 3813 iam
2448 3753 2640 3814 oportet
2656 3766 2745 3803 vos
2767 3753 2911 3804 fidem
2930 3755 3138 3806 habere?
3158 3759 3307 3807 Porro
3323 3794 3340 3821 ,
3370 3757 3507 3808 initio
3538 3759 3649 3821 qui-

2074 3840 2183 3891 dem
2197 3878 2214 3905 ,
2250 3847 2549 3909 quaerentes,
2573 3859 2671 3896 non
2701 3846 3010 3898 inveniebant
3036 3851 3306 3913 epistolium
3334 3852 3385 3902 in
3418 3853 3643 3917 navigio,

2047 3939 2379 4001 ,postmodum
2416 3943 2581 3992 autem
2606 3943 2928 3994 inveniebant.
2962 3948 3100 3995 Tunc
3122 3945 3350 3996 nimirum
3366 3947 3495 3998 fraus
3524 3949 3645 4012 ipsis

2069 4039 2285 4089 nondum
2311 4043 2414 4091 erat
2426 4043 2717 4105 excogitata,
2738 4047 2992 4107 postquam
3010 4047 3174 4094 autem
3186 4045 3331 4096 homo
3354 4047 3509 4110 primo
3524 4051 3643 4100 loco

2067 4136 2225 4186 tortus
2240 4137 2358 4188 nibil
2368 4137 2601 4189 indicarat
2618 4139 2737 4189 mihi
2754 4141 2997 4204 infestum,
3015 4142 3103 4206 ipsi
3120 4143 3345 4194 schedam
3354 4145 3643 4208 injiciebant

2064 4234 2116 4284 in
2142 4237 2412 4300 navigium,
2440 4249 2540 4301 quo
2560 4236 2795 4289 baberent
2819 4252 3013 4291 causam
3040 4241 3253 4293 criminis
3278 4243 3329 4293 in
3354 4257 3436 4295 me
3468 4247 3635 4296 eonse-

2063 4331 2199 4384 rendi
2222 4346 2235 4378 =
2260 4333 2356 4398 (55)
2376 4335 2620 4398 legebatur
2641 4335 2911 4399 epistolium
2942 4355 2956 4386 ε
2988 4337 3304 4411 torquebatur
3322 4341 3428 4389 tum
3458 4352 3635 4392 servus

2062 4427 2323 4490 posterior;
2342 4441 2512 4480 verum
2529 4429 2609 4480 hic
2625 4431 2841 4495 epistolio
2861 4433 3033 4486 edebat
3053 4448 3226 4498 parum
3244 4435 3592 4486 consentientia
3614 4455 3629 4487 ε

409 4518 585 4600 τιδίῳ,
621 4521 794 4580 οὔκέθ’
826 4513 933 4581 οἶόν
973 4527 1021 4582 τ’
1069 4516 1132 4598 ἦν
1163 4527 1414 4607 ἀφανίσαι
1447 4529 1514 4589 τὰ
1551 4532 1967 4610 ἀναγνωσθέντα.
2056 4527 2157 4588 jam
2198 4527 2514 4578 manassent
2560 4529 2832 4593 el³i⁸¹⁰¹i¹¹¹¹¹
2867 4531 2908 4582 Εἰ
2958 4530 3189 4583 licuisset·
3278 4531 3463 4592 Qu⁰d⁵3
3518 4534 3629 4584 ΤΟΤΕ

391 4605 479 4668 Ἐἰ
505 4607 608 4688 γὰρ
635 4608 900 4689 ἡγήσαντο
933 4610 1021 4671 τὸν
1049 4612 1211 4695 ἄνδρα
1249 4615 1447 4675 πείσειν
1478 4617 1584 4677 ἀπὸ
1611 4619 1823 4702 πρώτης
1852 4646 1967 4682 κα-
2058 4627 2355 4701 sperassent,
2387 4630 2443 4678 ut
2466 4641 2658 4680 servum
2681 4631 2845 4680 statim
2870 4646 2899 4682 a
2923 4633 3159 4697 principio
3184 4637 3521 4697 permoverent
3556 4631 3622 4684 ad

403 4696 752 4778 ταψεύδεσθαί
780 4722 877 4778 μου
893 4745 909 4774 ,
936 4703 1031 4760 οὔκ
1053 4700 1116 4760 ἄν
1143 4703 1257 4762 ποτ’
1289 4705 1695 4786 ἐμηχανήσαντο
1720 4706 1787 4767 τὰ
1815 4713 1868 4770 ἐν
1891 4716 1968 4794 τῷ
2056 4727 2173 4780 mlsa
2190 4729 2357 4777 eontra
2370 4740 2449 4778 me
2465 4728 2711 4794 edicenda,
2722 4730 2994 4782 machinam
3008 4732 3140 4783 illam
3162 4733 3465 4797 epistolarem
3478 4746 3623 4785 oom-

400 4787 792 4870 γραμματιδίῳ.
875 4788 986 4850 Καί
1009 4813 1097 4867 μοι
1125 4791 1392 4873 μάρτυρας
1417 4794 1613 4856 τούτων
1635 4796 1803 4858 κάλει.

962 4925 1394 4989 ΜΑΡΤΥΡΕΣ.

330 5075 356 5116 s
477 5065 553 5110 57.
600 5045 755 5116 Τίνος
787 5070 846 5126 γε
876 5045 940 5121 δὴ
981 5046 1130 5109 ἕνεκα
1173 5048 1260 5110 τὸν
1301 5047 1464 5131 ἀνδρα
1503 5050 1812 5126 ἀπέκτεινα;
1844 5052 1961 5114 οὐδὲ

2054 4826 2206 4876 menti
2222 4839 2319 4876 non
2344 4826 2559 4878 fuissent.
2583 4829 2693 4879 cita
2719 4830 2775 4879 tu
2794 4831 2914 4880 mihi
2936 4831 3111 4882 horum
3136 4833 3298 4884 testes.

2714 4955 2958 5006 TESTES.

2115 5063 2193 5111 57.
2226 5059 2321 5111 Sed
2346 5059 2542 5123 eecujus
2578 5062 2777 5113 tandem
2796 5063 2866 5114 rei
2898 5077 3043 5115 causa
3085 5079 3172 5129 ego
3199 5067 3361 5117 virum
3398 5067 3612 5120 occidis-

395 5133 497 5218 γὰρ
521 5135 683 5217 ἔχθρα
709 5137 932 5216 οὐδεμία,
953 5127 1020 5211 ἦν
1044 5139 1160 5216 ἐμοὶ
1183 5138 1274 5199 καὶ
1297 5139 1496 5220 ἐκείνῳ.
1548 5137 1734 5218 Λέγειν
1759 5137 1814 5199 δὲ
1841 5144 1959 5202 τολ-
2047 5161 2149 5199 sem
2180 5150 2203 5198 P
2228 5163 2347 5200 num
2370 5149 2659 5201 simultatis?
2692 5153 2838 5215 Atqui
2859 5153 2993 5204 nulla
3026 5154 3144 5204 mihi
3172 5168 3285 5205 cum
3314 5169 3373 5206 eo
3404 5155 3616 5208 interce-

397 5226 564 5302 μῶσιν
604 5227 675 5292 ὡς
724 5223 828 5305 ἐγὼ
867 5225 1046 5307 χάριτι
1073 5226 1160 5287 τὸν
1205 5226 1366 5311 ἄνδρα
1413 5227 1636 5290 ἔκτεινα.
1725 5229 1834 5290 Καί
1881 5229 1959 5299 τίς
2047 5237 2207 5288 debat.
2272 5237 2367 5290 Sed
2386 5239 2591 5290 alienam
2626 5241 2677 5291 in
2696 5239 2897 5304 gratiam
2920 5243 3057 5294 aiunt
3079 5256 3158 5294 me
3176 5243 3245 5294 illi
3272 5243 3497 5308 spiritum
3514 5246 3609 5296 eri·

3482 463 3703 543 (¹³⁵2120)
3820 455 3822 476 ⁴
