<?xml version="1.0" encoding="UTF-8"?>
<!DOCTYPE html PUBLIC "-//W3C//DTD XHTML 1.0 Transitional//EN"
    "http://www.w3.org/TR/xhtml1/DTD/xhtml1-transitional.dtd">
<html xmlns="http://www.w3.org/1999/xhtml" xml:lang="en" lang="en">
 <head>
  <title>
</title>
<meta http-equiv="Content-Type" content="text/html;charset=utf-8" />
  <meta name='ocr-system' content='tesseract 3.04.00' />
  <meta name='ocr-capabilities' content='ocr_page ocr_carea ocr_par ocr_line ocrx_word'/>
</head>
<body>
  <div class='ocr_page' id='page_1' title='image "./oratoresatticia03unkngoog/oratoresatticia03unkngoog_0580.png"; bbox 0 0 3825 5842; ppageno 0'>
   <div class='ocr_carea' id='block_1_1' title="bbox 60 778 66 1294">
    <p class='ocr_par' dir='ltr' id='par_1_1' title="bbox 60 778 66 1294">
     <span class='ocr_line' id='line_1_1' title="bbox 60 778 66 1294; baseline 0 0"><span class='ocrx_word' id='word_1_1' title='bbox 60 778 66 1294; x_wconf 95' lang='lat' dir='ltr'> </span> 
     </span>
    </p>
   </div>
   <div class='ocr_carea' id='block_1_2' title="bbox 505 412 2064 628">
    <p class='ocr_par' dir='ltr' id='par_1_2' title="bbox 505 412 2064 628">
     <span class='ocr_line' id='line_1_2' title="bbox 505 412 620 465; baseline 0.009 -1"><span class='ocrx_word' id='word_1_2' title='bbox 505 412 620 465; x_wconf 80' lang='lat'>228</span> 
     </span>
     <span class='ocr_line' id='line_1_3' title="bbox 513 533 2064 628; baseline 0.007 -35"><span class='ocrx_word' id='word_1_3' title='bbox 513 602 516 609; x_wconf 28' lang='grc' dir='ltr'>Ι</span> <span class='ocrx_word' id='word_1_4' title='bbox 583 554 676 594; x_wconf 75' lang='lat'><strong>19⁹.</strong></span> <span class='ocrx_word' id='word_1_5' title='bbox 719 536 774 595; x_wconf 90' lang='grc' dir='ltr'><em>Π</em></span> <span class='ocrx_word' id='word_1_6' title='bbox 812 535 847 552; x_wconf 83' lang='lat'>&#39;⁴&#39;</span> <span class='ocrx_word' id='word_1_7' title='bbox 882 556 938 593; x_wconf 90' lang='grc' dir='ltr'>ον</span> <span class='ocrx_word' id='word_1_8' title='bbox 967 534 1012 593; x_wconf 88' lang='grc' dir='ltr'>δ’</span> <span class='ocrx_word' id='word_1_9' title='bbox 1041 533 1362 612; x_wconf 70' lang='grc' dir='ltr'>ἐνθυμήθητε</span> <span class='ocrx_word' id='word_1_10' title='bbox 1391 538 1512 619; x_wconf 78' lang='grc' dir='ltr'>περὶ</span> <span class='ocrx_word' id='word_1_11' title='bbox 1547 543 1650 600; x_wconf 89' lang='grc' dir='ltr'>τῶν</span> <span class='ocrx_word' id='word_1_12' title='bbox 1673 542 1931 626; x_wconf 76' lang='grc' dir='ltr'>φλυαρίαν</span> <span class='ocrx_word' id='word_1_13' title='bbox 1960 568 2064 628; x_wconf 81' lang='grc' dir='ltr'>φα·-</span> 
     </span>
    </p>
   </div>
   <div class='ocr_carea' id='block_1_3' title="bbox 364 621 2068 5140">
    <p class='ocr_par' dir='ltr' id='par_1_3' title="bbox 364 621 2068 5140">
     <span class='ocr_line' id='line_1_4' title="bbox 501 621 2068 715; baseline 0.009 -35"><span class='ocrx_word' id='word_1_14' title='bbox 501 622 729 681; x_wconf 87' lang='grc' dir='ltr'>σκόντων</span> <span class='ocrx_word' id='word_1_15' title='bbox 757 644 782 681; x_wconf 87' lang='grc' dir='ltr'>ε</span> <span class='ocrx_word' id='word_1_16' title='bbox 805 646 890 681; x_wconf 91' lang='grc' dir='ltr'>ναι</span> <span class='ocrx_word' id='word_1_17' title='bbox 916 621 1012 695; x_wconf 76' lang='grc' dir='ltr'>τὴν</span> <span class='ocrx_word' id='word_1_18' title='bbox 1039 623 1307 703; x_wconf 80' lang='grc' dir='ltr'>παιδείαν,</span> <span class='ocrx_word' id='word_1_19' title='bbox 1337 629 1406 694; x_wconf 80' lang='grc' dir='ltr'>ὡς</span> <span class='ocrx_word' id='word_1_20' title='bbox 1429 628 1577 687; x_wconf 77' lang='grc' dir='ltr'>αὐτοὶ</span> <span class='ocrx_word' id='word_1_21' title='bbox 1607 629 1726 690; x_wconf 82' lang='grc' dir='ltr'>λίαν</span> <span class='ocrx_word' id='word_1_22' title='bbox 1755 638 2068 715; x_wconf 67' lang='grc' dir='ltr'>καταφανῶς</span> 
     </span>
     <span class='ocr_line' id='line_1_5' title="bbox 501 710 2061 805; baseline 0.008 -36"><span class='ocrx_word' id='word_1_23' title='bbox 501 712 741 792; x_wconf 77' lang='grc' dir='ltr'>ληροῦσι.</span> <span class='ocrx_word' id='word_1_24' title='bbox 835 710 1154 793; x_wconf 86' lang='grc' dir='ltr'>Διασύρουσι</span> <span class='ocrx_word' id='word_1_25' title='bbox 1183 712 1279 792; x_wconf 82' lang='grc' dir='ltr'>μὲν</span> <span class='ocrx_word' id='word_1_26' title='bbox 1307 712 1408 798; x_wconf 80' lang='grc' dir='ltr'>γὰρ</span> <span class='ocrx_word' id='word_1_27' title='bbox 1439 716 1600 790; x_wconf 68' lang='grc' dir='ltr'>αὐτὴν</span> <span class='ocrx_word' id='word_1_28' title='bbox 1633 723 1704 788; x_wconf 84' lang='grc' dir='ltr'>ὣς</span> <span class='ocrx_word' id='word_1_29' title='bbox 1749 720 1895 781; x_wconf 79' lang='grc' dir='ltr'>οὐδὲν</span> <span class='ocrx_word' id='word_1_30' title='bbox 1924 724 2061 805; x_wconf 71' lang='grc' dir='ltr'>ὠφε·</span> 
     </span>
     <span class='ocr_line' id='line_1_6' title="bbox 497 799 2061 888; baseline 0.008 -33"><span class='ocrx_word' id='word_1_31' title='bbox 497 799 608 857; x_wconf 86' lang='grc' dir='ltr'>λεῖν</span> <span class='ocrx_word' id='word_1_32' title='bbox 636 799 944 875; x_wconf 77' lang='grc' dir='ltr'>δυναμένην,</span> <span class='ocrx_word' id='word_1_33' title='bbox 979 802 1098 859; x_wconf 85' lang='grc' dir='ltr'>ἀλλ’</span> <span class='ocrx_word' id='word_1_34' title='bbox 1144 800 1353 874; x_wconf 82' lang='grc' dir='ltr'>ἀπάτην</span> <span class='ocrx_word' id='word_1_35' title='bbox 1391 803 1483 863; x_wconf 75' lang='grc' dir='ltr'>καὶ</span> <span class='ocrx_word' id='word_1_36' title='bbox 1523 809 1843 888; x_wconf 81' lang='grc' dir='ltr'>φενακισμὸν</span> <span class='ocrx_word' id='word_1_37' title='bbox 1881 802 2061 885; x_wconf 66' lang='grc' dir='ltr'>οὖσαν,</span> 
     </span>
     <span class='ocr_line' id='line_1_7' title="bbox 417 883 2066 978; baseline 0.009 -36"><span class='ocrx_word' id='word_1_38' title='bbox 417 898 446 936; x_wconf 75' lang='lat'>⁸</span> <span class='ocrx_word' id='word_1_39' title='bbox 506 883 708 954; x_wconf 78' lang='grc' dir='ltr'>ἀξιοῦσι</span> <span class='ocrx_word' id='word_1_40' title='bbox 736 885 790 945; x_wconf 82' lang='grc' dir='ltr'>δὲ</span> <span class='ocrx_word' id='word_1_41' title='bbox 818 884 936 954; x_wconf 75' lang='grc' dir='ltr'>τοὺς</span> <span class='ocrx_word' id='word_1_42' title='bbox 965 886 1211 957; x_wconf 80' lang='grc' dir='ltr'>συνόντας</span> <span class='ocrx_word' id='word_1_43' title='bbox 1230 893 1364 968; x_wconf 80' lang='grc' dir='ltr'>ἡμῖν</span> <span class='ocrx_word' id='word_1_44' title='bbox 1395 890 1542 962; x_wconf 75' lang='grc' dir='ltr'>εὐθὺς</span> <span class='ocrx_word' id='word_1_45' title='bbox 1569 892 1664 971; x_wconf 87' lang='grc' dir='ltr'>μὲν</span> <span class='ocrx_word' id='word_1_46' title='bbox 1687 898 2066 978; x_wconf 84' lang='grc' dir='ltr'>προσελθόντας</span> 
     </span>
     <span class='ocr_line' id='line_1_8' title="bbox 499 973 2061 1067; baseline 0.009 -35"><span class='ocrx_word' id='word_1_47' title='bbox 499 973 755 1055; x_wconf 77' lang='grc' dir='ltr'>διαφέρειν</span> <span class='ocrx_word' id='word_1_48' title='bbox 798 973 981 1044; x_wconf 78' lang='grc' dir='ltr'>αὖτοὺς</span> <span class='ocrx_word' id='word_1_49' title='bbox 1015 979 1205 1052; x_wconf 81' lang='grc' dir='ltr'>αὓτῶν,</span> <span class='ocrx_word' id='word_1_50' title='bbox 1252 980 1370 1058; x_wconf 76' lang='lat'><strong>(200)</strong></span> <span class='ocrx_word' id='word_1_51' title='bbox 1417 980 1594 1061; x_wconf 79' lang='grc' dir='ltr'>ὀλίγας</span> <span class='ocrx_word' id='word_1_52' title='bbox 1631 984 1676 1041; x_wconf 88' lang='grc' dir='ltr'>δ’</span> <span class='ocrx_word' id='word_1_53' title='bbox 1707 984 1908 1067; x_wconf 80' lang='grc' dir='ltr'>ἡμέρας</span> <span class='ocrx_word' id='word_1_54' title='bbox 1936 1010 2061 1046; x_wconf 83' lang='grc' dir='ltr'>συν-</span> 
     </span>
     <span class='ocr_line' id='line_1_9' title="bbox 495 1062 2065 1155; baseline 0.01 -35"><span class='ocrx_word' id='word_1_55' title='bbox 495 1062 862 1145; x_wconf 84' lang='grc' dir='ltr'>διατρίψαντας</span> <span class='ocrx_word' id='word_1_56' title='bbox 897 1064 1218 1147; x_wconf 76' lang='grc' dir='ltr'>σοφωτέρους</span> <span class='ocrx_word' id='word_1_57' title='bbox 1248 1068 1300 1125; x_wconf 78' lang='grc' dir='ltr'>ἐν</span> <span class='ocrx_word' id='word_1_58' title='bbox 1322 1072 1430 1138; x_wconf 86' lang='grc' dir='ltr'>τοῖς</span> <span class='ocrx_word' id='word_1_59' title='bbox 1462 1068 1632 1150; x_wconf 82' lang='grc' dir='ltr'>λόγοις</span> <span class='ocrx_word' id='word_1_60' title='bbox 1673 1073 1764 1133; x_wconf 80' lang='grc' dir='ltr'>καὶ</span> <span class='ocrx_word' id='word_1_61' title='bbox 1800 1074 2065 1155; x_wconf 79' lang='grc' dir='ltr'>κρείττους</span> 
     </span>
     <span class='ocr_line' id='line_1_10' title="bbox 496 1150 2066 1247; baseline 0.009 -38"><span class='ocrx_word' id='word_1_62' title='bbox 496 1150 766 1233; x_wconf 70' lang='grc' dir='ltr'>φαίνεσθαι</span> <span class='ocrx_word' id='word_1_63' title='bbox 797 1156 900 1211; x_wconf 90' lang='grc' dir='ltr'>τῶν</span> <span class='ocrx_word' id='word_1_64' title='bbox 944 1153 1037 1213; x_wconf 76' lang='grc' dir='ltr'>καὶ</span> <span class='ocrx_word' id='word_1_65' title='bbox 1063 1162 1176 1223; x_wconf 82' lang='grc' dir='ltr'>ταῖς</span> <span class='ocrx_word' id='word_1_66' title='bbox 1217 1156 1446 1228; x_wconf 76' lang='grc' dir='ltr'>ἡλικίαις</span> <span class='ocrx_word' id='word_1_67' title='bbox 1485 1159 1576 1217; x_wconf 79' lang='grc' dir='ltr'>καὶ</span> <span class='ocrx_word' id='word_1_68' title='bbox 1610 1166 1727 1229; x_wconf 86' lang='grc' dir='ltr'>ταῖς</span> <span class='ocrx_word' id='word_1_69' title='bbox 1770 1164 2066 1247; x_wconf 73' lang='grc' dir='ltr'>ἐμπειρίαις</span> 
     </span>
     <span class='ocr_line' id='line_1_11' title="bbox 495 1239 2063 1336; baseline 0.01 -38"><span class='ocrx_word' id='word_1_70' title='bbox 495 1239 840 1321; x_wconf 83' lang='grc' dir='ltr'>προεχόντων,</span> <span class='ocrx_word' id='word_1_71' title='bbox 865 1242 1100 1302; x_wconf 72' lang='grc' dir='ltr'>ἐνιαυτὸν</span> <span class='ocrx_word' id='word_1_72' title='bbox 1125 1241 1180 1303; x_wconf 83' lang='grc' dir='ltr'>δὲ</span> <span class='ocrx_word' id='word_1_73' title='bbox 1205 1242 1360 1323; x_wconf 86' lang='grc' dir='ltr'>μόνον</span> <span class='ocrx_word' id='word_1_74' title='bbox 1381 1248 1810 1328; x_wconf 82' lang='grc' dir='ltr'>παραμείναντας</span> <span class='ocrx_word' id='word_1_75' title='bbox 1840 1252 2063 1336; x_wconf 77' lang='grc' dir='ltr'>ῥήτορας</span> 
     </span>
     <span class='ocr_line' id='line_1_12' title="bbox 415 1322 2059 1424; baseline 0.013 -43"><span class='ocrx_word' id='word_1_76' title='bbox 415 1340 468 1381; x_wconf 83' lang='lat' dir='ltr'><strong>lo</strong></span> <span class='ocrx_word' id='word_1_77' title='bbox 493 1328 727 1397; x_wconf 79' lang='grc' dir='ltr'>ἅπαντας</span> <span class='ocrx_word' id='word_1_78' title='bbox 760 1329 980 1410; x_wconf 78' lang='grc' dir='ltr'>ἀγαθοὺς</span> <span class='ocrx_word' id='word_1_79' title='bbox 1005 1322 1138 1391; x_wconf 74' lang='grc' dir='ltr'>εἶναι</span> <span class='ocrx_word' id='word_1_80' title='bbox 1170 1333 1261 1392; x_wconf 73' lang='grc' dir='ltr'>καὶ</span> <span class='ocrx_word' id='word_1_81' title='bbox 1288 1335 1492 1406; x_wconf 88' lang='grc' dir='ltr'>τελέους</span> <span class='ocrx_word' id='word_1_82' title='bbox 1507 1383 1523 1411; x_wconf 93' lang='grc'>,</span> <span class='ocrx_word' id='word_1_83' title='bbox 1549 1339 1640 1397; x_wconf 86' lang='grc' dir='ltr'>καὶ</span> <span class='ocrx_word' id='word_1_84' title='bbox 1670 1340 1833 1418; x_wconf 80' lang='grc' dir='ltr'>μηδὲν</span> <span class='ocrx_word' id='word_1_85' title='bbox 1863 1345 2059 1424; x_wconf 81' lang='grc' dir='ltr'>φαυλο·</span> 
     </span>
     <span class='ocr_line' id='line_1_13' title="bbox 490 1415 2063 1509; baseline 0.01 -33"><span class='ocrx_word' id='word_1_86' title='bbox 490 1415 668 1499; x_wconf 85' lang='grc' dir='ltr'>τέρους</span> <span class='ocrx_word' id='word_1_87' title='bbox 699 1416 818 1487; x_wconf 75' lang='grc' dir='ltr'>τοὺς</span> <span class='ocrx_word' id='word_1_88' title='bbox 855 1420 1068 1497; x_wconf 83' lang='grc' dir='ltr'>ἀμελεῖς</span> <span class='ocrx_word' id='word_1_89' title='bbox 1106 1425 1210 1481; x_wconf 88' lang='grc' dir='ltr'>τῶν</span> <span class='ocrx_word' id='word_1_90' title='bbox 1252 1430 1428 1483; x_wconf 82' lang='grc' dir='ltr'>πονεῖν</span> <span class='ocrx_word' id='word_1_91' title='bbox 1459 1426 1739 1487; x_wconf 80' lang='grc' dir='ltr'>ἐθελόντων</span> <span class='ocrx_word' id='word_1_92' title='bbox 1779 1429 1914 1509; x_wconf 81' lang='grc' dir='ltr'>μηδὲ</span> <span class='ocrx_word' id='word_1_93' title='bbox 1944 1429 2063 1498; x_wconf 75' lang='grc' dir='ltr'>τοὺς</span> 
     </span>
     <span class='ocr_line' id='line_1_14' title="bbox 492 1506 2060 1600; baseline 0.01 -36"><span class='ocrx_word' id='word_1_94' title='bbox 492 1509 671 1587; x_wconf 68' lang='grc' dir='ltr'>ἀφυεῖς</span> <span class='ocrx_word' id='word_1_95' title='bbox 705 1510 808 1566; x_wconf 87' lang='grc' dir='ltr'>τῶν</span> <span class='ocrx_word' id='word_1_96' title='bbox 850 1506 943 1575; x_wconf 80' lang='grc' dir='ltr'>τὰς</span> <span class='ocrx_word' id='word_1_97' title='bbox 973 1510 1146 1591; x_wconf 76' lang='grc' dir='ltr'>ψυχὰς</span> <span class='ocrx_word' id='word_1_98' title='bbox 1182 1510 1428 1593; x_wconf 71' lang='grc' dir='ltr'>ἀνδρικὰς</span> <span class='ocrx_word' id='word_1_99' title='bbox 1455 1513 1699 1595; x_wconf 75' lang='grc' dir='ltr'>ἐχόντων.</span> <span class='ocrx_word' id='word_1_100' title='bbox 1797 1517 1914 1600; x_wconf 78' lang='lat'><strong>(201)</strong></span> <span class='ocrx_word' id='word_1_101' title='bbox 1949 1520 2060 1579; x_wconf 81' lang='grc' dir='ltr'>Καὶ</span> 
     </span>
     <span class='ocr_line' id='line_1_15' title="bbox 490 1594 2057 1678; baseline 0.009 -25"><span class='ocrx_word' id='word_1_102' title='bbox 490 1599 658 1654; x_wconf 85' lang='grc' dir='ltr'>ταῦτα</span> <span class='ocrx_word' id='word_1_103' title='bbox 695 1594 1108 1675; x_wconf 80' lang='grc' dir='ltr'>προστάττουσιν</span> <span class='ocrx_word' id='word_1_104' title='bbox 1148 1598 1256 1659; x_wconf 81' lang='grc' dir='ltr'>οὗθ’</span> <span class='ocrx_word' id='word_1_105' title='bbox 1293 1604 1446 1678; x_wconf 82' lang='grc' dir='ltr'>ἡμῶν</span> <span class='ocrx_word' id='word_1_106' title='bbox 1489 1604 1776 1676; x_wconf 75' lang='grc' dir='ltr'>ἀκηκοότες</span> <span class='ocrx_word' id='word_1_107' title='bbox 1812 1604 2057 1676; x_wconf 89' lang='grc' dir='ltr'>τοιαύτας</span> 
     </span>
     <span class='ocr_line' id='line_1_16' title="bbox 489 1684 2057 1777; baseline 0.007 -35"><span class='ocrx_word' id='word_1_108' title='bbox 489 1684 812 1763; x_wconf 81' lang='grc' dir='ltr'>ποιουμένων</span> <span class='ocrx_word' id='word_1_109' title='bbox 836 1684 931 1753; x_wconf 77' lang='grc' dir='ltr'>τὰς</span> <span class='ocrx_word' id='word_1_110' title='bbox 956 1686 1292 1768; x_wconf 75' lang='grc' dir='ltr'>ὑποσχέσεις,</span> <span class='ocrx_word' id='word_1_111' title='bbox 1313 1688 1422 1749; x_wconf 81' lang='grc' dir='ltr'>οὔτ’</span> <span class='ocrx_word' id='word_1_112' title='bbox 1445 1692 1500 1750; x_wconf 77' lang='grc' dir='ltr'>ἐν</span> <span class='ocrx_word' id='word_1_113' title='bbox 1519 1697 1630 1761; x_wconf 88' lang='grc' dir='ltr'>ταῖς</span> <span class='ocrx_word' id='word_1_114' title='bbox 1651 1692 1835 1762; x_wconf 79' lang='grc' dir='ltr'>ἄλλαις</span> <span class='ocrx_word' id='word_1_115' title='bbox 1850 1695 2057 1777; x_wconf 80' lang='grc' dir='ltr'>τέχναις</span> 
     </span>
     <span class='ocr_line' id='line_1_17' title="bbox 413 1772 2058 1860; baseline 0.007 -27"><span class='ocrx_word' id='word_1_116' title='bbox 413 1792 462 1833; x_wconf 75' lang='lat' dir='ltr'>tn</span> <span class='ocrx_word' id='word_1_117' title='bbox 490 1772 582 1834; x_wconf 74' lang='grc' dir='ltr'>καὶ</span> <span class='ocrx_word' id='word_1_118' title='bbox 605 1773 866 1843; x_wconf 86' lang='grc' dir='ltr'>παιδείαις</span> <span class='ocrx_word' id='word_1_119' title='bbox 891 1775 1036 1835; x_wconf 79' lang='grc' dir='ltr'>οὐδὲν</span> <span class='ocrx_word' id='word_1_120' title='bbox 1062 1777 1348 1858; x_wconf 82' lang='grc' dir='ltr'>ἑωρακότες</span> <span class='ocrx_word' id='word_1_121' title='bbox 1371 1779 1566 1841; x_wconf 89' lang='grc' dir='ltr'>τούτων</span> <span class='ocrx_word' id='word_1_122' title='bbox 1584 1783 1890 1860; x_wconf 75' lang='grc' dir='ltr'>συμὸαῖνον,</span> <span class='ocrx_word' id='word_1_123' title='bbox 1921 1784 2058 1845; x_wconf 73' lang='grc' dir='ltr'>ἀλλὰ</span> 
     </span>
     <span class='ocr_line' id='line_1_18' title="bbox 494 1862 2060 1953; baseline 0.007 -32"><span class='ocrx_word' id='word_1_124' title='bbox 494 1862 643 1940; x_wconf 83' lang='grc' dir='ltr'>μόλις</span> <span class='ocrx_word' id='word_1_125' title='bbox 679 1862 774 1941; x_wconf 82' lang='grc' dir='ltr'>μὲν</span> <span class='ocrx_word' id='word_1_126' title='bbox 811 1867 940 1940; x_wconf 85' lang='grc' dir='ltr'>ἡμῖν</span> <span class='ocrx_word' id='word_1_127' title='bbox 983 1864 1072 1931; x_wconf 82' lang='grc' dir='ltr'>τὰς</span> <span class='ocrx_word' id='word_1_128' title='bbox 1103 1866 1398 1943; x_wconf 82' lang='grc' dir='ltr'>ἐπιστήμας</span> <span class='ocrx_word' id='word_1_129' title='bbox 1435 1870 1929 1950; x_wconf 81' lang='grc' dir='ltr'>παραγιγνομένας,</span> <span class='ocrx_word' id='word_1_130' title='bbox 1960 1874 2060 1953; x_wconf 83' lang='grc' dir='ltr'>οὗχ</span> 
     </span>
     <span class='ocr_line' id='line_1_19' title="bbox 489 1950 2056 2041; baseline 0.008 -32"><span class='ocrx_word' id='word_1_131' title='bbox 489 1950 679 2027; x_wconf 84' lang='grc' dir='ltr'>ὁμοίως</span> <span class='ocrx_word' id='word_1_132' title='bbox 717 1951 762 2009; x_wconf 84' lang='grc' dir='ltr'>δ’</span> <span class='ocrx_word' id='word_1_133' title='bbox 805 1950 1052 2024; x_wconf 78' lang='grc' dir='ltr'>ἀλλήλοις</span> <span class='ocrx_word' id='word_1_134' title='bbox 1080 1951 1113 2011; x_wconf 78' lang='grc' dir='ltr'>ὅ</span> <span class='ocrx_word' id='word_1_135' title='bbox 1135 1977 1188 2012; x_wconf 87' lang='grc' dir='ltr'>τι</span> <span class='ocrx_word' id='word_1_136' title='bbox 1229 1954 1291 2013; x_wconf 78' lang='grc' dir='ltr'>ἂν</span> <span class='ocrx_word' id='word_1_137' title='bbox 1326 1955 1576 2035; x_wconf 87' lang='grc' dir='ltr'>μάθωμεν</span> <span class='ocrx_word' id='word_1_138' title='bbox 1605 1958 2056 2041; x_wconf 79' lang='grc' dir='ltr'>ἐξεργαζομένους,</span> 
     </span>
     <span class='ocr_line' id='line_1_20' title="bbox 490 2034 2055 2122; baseline 0.007 -25"><span class='ocrx_word' id='word_1_139' title='bbox 490 2037 626 2098; x_wconf 76' lang='grc' dir='ltr'>ἀλλὰ</span> <span class='ocrx_word' id='word_1_140' title='bbox 663 2034 754 2098; x_wconf 92' lang='grc' dir='ltr'>δύο</span> <span class='ocrx_word' id='word_1_141' title='bbox 791 2036 886 2118; x_wconf 79' lang='grc' dir='ltr'>μὲν</span> <span class='ocrx_word' id='word_1_142' title='bbox 919 2038 953 2110; x_wconf 83' lang='grc' dir='ltr'>ἢ</span> <span class='ocrx_word' id='word_1_143' title='bbox 991 2041 1126 2122; x_wconf 91' lang='grc' dir='ltr'>τρεῖς</span> <span class='ocrx_word' id='word_1_144' title='bbox 1164 2040 1216 2111; x_wconf 78' lang='grc' dir='ltr'>ἐξ</span> <span class='ocrx_word' id='word_1_145' title='bbox 1249 2042 1496 2102; x_wconf 76' lang='grc' dir='ltr'>ἁπάντων</span> <span class='ocrx_word' id='word_1_146' title='bbox 1533 2048 1636 2103; x_wconf 92' lang='grc' dir='ltr'>τῶν</span> <span class='ocrx_word' id='word_1_147' title='bbox 1678 2047 2055 2107; x_wconf 86' lang='grc' dir='ltr'>διδασκαλείων</span> 
     </span>
     <span class='ocr_line' id='line_1_21' title="bbox 490 2122 2055 2206; baseline 0.007 -22"><span class='ocrx_word' id='word_1_148' title='bbox 490 2124 776 2205; x_wconf 70' lang='grc' dir='ltr'>ἀγωνιστὰς</span> <span class='ocrx_word' id='word_1_149' title='bbox 803 2130 1168 2206; x_wconf 80' lang='grc' dir='ltr'>γιγνομένους,</span> <span class='ocrx_word' id='word_1_150' title='bbox 1211 2128 1329 2198; x_wconf 79' lang='grc' dir='ltr'>τοὺς</span> <span class='ocrx_word' id='word_1_151' title='bbox 1355 2122 1402 2191; x_wconf 83' lang='grc' dir='ltr'>δ’</span> <span class='ocrx_word' id='word_1_152' title='bbox 1421 2132 1612 2199; x_wconf 83' lang='grc' dir='ltr'>ἄλλους</span> <span class='ocrx_word' id='word_1_153' title='bbox 1638 2132 1692 2203; x_wconf 78' lang='grc' dir='ltr'>ἐξ</span> <span class='ocrx_word' id='word_1_154' title='bbox 1721 2136 1892 2193; x_wconf 78' lang='grc' dir='ltr'>αὐτῶν</span> <span class='ocrx_word' id='word_1_155' title='bbox 1913 2135 2055 2195; x_wconf 79' lang='grc' dir='ltr'>ἰδιώ-</span> 
     </span>
     <span class='ocr_line' id='line_1_22' title="bbox 405 2216 2056 2305; baseline 0.007 -32"><span class='ocrx_word' id='word_1_156' title='bbox 405 2240 459 2279; x_wconf 73' lang='lat'>20</span> <span class='ocrx_word' id='word_1_157' title='bbox 484 2240 578 2283; x_wconf 90' lang='grc' dir='ltr'>τας</span> <span class='ocrx_word' id='word_1_158' title='bbox 620 2216 1130 2295; x_wconf 76' lang='grc' dir='ltr'>ἀπαλλαττομένους.</span> <span class='ocrx_word' id='word_1_159' title='bbox 1213 2219 1336 2300; x_wconf 66' lang='grc'>(202)</span> <span class='ocrx_word' id='word_1_160' title='bbox 1387 2220 1586 2281; x_wconf 86' lang='grc' dir='ltr'>Καίτοι·</span> <span class='ocrx_word' id='word_1_161' title='bbox 1606 2226 1718 2291; x_wconf 86' lang='grc' dir='ltr'>πῶς</span> <span class='ocrx_word' id='word_1_162' title='bbox 1763 2224 1857 2301; x_wconf 70' lang='grc' dir='ltr'>οὐκ</span> <span class='ocrx_word' id='word_1_163' title='bbox 1889 2224 2056 2305; x_wconf 64' lang='grc' dir='ltr'>ἄφρο-</span> 
     </span>
     <span class='ocr_line' id='line_1_23' title="bbox 485 2292 2054 2388; baseline 0.006 -27"><span class='ocrx_word' id='word_1_164' title='bbox 485 2327 577 2371; x_wconf 91' lang='grc' dir='ltr'>νας</span> <span class='ocrx_word' id='word_1_165' title='bbox 609 2292 741 2363; x_wconf 70' lang='grc' dir='ltr'>εἶναι</span> <span class='ocrx_word' id='word_1_166' title='bbox 766 2302 872 2386; x_wconf 76' lang='grc' dir='ltr'>χρὴ</span> <span class='ocrx_word' id='word_1_167' title='bbox 900 2306 1124 2384; x_wconf 86' lang='grc' dir='ltr'>νομίζειν</span> <span class='ocrx_word' id='word_1_168' title='bbox 1154 2306 1272 2376; x_wconf 78' lang='grc' dir='ltr'>τοὺς</span> <span class='ocrx_word' id='word_1_169' title='bbox 1305 2306 1400 2376; x_wconf 75' lang='grc' dir='ltr'>τὰς</span> <span class='ocrx_word' id='word_1_170' title='bbox 1439 2308 1683 2388; x_wconf 85' lang='grc' dir='ltr'>δυνάμεις</span> <span class='ocrx_word' id='word_1_171' title='bbox 1720 2308 1816 2380; x_wconf 74' lang='grc' dir='ltr'>τὰς</span> <span class='ocrx_word' id='word_1_172' title='bbox 1850 2315 1904 2372; x_wconf 70' lang='grc' dir='ltr'>ἐν</span> <span class='ocrx_word' id='word_1_173' title='bbox 1940 2316 2054 2381; x_wconf 88' lang='grc' dir='ltr'>ταῖς</span> 
     </span>
     <span class='ocr_line' id='line_1_24' title="bbox 485 2392 2051 2476; baseline 0.006 -25"><span class='ocrx_word' id='word_1_174' title='bbox 485 2392 923 2472; x_wconf 83' lang='grc' dir='ltr'>ὁμολογουμέναις</span> <span class='ocrx_word' id='word_1_175' title='bbox 943 2398 1047 2454; x_wconf 89' lang='grc' dir='ltr'>τῶν</span> <span class='ocrx_word' id='word_1_176' title='bbox 1064 2400 1262 2476; x_wconf 90' lang='grc' dir='ltr'>τεχνῶν</span> <span class='ocrx_word' id='word_1_177' title='bbox 1285 2400 1379 2457; x_wconf 75' lang='grc' dir='ltr'>οὐκ</span> <span class='ocrx_word' id='word_1_178' title='bbox 1404 2397 1615 2468; x_wconf 81' lang='grc' dir='ltr'>ἐνούσας</span> <span class='ocrx_word' id='word_1_179' title='bbox 1630 2444 1648 2472; x_wconf 86' lang='grc'>,</span> <span class='ocrx_word' id='word_1_180' title='bbox 1668 2398 1866 2469; x_wconf 87' lang='grc' dir='ltr'>ταύτας</span> <span class='ocrx_word' id='word_1_181' title='bbox 1892 2403 2051 2461; x_wconf 86' lang='grc' dir='ltr'>ἀπαι-</span> 
     </span>
     <span class='ocr_line' id='line_1_25' title="bbox 485 2476 2052 2571; baseline 0.006 -32"><span class='ocrx_word' id='word_1_182' title='bbox 485 2484 592 2539; x_wconf 87' lang='grc' dir='ltr'>τεῖν</span> <span class='ocrx_word' id='word_1_183' title='bbox 627 2482 933 2559; x_wconf 83' lang='grc' dir='ltr'>τολμῶντας</span> <span class='ocrx_word' id='word_1_184' title='bbox 966 2482 1112 2564; x_wconf 73' lang='grc' dir='ltr'>παρὰ</span> <span class='ocrx_word' id='word_1_185' title='bbox 1147 2482 1340 2557; x_wconf 88' lang='grc' dir='ltr'>ταύτης</span> <span class='ocrx_word' id='word_1_186' title='bbox 1376 2486 1441 2558; x_wconf 81' lang='grc' dir='ltr'>ἣν</span> <span class='ocrx_word' id='word_1_187' title='bbox 1477 2488 1571 2546; x_wconf 79' lang='grc' dir='ltr'>οὐκ</span> <span class='ocrx_word' id='word_1_188' title='bbox 1604 2476 1738 2547; x_wconf 66' lang='grc' dir='ltr'>εἷναί</span> <span class='ocrx_word' id='word_1_189' title='bbox 1769 2512 1933 2571; x_wconf 80' lang='grc' dir='ltr'>φασι,</span> <span class='ocrx_word' id='word_1_190' title='bbox 1960 2490 2052 2549; x_wconf 76' lang='grc' dir='ltr'>καὶ</span> 
     </span>
     <span class='ocr_line' id='line_1_26' title="bbox 486 2569 2052 2659; baseline 0.006 -32"><span class='ocrx_word' id='word_1_191' title='bbox 486 2569 695 2636; x_wconf 89' lang='grc' dir='ltr'>πλείους</span> <span class='ocrx_word' id='word_1_192' title='bbox 738 2570 833 2637; x_wconf 78' lang='grc' dir='ltr'>τὰς</span> <span class='ocrx_word' id='word_1_193' title='bbox 872 2570 1124 2652; x_wconf 76' lang='grc' dir='ltr'>ὠφελείας</span> <span class='ocrx_word' id='word_1_194' title='bbox 1159 2570 1426 2642; x_wconf 75' lang='grc' dir='ltr'>ἀξιοῦντας</span> <span class='ocrx_word' id='word_1_195' title='bbox 1461 2574 1730 2654; x_wconf 89' lang='grc' dir='ltr'>γίγνεσθαι·</span> <span class='ocrx_word' id='word_1_196' title='bbox 1769 2576 1919 2659; x_wconf 81' lang='grc' dir='ltr'>παρὰ</span> <span class='ocrx_word' id='word_1_197' title='bbox 1958 2584 2052 2651; x_wconf 74' lang='grc' dir='ltr'>τῆς</span> 
     </span>
     <span class='ocr_line' id='line_1_27' title="bbox 409 2656 2050 2747; baseline 0.006 -31"><span class='ocrx_word' id='word_1_198' title='bbox 409 2676 462 2716; x_wconf 71' lang='lat'>25</span> <span class='ocrx_word' id='word_1_199' title='bbox 487 2656 869 2736; x_wconf 77' lang='grc' dir='ltr'>ἀπιστουμένης</span> <span class='ocrx_word' id='word_1_200' title='bbox 886 2658 972 2739; x_wconf 76' lang='grc' dir='ltr'>ὑφ’</span> <span class='ocrx_word' id='word_1_201' title='bbox 994 2663 1166 2718; x_wconf 81' lang='grc' dir='ltr'>αὑτῶν</span> <span class='ocrx_word' id='word_1_202' title='bbox 1185 2658 1220 2733; x_wconf 80' lang='grc' dir='ltr'>ἢ</span> <span class='ocrx_word' id='word_1_203' title='bbox 1243 2662 1389 2742; x_wconf 78' lang='grc' dir='ltr'>παρὰ</span> <span class='ocrx_word' id='word_1_204' title='bbox 1412 2667 1514 2722; x_wconf 87' lang='grc' dir='ltr'>τῶν</span> <span class='ocrx_word' id='word_1_205' title='bbox 1543 2664 1771 2747; x_wconf 77' lang='grc' dir='ltr'>ἀκριὸῶς</span> <span class='ocrx_word' id='word_1_206' title='bbox 1799 2669 2050 2747; x_wconf 75' lang='grc' dir='ltr'>εὑρῆσθαι</span> 
     </span>
     <span class='ocr_line' id='line_1_28' title="bbox 364 2745 2054 2832; baseline 0.008 -30"><span class='ocrx_word' id='word_1_207' title='bbox 364 2809 372 2817; x_wconf 54' lang='grc'>,</span> <span class='ocrx_word' id='word_1_208' title='bbox 484 2745 775 2822; x_wconf 82' lang='grc' dir='ltr'>δοκουσῶν;</span> <span class='ocrx_word' id='word_1_209' title='bbox 806 2746 920 2824; x_wconf 67' lang='grc'>(203)</span> <span class='ocrx_word' id='word_1_210' title='bbox 951 2746 1071 2828; x_wconf 81' lang='grc' dir='ltr'>Χρὴ</span> <span class='ocrx_word' id='word_1_211' title='bbox 1101 2746 1155 2807; x_wconf 82' lang='grc' dir='ltr'>δὲ</span> <span class='ocrx_word' id='word_1_212' title='bbox 1190 2746 1308 2817; x_wconf 74' lang='grc' dir='ltr'>τοὺς</span> <span class='ocrx_word' id='word_1_213' title='bbox 1335 2755 1450 2809; x_wconf 90' lang='grc' dir='ltr'>νοῦν</span> <span class='ocrx_word' id='word_1_214' title='bbox 1479 2750 1694 2831; x_wconf 77' lang='grc' dir='ltr'>ἔχοντας</span> <span class='ocrx_word' id='word_1_215' title='bbox 1715 2756 1808 2813; x_wconf 84' lang='grc' dir='ltr'>οὗκ</span> <span class='ocrx_word' id='word_1_216' title='bbox 1835 2754 2054 2832; x_wconf 86' lang='grc' dir='ltr'>ἀνωμά-</span> 
     </span>
     <span class='ocr_line' id='line_1_29' title="bbox 485 2833 2048 2922; baseline 0.007 -32"><span class='ocrx_word' id='word_1_217' title='bbox 485 2834 591 2901; x_wconf 90' lang='grc' dir='ltr'>λως</span> <span class='ocrx_word' id='word_1_218' title='bbox 618 2834 878 2892; x_wconf 87' lang='grc' dir='ltr'>ποιεῖσθαι</span> <span class='ocrx_word' id='word_1_219' title='bbox 895 2834 988 2901; x_wconf 76' lang='grc' dir='ltr'>τὰς</span> <span class='ocrx_word' id='word_1_220' title='bbox 1007 2833 1197 2917; x_wconf 88' lang='grc' dir='ltr'>κρίσεις</span> <span class='ocrx_word' id='word_1_221' title='bbox 1217 2836 1338 2919; x_wconf 79' lang='grc' dir='ltr'>περὶ</span> <span class='ocrx_word' id='word_1_222' title='bbox 1359 2841 1464 2897; x_wconf 87' lang='grc' dir='ltr'>τῶν</span> <span class='ocrx_word' id='word_1_223' title='bbox 1481 2839 1672 2917; x_wconf 82' lang='grc' dir='ltr'>ὁμοίων</span> <span class='ocrx_word' id='word_1_224' title='bbox 1695 2843 2048 2922; x_wconf 73' lang='grc' dir='ltr'>πραγμάτων,</span> 
     </span>
     <span class='ocr_line' id='line_1_30' title="bbox 487 2922 2048 3001; baseline 0.007 -21"><span class='ocrx_word' id='word_1_225' title='bbox 487 2923 594 2980; x_wconf 79' lang='grc' dir='ltr'>οὐδ’</span> <span class='ocrx_word' id='word_1_226' title='bbox 631 2922 1038 3001; x_wconf 79' lang='grc' dir='ltr'>ἀποδοκιμάζειν</span> <span class='ocrx_word' id='word_1_227' title='bbox 1067 2924 1162 2997; x_wconf 87' lang='grc' dir='ltr'>τὴν</span> <span class='ocrx_word' id='word_1_228' title='bbox 1184 2924 1427 2985; x_wconf 89' lang='grc' dir='ltr'>παιδείαν</span> <span class='ocrx_word' id='word_1_229' title='bbox 1447 2926 1542 3000; x_wconf 78' lang='grc' dir='ltr'>τὴν</span> <span class='ocrx_word' id='word_1_230' title='bbox 1565 2928 1731 2989; x_wconf 78' lang='grc' dir='ltr'>ταῦτδι</span> <span class='ocrx_word' id='word_1_231' title='bbox 1759 2932 1872 2998; x_wconf 84' lang='grc' dir='ltr'>ταῖς</span> <span class='ocrx_word' id='word_1_232' title='bbox 1895 2931 2048 2991; x_wconf 90' lang='grc' dir='ltr'>πλεί-</span> 
     </span>
     <span class='ocr_line' id='line_1_31' title="bbox 483 3010 2048 3099; baseline 0.007 -30"><span class='ocrx_word' id='word_1_233' title='bbox 483 3032 628 3078; x_wconf 89' lang='grc' dir='ltr'>σταις</span> <span class='ocrx_word' id='word_1_234' title='bbox 652 3014 756 3071; x_wconf 84' lang='grc' dir='ltr'>τῶν</span> <span class='ocrx_word' id='word_1_235' title='bbox 779 3016 977 3092; x_wconf 83' lang='grc' dir='ltr'>τεχνῶν</span> <span class='ocrx_word' id='word_1_236' title='bbox 1007 3013 1453 3095; x_wconf 85' lang='grc' dir='ltr'>ἀπεργαζομένην.</span> <span class='ocrx_word' id='word_1_237' title='bbox 1536 3017 1633 3086; x_wconf 90' lang='grc' dir='ltr'>Τίς</span> <span class='ocrx_word' id='word_1_238' title='bbox 1658 3016 1760 3099; x_wconf 77' lang='grc' dir='ltr'>γὰρ</span> <span class='ocrx_word' id='word_1_239' title='bbox 1790 3023 1884 3080; x_wconf 85' lang='grc' dir='ltr'>οὐκ</span> <span class='ocrx_word' id='word_1_240' title='bbox 1912 3010 2048 3080; x_wconf 71' lang='grc' dir='ltr'>οἶδεν</span> 
     </span>
     <span class='ocr_line' id='line_1_32' title="bbox 397 3098 2045 3186; baseline 0.006 -29"><span class='ocrx_word' id='word_1_241' title='bbox 397 3115 452 3157; x_wconf 81' lang='lat'>³0</span> <span class='ocrx_word' id='word_1_242' title='bbox 483 3102 630 3178; x_wconf 80' lang='grc' dir='ltr'>ὑμῶν</span> <span class='ocrx_word' id='word_1_243' title='bbox 676 3098 902 3168; x_wconf 76' lang='grc' dir='ltr'>πολλοὺς</span> <span class='ocrx_word' id='word_1_244' title='bbox 929 3104 1033 3161; x_wconf 91' lang='grc' dir='ltr'>τῶν</span> <span class='ocrx_word' id='word_1_245' title='bbox 1063 3103 1166 3163; x_wconf 77' lang='grc' dir='ltr'>ὑπὸ</span> <span class='ocrx_word' id='word_1_246' title='bbox 1201 3104 1309 3171; x_wconf 86' lang='grc' dir='ltr'>τοῖς</span> <span class='ocrx_word' id='word_1_247' title='bbox 1349 3107 1617 3186; x_wconf 73' lang='grc' dir='ltr'>σοφισταῖς</span> <span class='ocrx_word' id='word_1_248' title='bbox 1651 3108 1943 3185; x_wconf 83' lang='grc' dir='ltr'>γενομένων</span> <span class='ocrx_word' id='word_1_249' title='bbox 1984 3110 2045 3167; x_wconf 76' lang='grc' dir='ltr'>οὗ</span> 
     </span>
     <span class='ocr_line' id='line_1_33' title="bbox 481 3186 2047 3278; baseline 0.006 -33"><span class='ocrx_word' id='word_1_250' title='bbox 481 3187 879 3267; x_wconf 77' lang='grc' dir='ltr'>φενακισθέντας</span> <span class='ocrx_word' id='word_1_251' title='bbox 911 3191 1020 3249; x_wconf 78' lang='grc' dir='ltr'>οὐδ’</span> <span class='ocrx_word' id='word_1_252' title='bbox 1047 3189 1184 3251; x_wconf 72' lang='grc' dir='ltr'>οὕτω</span> <span class='ocrx_word' id='word_1_253' title='bbox 1227 3193 1551 3261; x_wconf 86' lang='grc' dir='ltr'>διατεθέντας</span> <span class='ocrx_word' id='word_1_254' title='bbox 1585 3197 1655 3262; x_wconf 82' lang='grc' dir='ltr'>ὡς</span> <span class='ocrx_word' id='word_1_255' title='bbox 1689 3186 1829 3255; x_wconf 68' lang='grc' dir='ltr'>οὗτοι</span> <span class='ocrx_word' id='word_1_256' title='bbox 1861 3196 2047 3278; x_wconf 85' lang='grc' dir='ltr'>λέγου-</span> 
     </span>
     <span class='ocr_line' id='line_1_34' title="bbox 379 3275 2048 3365; baseline 0.007 -31"><span class='ocrx_word' id='word_1_257' title='bbox 379 3338 388 3351; x_wconf 64' lang='grc'>,</span> <span class='ocrx_word' id='word_1_258' title='bbox 480 3299 580 3350; x_wconf 90' lang='grc' dir='ltr'>σιν,</span> <span class='ocrx_word' id='word_1_259' title='bbox 613 3275 728 3358; x_wconf 72' lang='lat'><strong>(20⁴)</strong></span> <span class='ocrx_word' id='word_1_260' title='bbox 762 3277 900 3337; x_wconf 79' lang='grc' dir='ltr'>ἀλλὰ</span> <span class='ocrx_word' id='word_1_261' title='bbox 918 3278 1035 3347; x_wconf 79' lang='grc' dir='ltr'>τοὺς</span> <span class='ocrx_word' id='word_1_262' title='bbox 1064 3280 1158 3358; x_wconf 79' lang='grc' dir='ltr'>μὲν</span> <span class='ocrx_word' id='word_1_263' title='bbox 1189 3282 1358 3341; x_wconf 79' lang='grc' dir='ltr'>αὐτῶν</span> <span class='ocrx_word' id='word_1_264' title='bbox 1374 3282 1580 3352; x_wconf 77' lang='grc' dir='ltr'>ἱκανοὺς</span> <span class='ocrx_word' id='word_1_265' title='bbox 1597 3284 1890 3365; x_wconf 74' lang='grc' dir='ltr'>ἀγωνιστὰς</span> <span class='ocrx_word' id='word_1_266' title='bbox 1914 3289 2048 3345; x_wconf 87' lang='grc' dir='ltr'>ἀπο-</span> 
     </span>
     <span class='ocr_line' id='line_1_35' title="bbox 479 3364 2047 3457; baseline 0.008 -34"><span class='ocrx_word' id='word_1_267' title='bbox 479 3364 840 3442; x_wconf 83' lang='grc' dir='ltr'>τελεσθέντας,</span> <span class='ocrx_word' id='word_1_268' title='bbox 884 3367 1003 3437; x_wconf 75' lang='grc' dir='ltr'>τοὺς</span> <span class='ocrx_word' id='word_1_269' title='bbox 1047 3368 1104 3429; x_wconf 75' lang='grc' dir='ltr'>δὲ</span> <span class='ocrx_word' id='word_1_270' title='bbox 1144 3370 1407 3431; x_wconf 81' lang='grc' dir='ltr'>παιδεύειν</span> <span class='ocrx_word' id='word_1_271' title='bbox 1450 3373 1651 3453; x_wconf 82' lang='grc' dir='ltr'>ἑτέρους</span> <span class='ocrx_word' id='word_1_272' title='bbox 1705 3374 2047 3457; x_wconf 84' lang='grc' dir='ltr'>δυνηθέντας,</span> 
     </span>
     <span class='ocr_line' id='line_1_36' title="bbox 476 3450 2048 3543; baseline 0.01 -32"><span class='ocrx_word' id='word_1_273' title='bbox 476 3450 588 3513; x_wconf 77' lang='grc' dir='ltr'>ὅσοι</span> <span class='ocrx_word' id='word_1_274' title='bbox 613 3455 658 3513; x_wconf 84' lang='grc' dir='ltr'>δ’</span> <span class='ocrx_word' id='word_1_275' title='bbox 685 3458 852 3515; x_wconf 81' lang='grc' dir='ltr'>αὐτων</span> <span class='ocrx_word' id='word_1_276' title='bbox 873 3457 1152 3517; x_wconf 81' lang='grc' dir='ltr'>ἰδιωτεύειν</span> <span class='ocrx_word' id='word_1_277' title='bbox 1177 3457 1556 3537; x_wconf 72' lang='grc' dir='ltr'>ἐδουλήθησαν,</span> <span class='ocrx_word' id='word_1_278' title='bbox 1578 3462 1630 3522; x_wconf 83' lang='grc' dir='ltr'>ἔν</span> <span class='ocrx_word' id='word_1_279' title='bbox 1652 3486 1708 3523; x_wconf 86' lang='grc' dir='ltr'>τε</span> <span class='ocrx_word' id='word_1_280' title='bbox 1729 3466 1841 3533; x_wconf 87' lang='grc' dir='ltr'>ταῖς</span> <span class='ocrx_word' id='word_1_281' title='bbox 1873 3465 2048 3543; x_wconf 81' lang='grc' dir='ltr'>ὁμιλί-</span> 
     </span>
     <span class='ocr_line' id='line_1_37' title="bbox 396 3541 2047 3635; baseline 0.01 -36"><span class='ocrx_word' id='word_1_282' title='bbox 396 3560 450 3599; x_wconf 74' lang='lat'>³5</span> <span class='ocrx_word' id='word_1_283' title='bbox 479 3565 559 3609; x_wconf 88' lang='grc' dir='ltr'>αις</span> <span class='ocrx_word' id='word_1_284' title='bbox 577 3542 943 3625; x_wconf 82' lang='grc' dir='ltr'>χαριεστέρους</span> <span class='ocrx_word' id='word_1_285' title='bbox 963 3546 1114 3614; x_wconf 80' lang='grc' dir='ltr'>ὄντας</span> <span class='ocrx_word' id='word_1_286' title='bbox 1138 3546 1173 3620; x_wconf 82' lang='grc' dir='ltr'>ἢ</span> <span class='ocrx_word' id='word_1_287' title='bbox 1203 3547 1451 3628; x_wconf 87' lang='grc' dir='ltr'>πρότερον</span> <span class='ocrx_word' id='word_1_288' title='bbox 1477 3541 1630 3624; x_wconf 69' lang='grc' dir='ltr'>ἦσαν,</span> <span class='ocrx_word' id='word_1_289' title='bbox 1657 3556 1762 3613; x_wconf 89' lang='grc' dir='ltr'>τῶν</span> <span class='ocrx_word' id='word_1_290' title='bbox 1795 3578 1852 3613; x_wconf 87' lang='grc' dir='ltr'>τε</span> <span class='ocrx_word' id='word_1_291' title='bbox 1874 3554 2047 3635; x_wconf 88' lang='grc' dir='ltr'>λόγων</span> 
     </span>
     <span class='ocr_line' id='line_1_38' title="bbox 478 3628 2043 3720; baseline 0.011 -33"><span class='ocrx_word' id='word_1_292' title='bbox 478 3628 656 3712; x_wconf 73' lang='grc' dir='ltr'>κριτὰς</span> <span class='ocrx_word' id='word_1_293' title='bbox 705 3630 796 3690; x_wconf 76' lang='grc' dir='ltr'>καὶ</span> <span class='ocrx_word' id='word_1_294' title='bbox 825 3632 1153 3711; x_wconf 77' lang='grc' dir='ltr'>συμὸούλους</span> <span class='ocrx_word' id='word_1_295' title='bbox 1199 3635 1593 3720; x_wconf 77' lang='grc' dir='ltr'>ἀκριὸεστέρους</span> <span class='ocrx_word' id='word_1_296' title='bbox 1632 3644 1737 3701; x_wconf 85' lang='grc' dir='ltr'>τῶν</span> <span class='ocrx_word' id='word_1_297' title='bbox 1784 3641 2043 3704; x_wconf 85' lang='grc' dir='ltr'>πλείστων</span> 
     </span>
     <span class='ocr_line' id='line_1_39' title="bbox 483 3718 2042 3813; baseline 0.009 -35"><span class='ocrx_word' id='word_1_298' title='bbox 483 3718 860 3801; x_wconf 84' lang='grc' dir='ltr'>γεγενημένους</span> <span class='ocrx_word' id='word_1_299' title='bbox 871 3746 888 3797; x_wconf 94' lang='lat'>;</span> <span class='ocrx_word' id='word_1_300' title='bbox 917 3722 1054 3783; x_wconf 80' lang='grc' dir='ltr'>ὥστε</span> <span class='ocrx_word' id='word_1_301' title='bbox 1089 3728 1202 3793; x_wconf 87' lang='grc' dir='ltr'>πῶς</span> <span class='ocrx_word' id='word_1_302' title='bbox 1239 3721 1344 3808; x_wconf 75' lang='grc' dir='ltr'>χρὴ</span> <span class='ocrx_word' id='word_1_303' title='bbox 1371 3732 1464 3801; x_wconf 80' lang='grc' dir='ltr'>τῆς</span> <span class='ocrx_word' id='word_1_304' title='bbox 1490 3726 1738 3802; x_wconf 84' lang='grc' dir='ltr'>τοιαύτης</span> <span class='ocrx_word' id='word_1_305' title='bbox 1769 3732 2042 3813; x_wconf 76' lang='grc' dir='ltr'>διατριὸἦς</span> 
     </span>
     <span class='ocr_line' id='line_1_40' title="bbox 479 3812 2039 3901; baseline 0.011 -34"><span class='ocrx_word' id='word_1_306' title='bbox 479 3815 842 3893; x_wconf 69' lang='grc' dir='ltr'>καταφρονεῖν,</span> <span class='ocrx_word' id='word_1_307' title='bbox 889 3816 983 3886; x_wconf 75' lang='grc' dir='ltr'>τῆς</span> <span class='ocrx_word' id='word_1_308' title='bbox 1025 3812 1143 3883; x_wconf 76' lang='grc' dir='ltr'>τοὺς</span> <span class='ocrx_word' id='word_1_309' title='bbox 1193 3815 1548 3899; x_wconf 85' lang='grc' dir='ltr'>κεχρημένους</span> <span class='ocrx_word' id='word_1_310' title='bbox 1593 3820 1726 3901; x_wconf 82' lang='grc' dir='ltr'>αὐτῇ</span> <span class='ocrx_word' id='word_1_311' title='bbox 1778 3820 2039 3892; x_wconf 89' lang='grc' dir='ltr'>τοιούτους</span> 
     </span>
     <span class='ocr_line' id='line_1_41' title="bbox 475 3900 2036 3987; baseline 0.01 -30"><span class='ocrx_word' id='word_1_312' title='bbox 475 3901 889 3981; x_wconf 81' lang='grc' dir='ltr'>παρασκευάζειν</span> <span class='ocrx_word' id='word_1_313' title='bbox 916 3900 1232 3982; x_wconf 56' lang='grc' dir='ltr'>δυναμένης</span> <span class='ocrx_word' id='word_1_314' title='bbox 1292 3904 1416 3987; x_wconf 71' lang='lat' dir='ltr'><strong>(sos)</strong></span> <span class='ocrx_word' id='word_1_315' title='bbox 1461 3906 1619 3967; x_wconf 76' lang='grc' dir='ltr'>Ἀλλὰ</span> <span class='ocrx_word' id='word_1_316' title='bbox 1659 3906 1764 3985; x_wconf 86' lang='grc' dir='ltr'>μὴν</span> <span class='ocrx_word' id='word_1_317' title='bbox 1795 3910 1885 3971; x_wconf 78' lang='grc' dir='ltr'>καὶ</span> <span class='ocrx_word' id='word_1_318' title='bbox 1916 3912 2036 3972; x_wconf 82' lang='grc' dir='ltr'>τόδε</span> 
     </span>
     <span class='ocr_line' id='line_1_42' title="bbox 396 3986 2037 4077; baseline 0.009 -32"><span class='ocrx_word' id='word_1_319' title='bbox 396 4004 450 4045; x_wconf 73' lang='grc' dir='ltr'>ιο</span> <span class='ocrx_word' id='word_1_320' title='bbox 470 3988 658 4057; x_wconf 83' lang='grc' dir='ltr'>πάντες</span> <span class='ocrx_word' id='word_1_321' title='bbox 679 3986 742 4049; x_wconf 74' lang='grc' dir='ltr'>ἂν</span> <span class='ocrx_word' id='word_1_322' title='bbox 767 3990 1162 4069; x_wconf 80' lang='grc' dir='ltr'>ὁμολογήσαιεν,</span> <span class='ocrx_word' id='word_1_323' title='bbox 1189 3992 1271 4053; x_wconf 79' lang='grc' dir='ltr'>ὅτι</span> <span class='ocrx_word' id='word_1_324' title='bbox 1299 3993 1510 4063; x_wconf 91' lang='grc' dir='ltr'>τούτους</span> <span class='ocrx_word' id='word_1_325' title='bbox 1531 3998 1945 4077; x_wconf 84' lang='grc' dir='ltr'>τεχνικωτάτους</span> <span class='ocrx_word' id='word_1_326' title='bbox 1967 3990 2037 4059; x_wconf 74' lang='grc' dir='ltr'>εἶ-</span> 
     </span>
     <span class='ocr_line' id='line_1_43' title="bbox 475 4076 2032 4169; baseline 0.01 -36"><span class='ocrx_word' id='word_1_327' title='bbox 475 4099 561 4135; x_wconf 92' lang='grc' dir='ltr'>ναι</span> <span class='ocrx_word' id='word_1_328' title='bbox 583 4076 858 4158; x_wconf 87' lang='grc' dir='ltr'>νομίζομεν</span> <span class='ocrx_word' id='word_1_329' title='bbox 882 4078 968 4138; x_wconf 76' lang='grc' dir='ltr'>ἐπὶ</span> <span class='ocrx_word' id='word_1_330' title='bbox 987 4084 1171 4140; x_wconf 83' lang='grc' dir='ltr'>πασῶν</span> <span class='ocrx_word' id='word_1_331' title='bbox 1199 4084 1300 4139; x_wconf 89' lang='grc' dir='ltr'>τῶν</span> <span class='ocrx_word' id='word_1_332' title='bbox 1331 4085 1526 4161; x_wconf 81' lang='grc' dir='ltr'>τεχνῶν</span> <span class='ocrx_word' id='word_1_333' title='bbox 1554 4085 1644 4144; x_wconf 80' lang='grc' dir='ltr'>καὶ</span> <span class='ocrx_word' id='word_1_334' title='bbox 1673 4092 2032 4169; x_wconf 85' lang='grc' dir='ltr'>χειρουργιῶν,</span> 
     </span>
     <span class='ocr_line' id='line_1_44' title="bbox 475 4162 2035 4257; baseline 0.008 -32"><span class='ocrx_word' id='word_1_335' title='bbox 475 4164 659 4235; x_wconf 79' lang='grc' dir='ltr'>οἵτινες</span> <span class='ocrx_word' id='word_1_336' title='bbox 686 4166 749 4225; x_wconf 77' lang='grc' dir='ltr'>ἂν</span> <span class='ocrx_word' id='word_1_337' title='bbox 771 4167 889 4236; x_wconf 79' lang='grc' dir='ltr'>τοὺς</span> <span class='ocrx_word' id='word_1_338' title='bbox 919 4166 1158 4248; x_wconf 79' lang='grc' dir='ltr'>μαθητὰς</span> <span class='ocrx_word' id='word_1_339' title='bbox 1185 4172 1256 4237; x_wconf 81' lang='grc' dir='ltr'>ὡς</span> <span class='ocrx_word' id='word_1_340' title='bbox 1281 4162 1435 4231; x_wconf 78' lang='grc' dir='ltr'>οἶόνθ’</span> <span class='ocrx_word' id='word_1_341' title='bbox 1455 4174 1790 4251; x_wconf 78' lang='grc' dir='ltr'>ὁμοιοτάτους</span> <span class='ocrx_word' id='word_1_342' title='bbox 1812 4177 2035 4257; x_wconf 78' lang='grc' dir='ltr'>ἐργάτας</span> 
     </span>
     <span class='ocr_line' id='line_1_45' title="bbox 469 4254 2033 4347; baseline 0.009 -35"><span class='ocrx_word' id='word_1_343' title='bbox 469 4254 718 4327; x_wconf 81' lang='grc' dir='ltr'>ἀλλήλοις</span> <span class='ocrx_word' id='word_1_344' title='bbox 764 4256 1094 4327; x_wconf 81' lang='grc' dir='ltr'>ἀποδείξωσι.</span> <span class='ocrx_word' id='word_1_345' title='bbox 1177 4262 1266 4339; x_wconf 81' lang='grc' dir='ltr'>Τῇ</span> <span class='ocrx_word' id='word_1_346' title='bbox 1302 4260 1470 4321; x_wconf 86' lang='grc' dir='ltr'>τοίνυν</span> <span class='ocrx_word' id='word_1_347' title='bbox 1504 4262 1780 4346; x_wconf 71' lang='grc' dir='ltr'>φιλοσοφία</span> <span class='ocrx_word' id='word_1_348' title='bbox 1803 4265 2033 4347; x_wconf 80' lang='grc' dir='ltr'>φανήσε-</span> 
     </span>
     <span class='ocr_line' id='line_1_46' title="bbox 467 4343 2037 4436; baseline 0.009 -35"><span class='ocrx_word' id='word_1_349' title='bbox 467 4366 556 4401; x_wconf 88' lang='grc' dir='ltr'>ται</span> <span class='ocrx_word' id='word_1_350' title='bbox 593 4343 680 4402; x_wconf 84' lang='grc' dir='ltr'>καὶ</span> <span class='ocrx_word' id='word_1_351' title='bbox 709 4350 860 4404; x_wconf 88' lang='grc' dir='ltr'>τοῦτο</span> <span class='ocrx_word' id='word_1_352' title='bbox 887 4344 1237 4423; x_wconf 79' lang='grc' dir='ltr'>συμὸεὸηκός.</span> <span class='ocrx_word' id='word_1_353' title='bbox 1325 4348 1442 4431; x_wconf 70' lang='grc'>(200)</span> <span class='ocrx_word' id='word_1_354' title='bbox 1467 4347 1628 4412; x_wconf 67' lang='grc' dir='ltr'>’Ὅσοι</span> <span class='ocrx_word' id='word_1_355' title='bbox 1656 4352 1757 4436; x_wconf 80' lang='grc' dir='ltr'>γὰρ</span> <span class='ocrx_word' id='word_1_356' title='bbox 1785 4356 2037 4434; x_wconf 85' lang='grc' dir='ltr'>ἡγεμόνος</span> 
     </span>
     <span class='ocr_line' id='line_1_47' title="bbox 381 4430 2036 4523; baseline 0.009 -34"><span class='ocrx_word' id='word_1_357' title='bbox 381 4448 436 4491; x_wconf 75' lang='lat' dir='ltr'>ss</span> <span class='ocrx_word' id='word_1_358' title='bbox 464 4430 648 4512; x_wconf 79' lang='grc' dir='ltr'>ἔτυχον</span> <span class='ocrx_word' id='word_1_359' title='bbox 674 4434 920 4505; x_wconf 86' lang='grc' dir='ltr'>ἀληθινοῦ</span> <span class='ocrx_word' id='word_1_360' title='bbox 949 4434 1040 4494; x_wconf 80' lang='grc' dir='ltr'>καὶ</span> <span class='ocrx_word' id='word_1_361' title='bbox 1073 4440 1192 4493; x_wconf 91' lang='grc' dir='ltr'>νοῦν</span> <span class='ocrx_word' id='word_1_362' title='bbox 1219 4436 1429 4517; x_wconf 80' lang='grc' dir='ltr'>ἔχοντος</span> <span class='ocrx_word' id='word_1_363' title='bbox 1449 4484 1465 4512; x_wconf 91' lang='grc'>,</span> <span class='ocrx_word' id='word_1_364' title='bbox 1490 4444 1737 4523; x_wconf 77' lang='grc' dir='ltr'>εὑρεθεῖεν</span> <span class='ocrx_word' id='word_1_365' title='bbox 1768 4440 1830 4502; x_wconf 81' lang='grc' dir='ltr'>ἂν</span> <span class='ocrx_word' id='word_1_366' title='bbox 1850 4446 1903 4503; x_wconf 84' lang='grc' dir='ltr'>ἐν</span> <span class='ocrx_word' id='word_1_367' title='bbox 1930 4446 2036 4512; x_wconf 86' lang='grc' dir='ltr'>τοῖς</span> 
     </span>
     <span class='ocr_line' id='line_1_48' title="bbox 467 4518 2035 4609; baseline 0.01 -31"><span class='ocrx_word' id='word_1_368' title='bbox 467 4518 636 4599; x_wconf 88' lang='grc' dir='ltr'>λόγοις</span> <span class='ocrx_word' id='word_1_369' title='bbox 652 4520 813 4589; x_wconf 75' lang='grc' dir='ltr'>οὕτως</span> <span class='ocrx_word' id='word_1_370' title='bbox 847 4522 1030 4600; x_wconf 83' lang='grc' dir='ltr'>ὁμοίαν</span> <span class='ocrx_word' id='word_1_371' title='bbox 1065 4521 1160 4596; x_wconf 74' lang='grc' dir='ltr'>τὴν</span> <span class='ocrx_word' id='word_1_372' title='bbox 1193 4524 1412 4604; x_wconf 87' lang='grc' dir='ltr'>δύναμιν</span> <span class='ocrx_word' id='word_1_373' title='bbox 1441 4526 1680 4609; x_wconf 80' lang='grc' dir='ltr'>ἔχοντες,</span> <span class='ocrx_word' id='word_1_374' title='bbox 1706 4528 1842 4591; x_wconf 81' lang='grc' dir='ltr'>ὥστε</span> <span class='ocrx_word' id='word_1_375' title='bbox 1875 4542 2035 4594; x_wconf 75' lang='grc' dir='ltr'>πᾶσιν</span> 
     </span>
     <span class='ocr_line' id='line_1_49' title="bbox 467 4596 2031 4700; baseline 0.01 -33"><span class='ocrx_word' id='word_1_376' title='bbox 467 4596 600 4668; x_wconf 73' lang='grc' dir='ltr'>εῖναι</span> <span class='ocrx_word' id='word_1_377' title='bbox 638 4610 858 4691; x_wconf 82' lang='grc' dir='ltr'>φανερὸν</span> <span class='ocrx_word' id='word_1_378' title='bbox 901 4610 980 4671; x_wconf 79' lang='grc' dir='ltr'>ὅτι</span> <span class='ocrx_word' id='word_1_379' title='bbox 1027 4616 1123 4685; x_wconf 80' lang='grc' dir='ltr'>τῆς</span> <span class='ocrx_word' id='word_1_380' title='bbox 1157 4614 1319 4687; x_wconf 73' lang='grc' dir='ltr'>αὐτῆς</span> <span class='ocrx_word' id='word_1_381' title='bbox 1358 4616 1596 4686; x_wconf 84' lang='grc' dir='ltr'>παιδείας</span> <span class='ocrx_word' id='word_1_382' title='bbox 1641 4620 2031 4700; x_wconf 63' lang='grc' dir='ltr'>μετεσχήκασι.</span> 
     </span>
     <span class='ocr_line' id='line_1_50' title="bbox 467 4697 2033 4787; baseline 0.008 -30"><span class='ocrx_word' id='word_1_383' title='bbox 467 4697 658 4757; x_wconf 84' lang='grc' dir='ltr'>Καίτοι</span> <span class='ocrx_word' id='word_1_384' title='bbox 686 4698 903 4776; x_wconf 82' lang='grc' dir='ltr'>μηδενὸς</span> <span class='ocrx_word' id='word_1_385' title='bbox 939 4699 1082 4769; x_wconf 85' lang='grc' dir='ltr'>ἔθους</span> <span class='ocrx_word' id='word_1_386' title='bbox 1122 4704 1296 4770; x_wconf 79' lang='grc' dir='ltr'>αὐτοῖς</span> <span class='ocrx_word' id='word_1_387' title='bbox 1327 4704 1664 4783; x_wconf 76' lang='grc' dir='ltr'>ἐγγενομένου</span> <span class='ocrx_word' id='word_1_388' title='bbox 1698 4712 1868 4767; x_wconf 88' lang='grc' dir='ltr'>κοινοῦ</span> <span class='ocrx_word' id='word_1_389' title='bbox 1897 4710 2033 4787; x_wconf 81' lang='grc' dir='ltr'>μηδὲ</span> 
     </span>
     <span class='ocr_line' id='line_1_51' title="bbox 465 4784 2033 4871; baseline 0.009 -28"><span class='ocrx_word' id='word_1_390' title='bbox 465 4784 732 4867; x_wconf 73' lang='grc' dir='ltr'>διατριὸῆς</span> <span class='ocrx_word' id='word_1_391' title='bbox 763 4793 1008 4869; x_wconf 78' lang='grc' dir='ltr'>τεχνικῆς</span> <span class='ocrx_word' id='word_1_392' title='bbox 1045 4788 1348 4871; x_wconf 79' lang='grc' dir='ltr'>ὑπαρξάσης</span> <span class='ocrx_word' id='word_1_393' title='bbox 1378 4794 1473 4852; x_wconf 80' lang='grc' dir='ltr'>οὐκ</span> <span class='ocrx_word' id='word_1_394' title='bbox 1509 4794 1646 4853; x_wconf 83' lang='grc' dir='ltr'>ἔστιν</span> <span class='ocrx_word' id='word_1_395' title='bbox 1675 4794 1814 4864; x_wconf 81' lang='grc' dir='ltr'>ὅπως</span> <span class='ocrx_word' id='word_1_396' title='bbox 1849 4795 1914 4856; x_wconf 79' lang='grc' dir='ltr'>ἂν</span> <span class='ocrx_word' id='word_1_397' title='bbox 1962 4800 2033 4866; x_wconf 83' lang='grc' dir='ltr'>εἰς</span> 
     </span>
     <span class='ocr_line' id='line_1_52' title="bbox 382 4870 2029 4963; baseline 0.009 -32"><span class='ocrx_word' id='word_1_398' title='bbox 382 4899 436 4939; x_wconf 77' lang='grc' dir='ltr'>ω</span> <span class='ocrx_word' id='word_1_399' title='bbox 462 4870 555 4945; x_wconf 76' lang='grc' dir='ltr'>τὴν</span> <span class='ocrx_word' id='word_1_400' title='bbox 589 4874 872 4952; x_wconf 86' lang='grc' dir='ltr'>ὁμοιότητα</span> <span class='ocrx_word' id='word_1_401' title='bbox 895 4876 1090 4950; x_wconf 90' lang='grc' dir='ltr'>ταύτην</span> <span class='ocrx_word' id='word_1_402' title='bbox 1109 4877 1458 4951; x_wconf 83' lang='grc' dir='ltr'>κατέστησαν.</span> <span class='ocrx_word' id='word_1_403' title='bbox 1555 4881 1680 4963; x_wconf 83' lang='lat'><strong>(207)</strong></span> <span class='ocrx_word' id='word_1_404' title='bbox 1704 4879 1830 4943; x_wconf 85' lang='grc' dir='ltr'>Ἔτι</span> <span class='ocrx_word' id='word_1_405' title='bbox 1857 4884 2029 4945; x_wconf 87' lang='grc' dir='ltr'>τοίνυν</span> 
     </span>
     <span class='ocr_line' id='line_1_53' title="bbox 464 4965 2027 5052; baseline 0.009 -32"><span class='ocrx_word' id='word_1_406' title='bbox 464 4965 610 5039; x_wconf 78' lang='grc' dir='ltr'>ὑμῶν</span> <span class='ocrx_word' id='word_1_407' title='bbox 644 4966 816 5022; x_wconf 77' lang='grc' dir='ltr'>αὐτῶν</span> <span class='ocrx_word' id='word_1_408' title='bbox 844 4967 1006 5035; x_wconf 77' lang='grc' dir='ltr'>οὐδεὶς</span> <span class='ocrx_word' id='word_1_409' title='bbox 1033 4965 1172 5025; x_wconf 84' lang='grc' dir='ltr'>ἔστιν</span> <span class='ocrx_word' id='word_1_410' title='bbox 1196 4966 1336 5035; x_wconf 78' lang='grc' dir='ltr'>ὅστις</span> <span class='ocrx_word' id='word_1_411' title='bbox 1365 4970 1458 5026; x_wconf 84' lang='grc' dir='ltr'>οὐκ</span> <span class='ocrx_word' id='word_1_412' title='bbox 1484 4968 1547 5028; x_wconf 73' lang='grc' dir='ltr'>ἂν</span> <span class='ocrx_word' id='word_1_413' title='bbox 1571 4972 1734 5030; x_wconf 83' lang='grc' dir='ltr'>εἰπεῖν</span> <span class='ocrx_word' id='word_1_414' title='bbox 1763 4970 1878 5052; x_wconf 80' lang='grc' dir='ltr'>ἔχοι</span> <span class='ocrx_word' id='word_1_415' title='bbox 1897 4975 2027 5034; x_wconf 88' lang='grc' dir='ltr'>πολ-</span> 
     </span>
     <span class='ocr_line' id='line_1_54' title="bbox 463 5050 2027 5140; baseline 0.007 -30"><span class='ocrx_word' id='word_1_416' title='bbox 463 5050 582 5120; x_wconf 71' lang='grc' dir='ltr'>λοὺς</span> <span class='ocrx_word' id='word_1_417' title='bbox 614 5056 717 5112; x_wconf 86' lang='grc' dir='ltr'>τῶν</span> <span class='ocrx_word' id='word_1_418' title='bbox 747 5056 1255 5133; x_wconf 70' lang='grc' dir='ltr'>συμπαιδευθέντων,</span> <span class='ocrx_word' id='word_1_419' title='bbox 1297 5056 1348 5115; x_wconf 79' lang='grc' dir='ltr'>οἳ</span> <span class='ocrx_word' id='word_1_420' title='bbox 1373 5058 1555 5125; x_wconf 85' lang='grc' dir='ltr'>παῖδες</span> <span class='ocrx_word' id='word_1_421' title='bbox 1584 5057 1679 5135; x_wconf 80' lang='grc' dir='ltr'>μὲν</span> <span class='ocrx_word' id='word_1_422' title='bbox 1707 5059 1848 5127; x_wconf 81' lang='grc' dir='ltr'>ὄντες</span> <span class='ocrx_word' id='word_1_423' title='bbox 1881 5064 2027 5140; x_wconf 87' lang='grc' dir='ltr'>ἀμα-</span> 
     </span>
    </p>
   </div>
   <div class='ocr_carea' id='block_1_4' title="bbox 1394 408 2808 487">
    <p class='ocr_par' dir='ltr' id='par_1_4' title="bbox 1394 408 2808 487">
     <span class='ocr_line' id='line_1_55' title="bbox 1394 408 2808 487; baseline 0.007 -10"><span class='ocrx_word' id='word_1_424' title='bbox 1394 463 1402 477; x_wconf 87' lang='grc'>.</span> <span class='ocrx_word' id='word_1_425' title='bbox 1433 408 1927 475; x_wconf 77' lang='grc' dir='ltr'>ῙΣΟΚΡΑΤΟΥΣ</span> <span class='ocrx_word' id='word_1_426' title='bbox 1967 419 2019 476; x_wconf 91' lang='grc'>0</span> <span class='ocrx_word' id='word_1_427' title='bbox 2062 418 2253 481; x_wconf 81' lang='grc' dir='ltr'><strong>ΠΕΡΙ</strong></span> <span class='ocrx_word' id='word_1_428' title='bbox 2292 420 2808 487; x_wconf 73' lang='lat' dir='ltr'><strong>ANTmoxmz.</strong></span> 
     </span>
    </p>
   </div>
   <div class='ocr_carea' id='block_1_5' title="bbox 2119 562 3642 5127">
    <p class='ocr_par' dir='ltr' id='par_1_5' title="bbox 2128 562 3642 4112">
     <span class='ocr_line' id='line_1_56' title="bbox 2226 562 3631 637; baseline 0.016 -29"><span class='ocrx_word' id='word_1_429' title='bbox 2226 563 2329 610; x_wconf 78' lang='grc'>199.</span> <span class='ocrx_word' id='word_1_430' title='bbox 2365 562 2435 611; x_wconf 77' lang='lat' dir='ltr'>Ac</span> <span class='ocrx_word' id='word_1_431' title='bbox 2466 562 2675 625; x_wconf 88' lang='lat' dir='ltr'><strong>primum</strong></span> <span class='ocrx_word' id='word_1_432' title='bbox 2694 564 2887 628; x_wconf 89' lang='lat' dir='ltr'><strong>quidem</strong></span> <span class='ocrx_word' id='word_1_433' title='bbox 2914 568 3201 622; x_wconf 82' lang='lat' dir='ltr'><strong>considerate</strong></span> <span class='ocrx_word' id='word_1_434' title='bbox 3222 574 3301 637; x_wconf 91' lang='lat' dir='ltr'>qui</span> <span class='ocrx_word' id='word_1_435' title='bbox 3330 578 3545 629; x_wconf 78' lang='lat' dir='ltr'><strong>oratoriam</strong></span> <span class='ocrx_word' id='word_1_436' title='bbox 3578 580 3631 629; x_wconf 88' lang='lat' dir='ltr'>iu·</span> 
     </span>
     <span class='ocr_line' id='line_1_57' title="bbox 2157 662 3633 745; baseline 0.014 -34"><span class='ocrx_word' id='word_1_437' title='bbox 2157 662 2459 717; x_wconf 85' lang='lat' dir='ltr'><strong>stitutionem</strong></span> <span class='ocrx_word' id='word_1_438' title='bbox 2476 666 2605 717; x_wconf 88' lang='lat' dir='ltr'><strong>inter</strong></span> <span class='ocrx_word' id='word_1_439' title='bbox 2620 682 2772 733; x_wconf 82' lang='lat' dir='ltr'><strong>nugas</strong></span> <span class='ocrx_word' id='word_1_440' title='bbox 2790 672 3009 736; x_wconf 75' lang='lat' dir='ltr'><strong>reserant,</strong></span> <span class='ocrx_word' id='word_1_441' title='bbox 3028 688 3112 725; x_wconf 86' lang='lat' dir='ltr'>eos</span> <span class='ocrx_word' id='word_1_442' title='bbox 3134 676 3269 727; x_wconf 86' lang='lat' dir='ltr'><strong>nimis</strong></span> <span class='ocrx_word' id='word_1_443' title='bbox 3290 682 3505 743; x_wconf 84' lang='lat' dir='ltr'><strong>perspicue</strong></span> <span class='ocrx_word' id='word_1_444' title='bbox 3519 697 3633 745; x_wconf 73' lang='lat' dir='ltr'><strong>nuga-</strong></span> 
     </span>
     <span class='ocr_line' id='line_1_58' title="bbox 2162 767 3633 846; baseline 0.015 -29"><span class='ocrx_word' id='word_1_445' title='bbox 2162 767 2221 817; x_wconf 87' lang='lat' dir='ltr'>ri.</span> <span class='ocrx_word' id='word_1_446' title='bbox 2246 772 2370 821; x_wconf 79' lang='lat' dir='ltr'>Nam</span> <span class='ocrx_word' id='word_1_447' title='bbox 2392 784 2669 837; x_wconf 84' lang='lat' dir='ltr'><strong>quanquam</strong></span> <span class='ocrx_word' id='word_1_448' title='bbox 2698 790 2806 827; x_wconf 85' lang='lat' dir='ltr'>cam</span> <span class='ocrx_word' id='word_1_449' title='bbox 2828 778 3138 844; x_wconf 83' lang='lat' dir='ltr'><strong>insectantur,</strong></span> <span class='ocrx_word' id='word_1_450' title='bbox 3164 783 3289 846; x_wconf 83' lang='lat' dir='ltr'><strong>quod</strong></span> <span class='ocrx_word' id='word_1_451' title='bbox 3329 786 3433 837; x_wconf 87' lang='lat' dir='ltr'><strong>nihil</strong></span> <span class='ocrx_word' id='word_1_452' title='bbox 3451 790 3633 840; x_wconf 84' lang='lat' dir='ltr'><strong>commodi</strong></span> 
     </span>
     <span class='ocr_line' id='line_1_59' title="bbox 2154 875 3635 957; baseline 0.014 -33"><span class='ocrx_word' id='word_1_453' title='bbox 2154 875 2323 927; x_wconf 79' lang='lat' dir='ltr'><strong>afferre</strong></span> <span class='ocrx_word' id='word_1_454' title='bbox 2344 879 2527 943; x_wconf 86' lang='lat' dir='ltr'><strong>possit,</strong></span> <span class='ocrx_word' id='word_1_455' title='bbox 2540 881 2627 931; x_wconf 81' lang='lat' dir='ltr'>sed</span> <span class='ocrx_word' id='word_1_456' title='bbox 2646 881 2813 935; x_wconf 77' lang='lat' dir='ltr'><strong>fraude</strong></span> <span class='ocrx_word' id='word_1_457' title='bbox 2830 890 2882 936; x_wconf 90' lang='lat' dir='ltr'>et</span> <span class='ocrx_word' id='word_1_458' title='bbox 2890 885 3108 939; x_wconf 86' lang='lat' dir='ltr'><strong>illusione</strong></span> <span class='ocrx_word' id='word_1_459' title='bbox 3124 891 3330 953; x_wconf 87' lang='lat' dir='ltr'><strong>constet,</strong></span> <span class='ocrx_word' id='word_1_460' title='bbox 3348 906 3420 943; x_wconf 84' lang='lat' dir='ltr'>cos</span> <span class='ocrx_word' id='word_1_461' title='bbox 3436 896 3563 944; x_wconf 80' lang='lat' dir='ltr'><strong>tamen</strong></span> <span class='ocrx_word' id='word_1_462' title='bbox 3576 896 3635 957; x_wconf 84' lang='lat' dir='ltr'>qui</span> 
     </span>
     <span class='ocr_line' id='line_1_60' title="bbox 2158 982 3637 1064; baseline 0.015 -34"><span class='ocrx_word' id='word_1_463' title='bbox 2158 994 2246 1031; x_wconf 86' lang='lat' dir='ltr'>nos</span> <span class='ocrx_word' id='word_1_464' title='bbox 2266 982 2499 1047; x_wconf 70' lang='lat' dir='ltr'><strong>audiuntf,</strong></span> <span class='ocrx_word' id='word_1_465' title='bbox 2528 986 2611 1037; x_wconf 85' lang='lat' dir='ltr'>ubi</span> <span class='ocrx_word' id='word_1_466' title='bbox 2646 990 2856 1053; x_wconf 88' lang='lat' dir='ltr'><strong>primum</strong></span> <span class='ocrx_word' id='word_1_467' title='bbox 2889 992 2951 1043; x_wconf 83' lang='lat' dir='ltr'>ad</span> <span class='ocrx_word' id='word_1_468' title='bbox 2990 1008 3080 1047; x_wconf 87' lang='lat' dir='ltr'>nos</span> <span class='ocrx_word' id='word_1_469' title='bbox 3114 1000 3408 1063; x_wconf 78' lang='lat' dir='ltr'><strong>accesserint,</strong></span> <span class='ocrx_word' id='word_1_470' title='bbox 3434 1000 3637 1064; x_wconf 83' lang='lat' dir='ltr'><strong>plurimum</strong></span> 
     </span>
     <span class='ocr_line' id='line_1_61' title="bbox 2153 1086 3641 1165; baseline 0.015 -30"><span class='ocrx_word' id='word_1_471' title='bbox 2153 1086 2319 1137; x_wconf 71' lang='lat' dir='ltr'><strong>statim</strong></span> <span class='ocrx_word' id='word_1_472' title='bbox 2342 1090 2573 1152; x_wconf 85' lang='lat' dir='ltr'><strong>prolicere</strong></span> <span class='ocrx_word' id='word_1_473' title='bbox 2606 1094 2780 1146; x_wconf 76' lang='lat' dir='ltr'><strong>volunt</strong></span> <span class='ocrx_word' id='word_1_474' title='bbox 2790 1113 2807 1157; x_wconf 80' lang='lat'>3</span> <span class='ocrx_word' id='word_1_475' title='bbox 2850 1097 2981 1163; x_wconf 85' lang='lat'><strong>(200)</strong></span> <span class='ocrx_word' id='word_1_476' title='bbox 3012 1113 3191 1165; x_wconf 81' lang='lat' dir='ltr'><strong>pancos</strong></span> <span class='ocrx_word' id='word_1_477' title='bbox 3229 1116 3337 1153; x_wconf 78' lang='lat' dir='ltr'><strong>vero</strong></span> <span class='ocrx_word' id='word_1_478' title='bbox 3370 1102 3461 1155; x_wconf 84' lang='lat' dir='ltr'><strong>dies</strong></span> <span class='ocrx_word' id='word_1_479' title='bbox 3478 1108 3641 1156; x_wconf 75' lang='lat' dir='ltr'><strong>moratos</strong></span> 
     </span>
     <span class='ocr_line' id='line_1_62' title="bbox 2152 1194 3639 1273; baseline 0.013 -33"><span class='ocrx_word' id='word_1_480' title='bbox 2152 1194 2482 1251; x_wconf 71' lang='lat' dir='ltr'><strong>instructiores</strong></span> <span class='ocrx_word' id='word_1_481' title='bbox 2508 1197 2557 1248; x_wconf 90' lang='lat' dir='ltr'>in</span> <span class='ocrx_word' id='word_1_482' title='bbox 2580 1199 2783 1251; x_wconf 82' lang='lat' dir='ltr'><strong>dicendo</strong></span> <span class='ocrx_word' id='word_1_483' title='bbox 2804 1203 2853 1252; x_wconf 89' lang='lat' dir='ltr'>et</span> <span class='ocrx_word' id='word_1_484' title='bbox 2881 1204 3144 1267; x_wconf 70' lang='lat' dir='ltr'><strong>paratiores</strong></span> <span class='ocrx_word' id='word_1_485' title='bbox 3162 1206 3219 1257; x_wconf 83' lang='lat' dir='ltr'>iis</span> <span class='ocrx_word' id='word_1_486' title='bbox 3232 1208 3369 1259; x_wconf 79' lang='lat' dir='ltr'><strong>videri</strong></span> <span class='ocrx_word' id='word_1_487' title='bbox 3388 1210 3461 1273; x_wconf 88' lang='lat' dir='ltr'>qui</span> <span class='ocrx_word' id='word_1_488' title='bbox 3482 1216 3594 1262; x_wconf 75' lang='lat' dir='ltr'><strong>aeute</strong></span> <span class='ocrx_word' id='word_1_489' title='bbox 3604 1214 3639 1261; x_wconf 85' lang='lat' dir='ltr'>et</span> 
     </span>
     <span class='ocr_line' id='line_1_63' title="bbox 2152 1300 3638 1376; baseline 0.013 -30"><span class='ocrx_word' id='word_1_490' title='bbox 2152 1309 2243 1347; x_wconf 90' lang='lat' dir='ltr'>usu</span> <span class='ocrx_word' id='word_1_491' title='bbox 2280 1300 2563 1353; x_wconf 76' lang='lat' dir='ltr'><strong>antecedant</strong></span> <span class='ocrx_word' id='word_1_492' title='bbox 2572 1319 2589 1365; x_wconf 89' lang='lat'>;</span> <span class='ocrx_word' id='word_1_493' title='bbox 2618 1318 2747 1356; x_wconf 82' lang='lat' dir='ltr'><strong>anno</strong></span> <span class='ocrx_word' id='word_1_494' title='bbox 2774 1306 2981 1372; x_wconf 86' lang='lat' dir='ltr'><strong>denique</strong></span> <span class='ocrx_word' id='word_1_495' title='bbox 3004 1323 3104 1360; x_wconf 88' lang='lat' dir='ltr'>uno</span> <span class='ocrx_word' id='word_1_496' title='bbox 3142 1312 3297 1376; x_wconf 84' lang='lat' dir='ltr'><strong>elapso</strong></span> <span class='ocrx_word' id='word_1_497' title='bbox 3314 1327 3462 1364; x_wconf 62' lang='lat' dir='ltr'><strong>omna</strong></span> <span class='ocrx_word' id='word_1_498' title='bbox 3475 1318 3638 1365; x_wconf 76' lang='lat' dir='ltr'><strong>oratores</strong></span> 
     </span>
     <span class='ocr_line' id='line_1_64' title="bbox 2149 1405 3639 1483; baseline 0.009 -29"><span class='ocrx_word' id='word_1_499' title='bbox 2149 1415 2257 1455; x_wconf 78' lang='lat' dir='ltr'><strong>csse</strong></span> <span class='ocrx_word' id='word_1_500' title='bbox 2278 1405 2431 1457; x_wconf 88' lang='lat' dir='ltr'><strong>bonos</strong></span> <span class='ocrx_word' id='word_1_501' title='bbox 2452 1412 2503 1459; x_wconf 89' lang='lat' dir='ltr'>et</span> <span class='ocrx_word' id='word_1_502' title='bbox 2526 1410 2761 1472; x_wconf 74' lang='lat' dir='ltr'><strong>perfectos</strong></span> <span class='ocrx_word' id='word_1_503' title='bbox 2774 1448 2789 1474; x_wconf 84' lang='lat'>‚</span> <span class='ocrx_word' id='word_1_504' title='bbox 2808 1413 3055 1479; x_wconf 80' lang='lat' dir='ltr'>nihiloque</span> <span class='ocrx_word' id='word_1_505' title='bbox 3072 1415 3321 1469; x_wconf 79' lang='lat' dir='ltr'><strong>deteriores</strong></span> <span class='ocrx_word' id='word_1_506' title='bbox 3340 1432 3415 1470; x_wconf 86' lang='lat' dir='ltr'>eos</span> <span class='ocrx_word' id='word_1_507' title='bbox 3436 1420 3505 1483; x_wconf 84' lang='lat' dir='ltr'>qni</span> <span class='ocrx_word' id='word_1_508' title='bbox 3522 1421 3639 1483; x_wconf 77' lang='lat' dir='ltr'><strong>ignavi</strong></span> 
     </span>
     <span class='ocr_line' id='line_1_65' title="bbox 2148 1510 3639 1590; baseline 0.013 -31"><span class='ocrx_word' id='word_1_509' title='bbox 2148 1510 2270 1573; x_wconf 86' lang='lat' dir='ltr'><strong>sint,</strong></span> <span class='ocrx_word' id='word_1_510' title='bbox 2290 1525 2435 1576; x_wconf 79' lang='lat' dir='ltr'><strong>quam</strong></span> <span class='ocrx_word' id='word_1_511' title='bbox 2460 1514 2752 1582; x_wconf 86' lang='lat' dir='ltr'><strong>laboriosos,</strong></span> <span class='ocrx_word' id='word_1_512' title='bbox 2772 1534 2927 1585; x_wconf 85' lang='lat' dir='ltr'><strong>neque</strong></span> <span class='ocrx_word' id='word_1_513' title='bbox 2950 1523 3140 1588; x_wconf 85' lang='lat' dir='ltr'><strong>ineptos</strong></span> <span class='ocrx_word' id='word_1_514' title='bbox 3173 1524 3233 1575; x_wconf 88' lang='lat' dir='ltr'>iis</span> <span class='ocrx_word' id='word_1_515' title='bbox 3258 1525 3335 1590; x_wconf 85' lang='lat' dir='ltr'>qui</span> <span class='ocrx_word' id='word_1_516' title='bbox 3350 1526 3478 1577; x_wconf 79' lang='lat' dir='ltr'><strong>sortes</strong></span> <span class='ocrx_word' id='word_1_517' title='bbox 3500 1526 3639 1577; x_wconf 76' lang='lat' dir='ltr'><strong>animos</strong></span> 
     </span>
     <span class='ocr_line' id='line_1_66' title="bbox 2151 1614 3639 1695; baseline 0.011 -31"><span class='ocrx_word' id='word_1_518' title='bbox 2151 1614 2346 1667; x_wconf 81' lang='lat' dir='ltr'><strong>habent.</strong></span> <span class='ocrx_word' id='word_1_519' title='bbox 2415 1619 2547 1683; x_wconf 81' lang='lat'><strong>(201)</strong></span> <span class='ocrx_word' id='word_1_520' title='bbox 2580 1624 2738 1687; x_wconf 81' lang='lat' dir='ltr'><strong>Atque</strong></span> <span class='ocrx_word' id='word_1_521' title='bbox 2768 1624 2873 1676; x_wconf 79' lang='lat' dir='ltr'>haec</span> <span class='ocrx_word' id='word_1_522' title='bbox 2898 1627 3096 1690; x_wconf 85' lang='lat' dir='ltr'><strong>quidem</strong></span> <span class='ocrx_word' id='word_1_523' title='bbox 3118 1630 3342 1695; x_wconf 79' lang='lat' dir='ltr'><strong>exigunt,</strong></span> <span class='ocrx_word' id='word_1_524' title='bbox 3368 1645 3499 1695; x_wconf 82' lang='lat' dir='ltr'><strong>quum</strong></span> <span class='ocrx_word' id='word_1_525' title='bbox 3524 1646 3639 1695; x_wconf 81' lang='lat' dir='ltr'><strong>neque</strong></span> 
     </span>
     <span class='ocr_line' id='line_1_67' title="bbox 2148 1724 3639 1799; baseline 0.01 -28"><span class='ocrx_word' id='word_1_526' title='bbox 2148 1735 2239 1773; x_wconf 88' lang='lat' dir='ltr'>nos</span> <span class='ocrx_word' id='word_1_527' title='bbox 2276 1724 2395 1775; x_wconf 71' lang='lat' dir='ltr'><strong>talia</strong></span> <span class='ocrx_word' id='word_1_528' title='bbox 2422 1727 2661 1791; x_wconf 87' lang='lat' dir='ltr'><strong>spondere</strong></span> <span class='ocrx_word' id='word_1_529' title='bbox 2688 1730 2953 1797; x_wconf 72' lang='lat' dir='ltr'><strong>audierint,</strong></span> <span class='ocrx_word' id='word_1_530' title='bbox 2986 1748 3146 1799; x_wconf 86' lang='lat' dir='ltr'><strong>neque</strong></span> <span class='ocrx_word' id='word_1_531' title='bbox 3174 1736 3225 1786; x_wconf 89' lang='lat' dir='ltr'>in</span> <span class='ocrx_word' id='word_1_532' title='bbox 3260 1738 3416 1789; x_wconf 85' lang='lat' dir='ltr'><strong>ceteris</strong></span> <span class='ocrx_word' id='word_1_533' title='bbox 3440 1738 3588 1789; x_wconf 79' lang='lat' dir='ltr'><strong>artibus</strong></span> <span class='ocrx_word' id='word_1_534' title='bbox 3604 1742 3639 1787; x_wconf 80' lang='lat' dir='ltr'>et</span> 
     </span>
     <span class='ocr_line' id='line_1_68' title="bbox 2146 1825 3638 1905; baseline 0.011 -30"><span class='ocrx_word' id='word_1_535' title='bbox 2146 1825 2527 1883; x_wconf 73' lang='lat' dir='ltr'><strong>institutionibus</strong></span> <span class='ocrx_word' id='word_1_536' title='bbox 2545 1834 2777 1895; x_wconf 80' lang='lat' dir='ltr'><strong>ejusmodi</strong></span> <span class='ocrx_word' id='word_1_537' title='bbox 2796 1836 2979 1901; x_wconf 86' lang='lat' dir='ltr'><strong>aliquid</strong></span> <span class='ocrx_word' id='word_1_538' title='bbox 2998 1840 3252 1893; x_wconf 76' lang='lat' dir='ltr'><strong>usuvenire</strong></span> <span class='ocrx_word' id='word_1_539' title='bbox 3270 1842 3469 1905; x_wconf 78' lang='lat' dir='ltr'><strong>viderint,</strong></span> <span class='ocrx_word' id='word_1_540' title='bbox 3485 1842 3555 1893; x_wconf 83' lang='lat' dir='ltr'>scd</span> <span class='ocrx_word' id='word_1_541' title='bbox 3568 1856 3638 1891; x_wconf 77' lang='lat' dir='ltr'>ms·</span> 
     </span>
     <span class='ocr_line' id='line_1_69' title="bbox 2146 1934 3639 2013; baseline 0.011 -30"><span class='ocrx_word' id='word_1_542' title='bbox 2146 1945 2239 1995; x_wconf 78' lang='lat' dir='ltr'>gno</span> <span class='ocrx_word' id='word_1_543' title='bbox 2260 1934 2423 1987; x_wconf 81' lang='lat' dir='ltr'><strong>labore</strong></span> <span class='ocrx_word' id='word_1_544' title='bbox 2457 1940 2750 2002; x_wconf 61' lang='lat' dir='ltr'><strong>cognitiones</strong></span> <span class='ocrx_word' id='word_1_545' title='bbox 2774 1944 2911 1995; x_wconf 92' lang='lat' dir='ltr'><strong>nobis</strong></span> <span class='ocrx_word' id='word_1_546' title='bbox 2933 1946 3148 2012; x_wconf 84' lang='lat' dir='ltr'><strong>acquiri;</strong></span> <span class='ocrx_word' id='word_1_547' title='bbox 3184 1962 3332 2013; x_wconf 85' lang='lat' dir='ltr'><strong>neque</strong></span> <span class='ocrx_word' id='word_1_548' title='bbox 3354 1962 3502 2001; x_wconf 83' lang='lat' dir='ltr'><strong>omnes</strong></span> <span class='ocrx_word' id='word_1_549' title='bbox 3529 1949 3639 2013; x_wconf 81' lang='lat' dir='ltr'><strong>quod·</strong></span> 
     </span>
     <span class='ocr_line' id='line_1_70' title="bbox 2146 2042 3635 2116; baseline 0.009 -28"><span class='ocrx_word' id='word_1_550' title='bbox 2146 2052 2357 2105; x_wconf 85' lang='lat' dir='ltr'><strong>cumque</strong></span> <span class='ocrx_word' id='word_1_551' title='bbox 2382 2042 2627 2097; x_wconf 87' lang='lat' dir='ltr'><strong>discamus</strong></span> <span class='ocrx_word' id='word_1_552' title='bbox 2650 2047 2793 2099; x_wconf 84' lang='lat' dir='ltr'><strong>simili</strong></span> <span class='ocrx_word' id='word_1_553' title='bbox 2816 2050 2961 2101; x_wconf 87' lang='lat' dir='ltr'><strong>modo</strong></span> <span class='ocrx_word' id='word_1_554' title='bbox 2978 2052 3235 2116; x_wconf 83' lang='lat' dir='ltr'><strong>perficere,</strong></span> <span class='ocrx_word' id='word_1_555' title='bbox 3271 2054 3351 2105; x_wconf 83' lang='lat' dir='ltr'>sed</span> <span class='ocrx_word' id='word_1_556' title='bbox 3381 2068 3436 2104; x_wconf 80' lang='lat' dir='ltr'>cx</span> <span class='ocrx_word' id='word_1_557' title='bbox 3456 2053 3635 2103; x_wconf 74' lang='lat' dir='ltr'><strong>universis</strong></span> 
     </span>
     <span class='ocr_line' id='line_1_71' title="bbox 2146 2142 3638 2218; baseline 0.01 -25"><span class='ocrx_word' id='word_1_558' title='bbox 2146 2144 2272 2195; x_wconf 87' lang='lat' dir='ltr'><strong>ludis</strong></span> <span class='ocrx_word' id='word_1_559' title='bbox 2294 2142 2418 2197; x_wconf 89' lang='lat' dir='ltr'><strong>duos</strong></span> <span class='ocrx_word' id='word_1_560' title='bbox 2434 2153 2519 2198; x_wconf 83' lang='lat' dir='ltr'>aut</span> <span class='ocrx_word' id='word_1_561' title='bbox 2540 2154 2641 2201; x_wconf 83' lang='lat' dir='ltr'><strong>tres</strong></span> <span class='ocrx_word' id='word_1_562' title='bbox 2669 2152 2733 2202; x_wconf 88' lang='lat' dir='ltr'>ad</span> <span class='ocrx_word' id='word_1_563' title='bbox 2758 2153 2862 2218; x_wconf 81' lang='lat' dir='ltr'><strong>ipsa</strong></span> <span class='ocrx_word' id='word_1_564' title='bbox 2892 2168 3151 2208; x_wconf 80' lang='lat' dir='ltr'><strong>csusamm</strong></span> <span class='ocrx_word' id='word_1_565' title='bbox 3170 2157 3426 2209; x_wconf 73' lang='lat' dir='ltr'><strong>discrimina</strong></span> <span class='ocrx_word' id='word_1_566' title='bbox 3444 2157 3638 2209; x_wconf 67' lang='lat' dir='ltr'><strong>subeunda</strong></span> 
     </span>
     <span class='ocr_line' id='line_1_72' title="bbox 2146 2248 3639 2317; baseline 0.007 -18"><span class='ocrx_word' id='word_1_567' title='bbox 2146 2248 2342 2301; x_wconf 80' lang='lat' dir='ltr'><strong>idoneos</strong></span> <span class='ocrx_word' id='word_1_568' title='bbox 2366 2252 2581 2317; x_wconf 80' lang='lat' dir='ltr'><strong>prodire,</strong></span> <span class='ocrx_word' id='word_1_569' title='bbox 2608 2259 2795 2307; x_wconf 84' lang='lat' dir='ltr'><strong>ceteros</strong></span> <span class='ocrx_word' id='word_1_570' title='bbox 2814 2272 2875 2308; x_wconf 77' lang='lat' dir='ltr'>ex</span> <span class='ocrx_word' id='word_1_571' title='bbox 2905 2259 3005 2311; x_wconf 80' lang='lat' dir='ltr'><strong>illis</strong></span> <span class='ocrx_word' id='word_1_572' title='bbox 3030 2275 3127 2311; x_wconf 90' lang='lat' dir='ltr'>non</span> <span class='ocrx_word' id='word_1_573' title='bbox 3150 2261 3338 2313; x_wconf 81' lang='lat' dir='ltr'><strong>idoneos</strong></span> <span class='ocrx_word' id='word_1_574' title='bbox 3356 2266 3405 2313; x_wconf 89' lang='lat' dir='ltr'>et</span> <span class='ocrx_word' id='word_1_575' title='bbox 3422 2260 3639 2313; x_wconf 84' lang='lat' dir='ltr'><strong>velutindo-</strong></span> 
     </span>
     <span class='ocr_line' id='line_1_73' title="bbox 2142 2357 3639 2436; baseline 0.007 -31"><span class='ocrx_word' id='word_1_576' title='bbox 2142 2360 2247 2406; x_wconf 89' lang='lat' dir='ltr'><strong>ctos</strong></span> <span class='ocrx_word' id='word_1_577' title='bbox 2268 2357 2530 2436; x_wconf 72' lang='lat' dir='ltr'><strong>discedere.</strong></span> <span class='ocrx_word' id='word_1_578' title='bbox 2600 2362 2732 2425; x_wconf 82' lang='lat'><strong>(⁴202)</strong></span> <span class='ocrx_word' id='word_1_579' title='bbox 2754 2366 2903 2429; x_wconf 79' lang='lat' dir='ltr'><strong>Atqui</strong></span> <span class='ocrx_word' id='word_1_580' title='bbox 2913 2368 3160 2429; x_wconf 85' lang='lat' dir='ltr'><strong>quomodo</strong></span> <span class='ocrx_word' id='word_1_581' title='bbox 3174 2382 3269 2421; x_wconf 87' lang='lat' dir='ltr'>non</span> <span class='ocrx_word' id='word_1_582' title='bbox 3288 2370 3413 2421; x_wconf 84' lang='lat' dir='ltr'><strong>stulti</strong></span> <span class='ocrx_word' id='word_1_583' title='bbox 3424 2368 3639 2420; x_wconf 73' lang='lat' dir='ltr'><strong>existiman·</strong></span> 
     </span>
     <span class='ocr_line' id='line_1_74' title="bbox 2142 2458 3639 2530; baseline 0.007 -20"><span class='ocrx_word' id='word_1_584' title='bbox 2142 2458 2193 2510; x_wconf 88' lang='lat' dir='ltr'>di</span> <span class='ocrx_word' id='word_1_585' title='bbox 2214 2466 2333 2511; x_wconf 90' lang='lat' dir='ltr'><strong>sunt</strong></span> <span class='ocrx_word' id='word_1_586' title='bbox 2353 2466 2437 2527; x_wconf 86' lang='lat' dir='ltr'>qui</span> <span class='ocrx_word' id='word_1_587' title='bbox 2464 2464 2593 2526; x_wconf 79' lang='lat' dir='ltr'><strong>vim,</strong></span> <span class='ocrx_word' id='word_1_588' title='bbox 2620 2480 2731 2530; x_wconf 79' lang='lat' dir='ltr'><strong>quoe</strong></span> <span class='ocrx_word' id='word_1_589' title='bbox 2770 2468 2819 2519; x_wconf 91' lang='lat' dir='ltr'>in</span> <span class='ocrx_word' id='word_1_590' title='bbox 2856 2471 3037 2522; x_wconf 86' lang='lat' dir='ltr'><strong>ceteris</strong></span> <span class='ocrx_word' id='word_1_591' title='bbox 3069 2472 3253 2524; x_wconf 83' lang='lat' dir='ltr'><strong>artibus</strong></span> <span class='ocrx_word' id='word_1_592' title='bbox 3284 2473 3399 2524; x_wconf 83' lang='lat' dir='ltr'><strong>baud</strong></span> <span class='ocrx_word' id='word_1_593' title='bbox 3426 2472 3545 2524; x_wconf 82' lang='lat' dir='ltr'><strong>dubie</strong></span> <span class='ocrx_word' id='word_1_594' title='bbox 3572 2483 3639 2520; x_wconf 88' lang='lat' dir='ltr'>non</span> 
     </span>
     <span class='ocr_line' id='line_1_75' title="bbox 2142 2565 3641 2643; baseline 0.009 -29"><span class='ocrx_word' id='word_1_595' title='bbox 2142 2565 2289 2629; x_wconf 86' lang='lat' dir='ltr'><strong>insit,</strong></span> <span class='ocrx_word' id='word_1_596' title='bbox 2314 2582 2422 2620; x_wconf 84' lang='lat' dir='ltr'>eam</span> <span class='ocrx_word' id='word_1_597' title='bbox 2462 2571 2711 2635; x_wconf 86' lang='lat' dir='ltr'><strong>postulare</strong></span> <span class='ocrx_word' id='word_1_598' title='bbox 2752 2574 2812 2623; x_wconf 80' lang='lat' dir='ltr'>ab</span> <span class='ocrx_word' id='word_1_599' title='bbox 2844 2575 2924 2625; x_wconf 81' lang='lat' dir='ltr'><strong>illa</strong></span> <span class='ocrx_word' id='word_1_600' title='bbox 2956 2577 3200 2643; x_wconf 78' lang='lat' dir='ltr'><strong>audeant,</strong></span> <span class='ocrx_word' id='word_1_601' title='bbox 3234 2593 3371 2643; x_wconf 85' lang='lat' dir='ltr'><strong>quam</strong></span> <span class='ocrx_word' id='word_1_602' title='bbox 3405 2584 3532 2629; x_wconf 81' lang='lat' dir='ltr'><strong>artem</strong></span> <span class='ocrx_word' id='word_1_603' title='bbox 3562 2588 3641 2627; x_wconf 73' lang='lat' dir='ltr'><strong>csse</strong></span> 
     </span>
     <span class='ocr_line' id='line_1_76' title="bbox 2144 2668 3641 2747; baseline 0.007 -28"><span class='ocrx_word' id='word_1_604' title='bbox 2144 2674 2320 2734; x_wconf 80' lang='lat' dir='ltr'><strong>negant</strong></span> <span class='ocrx_word' id='word_1_605' title='bbox 2333 2708 2348 2735; x_wconf 88' lang='lat'><em>,</em></span> <span class='ocrx_word' id='word_1_606' title='bbox 2372 2678 2421 2724; x_wconf 87' lang='lat' dir='ltr'>et</span> <span class='ocrx_word' id='word_1_607' title='bbox 2444 2668 2605 2737; x_wconf 82' lang='lat' dir='ltr'><strong>plures</strong></span> <span class='ocrx_word' id='word_1_608' title='bbox 2628 2678 2815 2730; x_wconf 81' lang='lat' dir='ltr'><strong>fructus</strong></span> <span class='ocrx_word' id='word_1_609' title='bbox 2832 2679 2894 2730; x_wconf 91' lang='lat' dir='ltr'>ab</span> <span class='ocrx_word' id='word_1_610' title='bbox 2912 2694 2967 2731; x_wconf 82' lang='lat' dir='ltr'>ea</span> <span class='ocrx_word' id='word_1_611' title='bbox 2992 2696 3110 2746; x_wconf 78' lang='lat' dir='ltr'><strong>quoe</strong></span> <span class='ocrx_word' id='word_1_612' title='bbox 3134 2684 3197 2734; x_wconf 80' lang='lat' dir='ltr'>ab</span> <span class='ocrx_word' id='word_1_613' title='bbox 3214 2684 3324 2747; x_wconf 88' lang='lat' dir='ltr'><strong>ipsis</strong></span> <span class='ocrx_word' id='word_1_614' title='bbox 3344 2682 3546 2747; x_wconf 79' lang='lat' dir='ltr'><strong>rejicitur,</strong></span> <span class='ocrx_word' id='word_1_615' title='bbox 3562 2694 3641 2745; x_wconf 77' lang='lat' dir='ltr'><strong>per·</strong></span> 
     </span>
     <span class='ocr_line' id='line_1_77' title="bbox 2140 2776 3641 2848; baseline 0.005 -22"><span class='ocrx_word' id='word_1_616' title='bbox 2140 2776 2299 2839; x_wconf 81' lang='lat' dir='ltr'><strong>cipere</strong></span> <span class='ocrx_word' id='word_1_617' title='bbox 2316 2779 2467 2829; x_wconf 80' lang='lat' dir='ltr'><strong>veiint</strong></span> <span class='ocrx_word' id='word_1_618' title='bbox 2478 2817 2494 2843; x_wconf 92' lang='lat'><strong>,</strong></span> <span class='ocrx_word' id='word_1_619' title='bbox 2517 2794 2663 2845; x_wconf 74' lang='lat' dir='ltr'><strong>quam</strong></span> <span class='ocrx_word' id='word_1_620' title='bbox 2683 2783 2744 2834; x_wconf 87' lang='lat' dir='ltr'>ab</span> <span class='ocrx_word' id='word_1_621' title='bbox 2770 2784 2829 2834; x_wconf 87' lang='lat' dir='ltr'>iis</span> <span class='ocrx_word' id='word_1_622' title='bbox 2852 2798 2964 2848; x_wconf 68' lang='lat' dir='ltr'><strong>quac</strong></span> <span class='ocrx_word' id='word_1_623' title='bbox 2982 2801 3049 2838; x_wconf 80' lang='lat' dir='ltr'>cx</span> <span class='ocrx_word' id='word_1_624' title='bbox 3072 2790 3289 2839; x_wconf 74' lang='lat' dir='ltr'><strong>confesso</strong></span> <span class='ocrx_word' id='word_1_625' title='bbox 3308 2789 3422 2840; x_wconf 80' lang='lat' dir='ltr'><strong>inter</strong></span> <span class='ocrx_word' id='word_1_626' title='bbox 3435 2792 3539 2837; x_wconf 62' lang='lat' dir='ltr'><strong>artos</strong></span> <span class='ocrx_word' id='word_1_627' title='bbox 3552 2785 3641 2835; x_wconf 74' lang='lat' dir='ltr'><strong>reis·</strong></span> 
     </span>
     <span class='ocr_line' id='line_1_78' title="bbox 2144 2882 3639 2956; baseline 0.006 -25"><span class='ocrx_word' id='word_1_628' title='bbox 2144 2882 2209 2931; x_wconf 70' lang='lat' dir='ltr'>1ae</span> <span class='ocrx_word' id='word_1_629' title='bbox 2236 2887 2369 2933; x_wconf 84' lang='lat' dir='ltr'><strong>sunt.</strong></span> <span class='ocrx_word' id='word_1_630' title='bbox 2436 2886 2567 2951; x_wconf 79' lang='grc'>(203)</span> <span class='ocrx_word' id='word_1_631' title='bbox 2596 2890 2799 2951; x_wconf 79' lang='lat' dir='ltr'><strong>Oportet</strong></span> <span class='ocrx_word' id='word_1_632' title='bbox 2820 2889 2965 2953; x_wconf 80' lang='lat' dir='ltr'><strong>igitur</strong></span> <span class='ocrx_word' id='word_1_633' title='bbox 2988 2893 3254 2956; x_wconf 77' lang='lat' dir='ltr'><strong>prudentes</strong></span> <span class='ocrx_word' id='word_1_634' title='bbox 3271 2892 3469 2945; x_wconf 82' lang='lat' dir='ltr'><strong>homines</strong></span> <span class='ocrx_word' id='word_1_635' title='bbox 3487 2904 3565 2941; x_wconf 91' lang='lat' dir='ltr'>non</span> <span class='ocrx_word' id='word_1_636' title='bbox 3582 2890 3639 2940; x_wconf 88' lang='lat' dir='ltr'>in·</span> 
     </span>
     <span class='ocr_line' id='line_1_79' title="bbox 2138 2988 3641 3063; baseline 0.009 -28"><span class='ocrx_word' id='word_1_637' title='bbox 2138 2988 2415 3039; x_wconf 76' lang='lat' dir='ltr'><strong>constanter</strong></span> <span class='ocrx_word' id='word_1_638' title='bbox 2431 2988 2586 3041; x_wconf 77' lang='lat' dir='ltr'><strong>facere</strong></span> <span class='ocrx_word' id='word_1_639' title='bbox 2602 2991 2786 3054; x_wconf 76' lang='lat' dir='ltr'><strong>jndicio</strong></span> <span class='ocrx_word' id='word_1_640' title='bbox 2800 2992 2861 3044; x_wconf 88' lang='lat' dir='ltr'>de</span> <span class='ocrx_word' id='word_1_641' title='bbox 2883 2994 3130 3063; x_wconf 72' lang='lat' dir='ltr'><strong>similibus</strong></span> <span class='ocrx_word' id='word_1_642' title='bbox 3144 2998 3299 3049; x_wconf 74' lang='lat' dir='ltr'><strong>causis</strong></span> <span class='ocrx_word' id='word_1_643' title='bbox 3310 3033 3325 3058; x_wconf 89' lang='lat'><strong>,</strong></span> <span class='ocrx_word' id='word_1_644' title='bbox 3340 3010 3477 3061; x_wconf 84' lang='lat' dir='ltr'><strong>neque</strong></span> <span class='ocrx_word' id='word_1_645' title='bbox 3490 2996 3641 3059; x_wconf 66' lang='lat' dir='ltr'><strong>leiim</strong></span> 
     </span>
     <span class='ocr_line' id='line_1_80' title="bbox 2139 3090 3640 3169; baseline 0.015 -30"><span class='ocrx_word' id='word_1_646' title='bbox 2139 3090 2486 3145; x_wconf 85' lang='lat' dir='ltr'><strong>institutionem</strong></span> <span class='ocrx_word' id='word_1_647' title='bbox 2510 3109 2622 3159; x_wconf 79' lang='lat' dir='ltr'><strong>quoe</strong></span> <span class='ocrx_word' id='word_1_648' title='bbox 2648 3097 2775 3149; x_wconf 87' lang='lat' dir='ltr'><strong>idem</strong></span> <span class='ocrx_word' id='word_1_649' title='bbox 2798 3100 2928 3164; x_wconf 86' lang='lat' dir='ltr'><strong>quod</strong></span> <span class='ocrx_word' id='word_1_650' title='bbox 2960 3102 3209 3169; x_wconf 60' lang='lat' dir='ltr'><strong>pleresque</strong></span> <span class='ocrx_word' id='word_1_651' title='bbox 3238 3107 3360 3156; x_wconf 81' lang='lat' dir='ltr'><strong>artes</strong></span> <span class='ocrx_word' id='word_1_652' title='bbox 3379 3103 3518 3156; x_wconf 73' lang='lat' dir='ltr'><strong>efficit.</strong></span> <span class='ocrx_word' id='word_1_653' title='bbox 3549 3100 3640 3160; x_wconf 62' lang='lat' dir='ltr'>0¹¹ss</span> 
     </span>
     <span class='ocr_line' id='line_1_81' title="bbox 2137 3194 3641 3273; baseline 0.005 -28"><span class='ocrx_word' id='word_1_654' title='bbox 2137 3194 2265 3245; x_wconf 88' lang='lat' dir='ltr'><strong>enim</strong></span> <span class='ocrx_word' id='word_1_655' title='bbox 2285 3200 2440 3249; x_wconf 89' lang='lat' dir='ltr'><strong>nescit</strong></span> <span class='ocrx_word' id='word_1_656' title='bbox 2456 3200 2634 3252; x_wconf 86' lang='lat' dir='ltr'><strong>multos</strong></span> <span class='ocrx_word' id='word_1_657' title='bbox 2656 3216 2718 3253; x_wconf 80' lang='lat' dir='ltr'>ex</span> <span class='ocrx_word' id='word_1_658' title='bbox 2739 3203 2894 3267; x_wconf 85' lang='lat' dir='ltr'><strong>vobis,</strong></span> <span class='ocrx_word' id='word_1_659' title='bbox 2914 3206 2999 3269; x_wconf 86' lang='lat' dir='ltr'>qui</span> <span class='ocrx_word' id='word_1_660' title='bbox 3024 3220 3081 3259; x_wconf 86' lang='lat' dir='ltr'>se</span> <span class='ocrx_word' id='word_1_661' title='bbox 3098 3208 3322 3273; x_wconf 75' lang='lat' dir='ltr'><strong>sophistis</strong></span> <span class='ocrx_word' id='word_1_662' title='bbox 3338 3207 3383 3257; x_wconf 86' lang='lat' dir='ltr'>in</span> <span class='ocrx_word' id='word_1_663' title='bbox 3400 3205 3641 3270; x_wconf 73' lang='lat' dir='ltr'><strong>disciplina-</strong></span> 
     </span>
     <span class='ocr_line' id='line_1_82' title="bbox 2136 3299 3641 3377; baseline 0.006 -28"><span class='ocrx_word' id='word_1_664' title='bbox 2136 3299 2465 3365; x_wconf 80' lang='lat' dir='ltr'><strong>tradidcrunt,</strong></span> <span class='ocrx_word' id='word_1_665' title='bbox 2490 3318 2645 3369; x_wconf 83' lang='lat' dir='ltr'><strong>neque</strong></span> <span class='ocrx_word' id='word_1_666' title='bbox 2663 3306 2833 3359; x_wconf 87' lang='lat' dir='ltr'><strong>illusos</strong></span> <span class='ocrx_word' id='word_1_667' title='bbox 2856 3323 2963 3361; x_wconf 85' lang='lat' dir='ltr'><strong>esse</strong></span> <span class='ocrx_word' id='word_1_668' title='bbox 2990 3325 3155 3377; x_wconf 84' lang='lat' dir='ltr'><strong>neque</strong></span> <span class='ocrx_word' id='word_1_669' title='bbox 3176 3314 3245 3365; x_wconf 76' lang='lat' dir='ltr'>ita</span> <span class='ocrx_word' id='word_1_670' title='bbox 3260 3314 3445 3365; x_wconf 79' lang='lat' dir='ltr'><strong>affectos</strong></span> <span class='ocrx_word' id='word_1_671' title='bbox 3464 3316 3508 3361; x_wconf 86' lang='lat' dir='ltr'>ut</span> <span class='ocrx_word' id='word_1_672' title='bbox 3522 3311 3563 3359; x_wconf 86' lang='lat' dir='ltr'>hi</span> <span class='ocrx_word' id='word_1_673' title='bbox 3583 3308 3641 3358; x_wconf 85' lang='lat' dir='ltr'>di·</span> 
     </span>
     <span class='ocr_line' id='line_1_83' title="bbox 2138 3407 3640 3479; baseline 0.005 -25"><span class='ocrx_word' id='word_1_674' title='bbox 2138 3407 2284 3468; x_wconf 87' lang='lat' dir='ltr'><strong>cunt,</strong></span> <span class='ocrx_word' id='word_1_675' title='bbox 2306 3407 2437 3471; x_wconf 75' lang='grc'>(204)</span> <span class='ocrx_word' id='word_1_676' title='bbox 2464 3410 2551 3460; x_wconf 87' lang='lat' dir='ltr'>sed</span> <span class='ocrx_word' id='word_1_677' title='bbox 2577 3410 2697 3461; x_wconf 84' lang='lat' dir='ltr'><strong>alios</strong></span> <span class='ocrx_word' id='word_1_678' title='bbox 2724 3412 2875 3463; x_wconf 83' lang='lat' dir='ltr'><strong>bonos</strong></span> <span class='ocrx_word' id='word_1_679' title='bbox 2906 3416 3180 3468; x_wconf 77' lang='lat' dir='ltr'><strong>causidicos</strong></span> <span class='ocrx_word' id='word_1_680' title='bbox 3194 3418 3419 3479; x_wconf 75' lang='lat' dir='ltr'><strong>evasisse,</strong></span> <span class='ocrx_word' id='word_1_681' title='bbox 3434 3414 3537 3466; x_wconf 77' lang='lat' dir='ltr'><strong>alios</strong></span> <span class='ocrx_word' id='word_1_682' title='bbox 3556 3412 3640 3463; x_wconf 77' lang='lat' dir='ltr'><strong>aliis</strong></span> 
     </span>
     <span class='ocr_line' id='line_1_84' title="bbox 2136 3511 3639 3589; baseline 0.007 -28"><span class='ocrx_word' id='word_1_683' title='bbox 2136 3511 2361 3564; x_wconf 85' lang='lat' dir='ltr'><strong>docendis</strong></span> <span class='ocrx_word' id='word_1_684' title='bbox 2380 3515 2608 3581; x_wconf 84' lang='lat' dir='ltr'><strong>idoneos;</strong></span> <span class='ocrx_word' id='word_1_685' title='bbox 2630 3519 2715 3583; x_wconf 88' lang='lat' dir='ltr'>qui</span> <span class='ocrx_word' id='word_1_686' title='bbox 2737 3533 2850 3572; x_wconf 82' lang='lat' dir='ltr'><strong>vero</strong></span> <span class='ocrx_word' id='word_1_687' title='bbox 2875 3523 3121 3585; x_wconf 76' lang='lat' dir='ltr'><strong>privatam</strong></span> <span class='ocrx_word' id='word_1_688' title='bbox 3141 3525 3289 3576; x_wconf 69' lang='lat' dir='ltr'><strong>vitani</strong></span> <span class='ocrx_word' id='word_1_689' title='bbox 3308 3522 3587 3589; x_wconf 84' lang='lat' dir='ltr'><strong>praetulen&#39;nt,</strong></span> <span class='ocrx_word' id='word_1_690' title='bbox 3604 3520 3639 3567; x_wconf 89' lang='lat' dir='ltr'>in</span> 
     </span>
     <span class='ocr_line' id='line_1_85' title="bbox 2134 3619 3640 3693; baseline 0.004 -26"><span class='ocrx_word' id='word_1_691' title='bbox 2134 3619 2469 3682; x_wconf 80' lang='lat' dir='ltr'><strong>congressibus</strong></span> <span class='ocrx_word' id='word_1_692' title='bbox 2486 3625 2533 3672; x_wconf 86' lang='lat' dir='ltr'>et</span> <span class='ocrx_word' id='word_1_693' title='bbox 2550 3622 2862 3686; x_wconf 79' lang='lat' dir='ltr'><strong>elegantiores</strong></span> <span class='ocrx_word' id='word_1_694' title='bbox 2885 3640 2993 3677; x_wconf 85' lang='lat' dir='ltr'><strong>csse</strong></span> <span class='ocrx_word' id='word_1_695' title='bbox 3010 3642 3161 3693; x_wconf 69' lang='lat' dir='ltr'><strong>quum</strong></span> <span class='ocrx_word' id='word_1_696' title='bbox 3182 3635 3318 3681; x_wconf 80' lang='lat' dir='ltr'><strong>antea</strong></span> <span class='ocrx_word' id='word_1_697' title='bbox 3330 3632 3489 3691; x_wconf 83' lang='lat' dir='ltr'><strong>essent,</strong></span> <span class='ocrx_word' id='word_1_698' title='bbox 3504 3629 3547 3677; x_wconf 88' lang='lat' dir='ltr'>et</span> <span class='ocrx_word' id='word_1_699' title='bbox 3562 3637 3640 3674; x_wconf 77' lang='lat' dir='ltr'><strong>ora-</strong></span> 
     </span>
     <span class='ocr_line' id='line_1_86' title="bbox 2132 3723 3641 3798; baseline 0.012 -24"><span class='ocrx_word' id='word_1_700' title='bbox 2132 3723 2318 3775; x_wconf 85' lang='lat' dir='ltr'><strong>tionum</strong></span> <span class='ocrx_word' id='word_1_701' title='bbox 2349 3725 2541 3788; x_wconf 72' lang='lat' dir='ltr'><strong>iudices</strong></span> <span class='ocrx_word' id='word_1_702' title='bbox 2576 3729 2969 3794; x_wconf 71' lang='lat' dir='ltr'><strong>consiliariosque</strong></span> <span class='ocrx_word' id='word_1_703' title='bbox 2997 3734 3241 3785; x_wconf 73' lang='lat' dir='ltr'><strong>acutiores</strong></span> <span class='ocrx_word' id='word_1_704' title='bbox 3270 3747 3407 3798; x_wconf 83' lang='lat' dir='ltr'><strong>quam</strong></span> <span class='ocrx_word' id='word_1_705' title='bbox 3438 3732 3641 3796; x_wconf 57' lang='lat' dir='ltr'><strong>piamque</strong></span> 
     </span>
     <span class='ocr_line' id='line_1_87' title="bbox 2130 3828 3640 3901; baseline 0.006 -24"><span class='ocrx_word' id='word_1_706' title='bbox 2130 3828 2247 3879; x_wconf 83' lang='lat' dir='ltr'><strong>alios</strong></span> <span class='ocrx_word' id='word_1_707' title='bbox 2266 3842 2375 3881; x_wconf 85' lang='lat' dir='ltr'><strong>esse</strong></span> <span class='ocrx_word' id='word_1_708' title='bbox 2403 3830 2585 3882; x_wconf 75' lang='lat' dir='ltr'><strong>factos?</strong></span> <span class='ocrx_word' id='word_1_709' title='bbox 2650 3837 2672 3884; x_wconf 87' lang='lat'>1</span> <span class='ocrx_word' id='word_1_710' title='bbox 2677 3838 2819 3897; x_wconf 85' lang='lat' dir='ltr'><strong>taque</strong></span> <span class='ocrx_word' id='word_1_711' title='bbox 2844 3836 3093 3898; x_wconf 85' lang='lat' dir='ltr'><strong>quomodo</strong></span> <span class='ocrx_word' id='word_1_712' title='bbox 3140 3838 3244 3889; x_wconf 78' lang='lat' dir='ltr'>baec</span> <span class='ocrx_word' id='word_1_713' title='bbox 3260 3836 3487 3901; x_wconf 80' lang='lat' dir='ltr'><strong>disciplina</strong></span> <span class='ocrx_word' id='word_1_714' title='bbox 3517 3836 3640 3885; x_wconf 79' lang='lat' dir='ltr'><strong>conie-</strong></span> 
     </span>
     <span class='ocr_line' id='line_1_88' title="bbox 2128 3934 3642 4005; baseline 0.007 -22"><span class='ocrx_word' id='word_1_715' title='bbox 2128 3934 2335 3985; x_wconf 84' lang='lat' dir='ltr'><strong>mnenda</strong></span> <span class='ocrx_word' id='word_1_716' title='bbox 2360 3940 2437 3985; x_wconf 89' lang='lat' dir='ltr'>est</span> <span class='ocrx_word' id='word_1_717' title='bbox 2456 3970 2471 3997; x_wconf 91' lang='lat'><strong>,</strong></span> <span class='ocrx_word' id='word_1_718' title='bbox 2492 3949 2603 4000; x_wconf 81' lang='lat' dir='ltr'><strong>quoe</strong></span> <span class='ocrx_word' id='word_1_719' title='bbox 2624 3950 2707 3989; x_wconf 87' lang='lat' dir='ltr'>eos</span> <span class='ocrx_word' id='word_1_720' title='bbox 2729 3938 2813 4002; x_wconf 89' lang='lat' dir='ltr'>qui</span> <span class='ocrx_word' id='word_1_721' title='bbox 2840 3951 2898 3990; x_wconf 85' lang='lat' dir='ltr'>ca</span> <span class='ocrx_word' id='word_1_722' title='bbox 2916 3944 3135 4005; x_wconf 83' lang='lat' dir='ltr'><strong>utantur,</strong></span> <span class='ocrx_word' id='word_1_723' title='bbox 3160 3944 3278 3993; x_wconf 84' lang='lat' dir='ltr'><strong>tales</strong></span> <span class='ocrx_word' id='word_1_724' title='bbox 3298 3941 3477 3993; x_wconf 80' lang='lat' dir='ltr'><strong>reddere</strong></span> <span class='ocrx_word' id='word_1_725' title='bbox 3496 3938 3642 4003; x_wconf 73' lang='lat' dir='ltr'><strong>possit?</strong></span> 
     </span>
     <span class='ocr_line' id='line_1_89' title="bbox 2128 4042 3637 4112; baseline 0.005 -21"><span class='ocrx_word' id='word_1_726' title='bbox 2128 4042 2261 4105; x_wconf 81' lang='lat'>(205)</span> <span class='ocrx_word' id='word_1_727' title='bbox 2281 4047 2345 4094; x_wconf 82' lang='lat' dir='ltr'>At</span> <span class='ocrx_word' id='word_1_728' title='bbox 2362 4056 2477 4095; x_wconf 80' lang='lat' dir='ltr'><strong>vcro</strong></span> <span class='ocrx_word' id='word_1_729' title='bbox 2492 4046 2635 4095; x_wconf 82' lang='lat' dir='ltr'><strong>etiam</strong></span> <span class='ocrx_word' id='word_1_730' title='bbox 2648 4046 2743 4097; x_wconf 85' lang='lat' dir='ltr'><strong>hoc</strong></span> <span class='ocrx_word' id='word_1_731' title='bbox 2758 4047 2883 4098; x_wconf 88' lang='lat' dir='ltr'><strong>inter</strong></span> <span class='ocrx_word' id='word_1_732' title='bbox 2894 4060 3065 4101; x_wconf 84' lang='lat' dir='ltr'><strong>omnes</strong></span> <span class='ocrx_word' id='word_1_733' title='bbox 3088 4053 3289 4112; x_wconf 84' lang='lat' dir='ltr'><strong>constet,</strong></span> <span class='ocrx_word' id='word_1_734' title='bbox 3306 4064 3385 4102; x_wconf 82' lang='lat' dir='ltr'>eos</span> <span class='ocrx_word' id='word_1_735' title='bbox 3396 4050 3441 4099; x_wconf 87' lang='lat' dir='ltr'>in</span> <span class='ocrx_word' id='word_1_736' title='bbox 3452 4046 3637 4099; x_wconf 83' lang='lat' dir='ltr'><strong>omnihus</strong></span> 
     </span>
    </p>

    <p class='ocr_par' dir='ltr' id='par_1_6' title="bbox 2119 4150 3640 5127">
     <span class='ocr_line' id='line_1_90' title="bbox 2125 4150 3639 4220; baseline 0.004 -23"><span class='ocrx_word' id='word_1_737' title='bbox 2125 4150 2309 4201; x_wconf 83' lang='lat' dir='ltr'><strong>artibus</strong></span> <span class='ocrx_word' id='word_1_738' title='bbox 2329 4156 2471 4215; x_wconf 80' lang='lat' dir='ltr'><strong>atque</strong></span> <span class='ocrx_word' id='word_1_739' title='bbox 2506 4153 2709 4216; x_wconf 77' lang='lat' dir='ltr'><strong>opificiis</strong></span> <span class='ocrx_word' id='word_1_740' title='bbox 2722 4153 2927 4216; x_wconf 78' lang='lat' dir='ltr'><strong>judicari</strong></span> <span class='ocrx_word' id='word_1_741' title='bbox 2950 4156 3355 4218; x_wconf 80' lang='lat' dir='ltr'><strong>absolutissimos,</strong></span> <span class='ocrx_word' id='word_1_742' title='bbox 3377 4155 3454 4220; x_wconf 88' lang='lat' dir='ltr'>qui</span> <span class='ocrx_word' id='word_1_743' title='bbox 3470 4152 3639 4215; x_wconf 80' lang='lat' dir='ltr'><strong>discipu·</strong></span> 
     </span>
     <span class='ocr_line' id='line_1_91' title="bbox 2126 4256 3640 4323; baseline -0.001 -16"><span class='ocrx_word' id='word_1_744' title='bbox 2126 4256 2197 4308; x_wconf 89' lang='lat' dir='ltr'>los</span> <span class='ocrx_word' id='word_1_745' title='bbox 2224 4271 2369 4323; x_wconf 83' lang='lat' dir='ltr'><strong>quam</strong></span> <span class='ocrx_word' id='word_1_746' title='bbox 2394 4260 2663 4312; x_wconf 89' lang='lat' dir='ltr'><strong>simillimos</strong></span> <span class='ocrx_word' id='word_1_747' title='bbox 2681 4261 2755 4312; x_wconf 86' lang='lat' dir='ltr'>sui</span> <span class='ocrx_word' id='word_1_748' title='bbox 2780 4262 2985 4313; x_wconf 80' lang='lat' dir='ltr'><strong>artifices</strong></span> <span class='ocrx_word' id='word_1_749' title='bbox 3001 4263 3228 4314; x_wconf 77' lang='lat' dir='ltr'><strong>efficiant.</strong></span> <span class='ocrx_word' id='word_1_750' title='bbox 3292 4261 3346 4313; x_wconf 82' lang='lat' dir='ltr'>Id</span> <span class='ocrx_word' id='word_1_751' title='bbox 3362 4262 3491 4313; x_wconf 81' lang='lat' dir='ltr'><strong>etiam</strong></span> <span class='ocrx_word' id='word_1_752' title='bbox 3508 4260 3549 4308; x_wconf 89' lang='lat' dir='ltr'>in</span> <span class='ocrx_word' id='word_1_753' title='bbox 3566 4256 3640 4307; x_wconf 85' lang='lat' dir='ltr'><strong>elo·</strong></span> 
     </span>
     <span class='ocr_line' id='line_1_92' title="bbox 2125 4355 3637 4423; baseline 0 -17"><span class='ocrx_word' id='word_1_754' title='bbox 2125 4356 2333 4418; x_wconf 81' lang='lat' dir='ltr'><strong>quentioe</strong></span> <span class='ocrx_word' id='word_1_755' title='bbox 2356 4355 2571 4407; x_wconf 87' lang='lat' dir='ltr'><strong>studium</strong></span> <span class='ocrx_word' id='word_1_756' title='bbox 2586 4357 2757 4409; x_wconf 74' lang='lat' dir='ltr'><strong>cadere</strong></span> <span class='ocrx_word' id='word_1_757' title='bbox 2770 4358 2975 4411; x_wconf 79' lang='lat' dir='ltr'><strong>videtur.</strong></span> <span class='ocrx_word' id='word_1_758' title='bbox 3041 4360 3173 4423; x_wconf 80' lang='grc'>(200)</span> <span class='ocrx_word' id='word_1_759' title='bbox 3199 4358 3292 4421; x_wconf 85' lang='lat' dir='ltr'>Qui</span> <span class='ocrx_word' id='word_1_760' title='bbox 3306 4359 3424 4409; x_wconf 90' lang='lat' dir='ltr'><strong>enim</strong></span> <span class='ocrx_word' id='word_1_761' title='bbox 3442 4356 3637 4408; x_wconf 79' lang='lat' dir='ltr'><strong>sineemm</strong></span> 
     </span>
     <span class='ocr_line' id='line_1_93' title="bbox 2124 4454 3637 4523; baseline -0.001 -19"><span class='ocrx_word' id='word_1_762' title='bbox 2124 4458 2173 4504; x_wconf 88' lang='lat' dir='ltr'>et</span> <span class='ocrx_word' id='word_1_763' title='bbox 2202 4454 2543 4518; x_wconf 78' lang='lat' dir='ltr'><strong>intelligentem</strong></span> <span class='ocrx_word' id='word_1_764' title='bbox 2564 4456 2843 4519; x_wconf 83' lang='lat' dir='ltr'><strong>magistrum</strong></span> <span class='ocrx_word' id='word_1_765' title='bbox 2870 4458 2999 4509; x_wconf 87' lang='lat' dir='ltr'><strong>nacti</strong></span> <span class='ocrx_word' id='word_1_766' title='bbox 3024 4460 3169 4523; x_wconf 89' lang='lat' dir='ltr'><strong>sunt,</strong></span> <span class='ocrx_word' id='word_1_767' title='bbox 3192 4460 3242 4509; x_wconf 88' lang='lat' dir='ltr'>in</span> <span class='ocrx_word' id='word_1_768' title='bbox 3260 4456 3532 4510; x_wconf 82' lang='lat' dir='ltr'><strong>orationibus</strong></span> <span class='ocrx_word' id='word_1_769' title='bbox 3563 4454 3637 4501; x_wconf 77' lang='lat' dir='ltr'>tam</span> 
     </span>
     <span class='ocr_line' id='line_1_94' title="bbox 2124 4548 3639 4620; baseline -0.005 -17"><span class='ocrx_word' id='word_1_770' title='bbox 2124 4553 2328 4605; x_wconf 86' lang='lat' dir='ltr'><strong>similem</strong></span> <span class='ocrx_word' id='word_1_771' title='bbox 2365 4554 2464 4604; x_wconf 80' lang='lat' dir='ltr'>vim</span> <span class='ocrx_word' id='word_1_772' title='bbox 2501 4554 2677 4605; x_wconf 78' lang='lat' dir='ltr'><strong>habere</strong></span> <span class='ocrx_word' id='word_1_773' title='bbox 2708 4554 3033 4619; x_wconf 81' lang='lat' dir='ltr'><strong>inveniantur,</strong></span> <span class='ocrx_word' id='word_1_774' title='bbox 3070 4560 3129 4607; x_wconf 87' lang='lat' dir='ltr'>ut</span> <span class='ocrx_word' id='word_1_775' title='bbox 3151 4556 3367 4620; x_wconf 72' lang='lat' dir='ltr'><strong>eiusdem</strong></span> <span class='ocrx_word' id='word_1_776' title='bbox 3391 4566 3469 4604; x_wconf 81' lang='lat' dir='ltr'>eos</span> <span class='ocrx_word' id='word_1_777' title='bbox 3488 4548 3639 4600; x_wconf 81' lang='lat' dir='ltr'><strong>institu-</strong></span> 
     </span>
     <span class='ocr_line' id='line_1_95' title="bbox 2121 4646 3637 4719; baseline -0.006 -16"><span class='ocrx_word' id='word_1_778' title='bbox 2121 4654 2267 4706; x_wconf 84' lang='lat' dir='ltr'><strong>tionis</strong></span> <span class='ocrx_word' id='word_1_779' title='bbox 2284 4653 2540 4719; x_wconf 77' lang='lat' dir='ltr'><strong>participes</strong></span> <span class='ocrx_word' id='word_1_780' title='bbox 2564 4654 2712 4707; x_wconf 75' lang='lat' dir='ltr'><strong>fuisse</strong></span> <span class='ocrx_word' id='word_1_781' title='bbox 2730 4654 2957 4705; x_wconf 87' lang='lat' dir='ltr'><strong>omnibus</strong></span> <span class='ocrx_word' id='word_1_782' title='bbox 2980 4656 3156 4718; x_wconf 81' lang='lat' dir='ltr'><strong>pateat.</strong></span> <span class='ocrx_word' id='word_1_783' title='bbox 3220 4658 3285 4705; x_wconf 85' lang='lat' dir='ltr'>Et</span> <span class='ocrx_word' id='word_1_784' title='bbox 3307 4660 3455 4704; x_wconf 72' lang='lat' dir='ltr'><strong>umen</strong></span> <span class='ocrx_word' id='word_1_785' title='bbox 3475 4650 3513 4700; x_wconf 89' lang='lat' dir='ltr'>si</span> <span class='ocrx_word' id='word_1_786' title='bbox 3536 4646 3637 4698; x_wconf 83' lang='lat' dir='ltr'><strong>nulla</strong></span> 
     </span>
     <span class='ocr_line' id='line_1_96' title="bbox 2121 4749 3637 4819; baseline -0.005 -9"><span class='ocrx_word' id='word_1_787' title='bbox 2121 4762 2251 4811; x_wconf 86' lang='lat' dir='ltr'><strong>esset</strong></span> <span class='ocrx_word' id='word_1_788' title='bbox 2278 4758 2605 4809; x_wconf 81' lang='lat' dir='ltr'><strong>communitas</strong></span> <span class='ocrx_word' id='word_1_789' title='bbox 2635 4757 2999 4810; x_wconf 87' lang='lat' dir='ltr'><strong>consuetudinis</strong></span> <span class='ocrx_word' id='word_1_790' title='bbox 3024 4758 3108 4807; x_wconf 85' lang='lat' dir='ltr'>aut</span> <span class='ocrx_word' id='word_1_791' title='bbox 3130 4754 3417 4819; x_wconf 68' lang='lat' dir='ltr'><strong>disciplinae,</strong></span> <span class='ocrx_word' id='word_1_792' title='bbox 3444 4749 3532 4802; x_wconf 83' lang='lat' dir='ltr'><strong>lieri</strong></span> <span class='ocrx_word' id='word_1_793' title='bbox 3562 4760 3637 4797; x_wconf 83' lang='lat' dir='ltr'>non</span> 
     </span>
     <span class='ocr_line' id='line_1_97' title="bbox 2120 4844 3639 4925; baseline -0.004 -14"><span class='ocrx_word' id='word_1_794' title='bbox 2120 4862 2307 4925; x_wconf 85' lang='lat' dir='ltr'><strong>poterat</strong></span> <span class='ocrx_word' id='word_1_795' title='bbox 2336 4861 2389 4911; x_wconf 90' lang='lat' dir='ltr'>ut</span> <span class='ocrx_word' id='word_1_796' title='bbox 2410 4857 2472 4909; x_wconf 88' lang='lat' dir='ltr'>ad</span> <span class='ocrx_word' id='word_1_797' title='bbox 2508 4861 2689 4910; x_wconf 65' lang='lat' dir='ltr'><strong>tanum</strong></span> <span class='ocrx_word' id='word_1_798' title='bbox 2722 4856 3082 4909; x_wconf 86' lang='lat' dir='ltr'><strong>similitudinem</strong></span> <span class='ocrx_word' id='word_1_799' title='bbox 3124 4856 3457 4920; x_wconf 77' lang='lat' dir='ltr'><strong>pervenissent·</strong></span> <span class='ocrx_word' id='word_1_800' title='bbox 3534 4844 3639 4909; x_wconf 81' lang='lat'>(²⁰7)</span> 
     </span>
     <span class='ocr_line' id='line_1_98' title="bbox 2120 4944 3636 5024; baseline -0.005 -15"><span class='ocrx_word' id='word_1_801' title='bbox 2120 4962 2355 5013; x_wconf 82' lang='lat' dir='ltr'><strong>Proeterea</strong></span> <span class='ocrx_word' id='word_1_802' title='bbox 2387 4976 2531 5013; x_wconf 86' lang='lat' dir='ltr'><strong>nemo</strong></span> <span class='ocrx_word' id='word_1_803' title='bbox 2554 4964 2772 5013; x_wconf 80' lang='lat' dir='ltr'><strong>vestrum</strong></span> <span class='ocrx_word' id='word_1_804' title='bbox 2811 4963 2887 5012; x_wconf 88' lang='lat' dir='ltr'>est</span> <span class='ocrx_word' id='word_1_805' title='bbox 2917 4960 3001 5024; x_wconf 86' lang='lat' dir='ltr'>qui</span> <span class='ocrx_word' id='word_1_806' title='bbox 3028 4972 3123 5010; x_wconf 89' lang='lat' dir='ltr'>non</span> <span class='ocrx_word' id='word_1_807' title='bbox 3156 4956 3332 5007; x_wconf 86' lang='lat' dir='ltr'><strong>multos</strong></span> <span class='ocrx_word' id='word_1_808' title='bbox 3359 4966 3421 5005; x_wconf 83' lang='lat' dir='ltr'>ex</span> <span class='ocrx_word' id='word_1_809' title='bbox 3444 4944 3636 5001; x_wconf 71' lang='lat' dir='ltr'><strong>condisci-</strong></span> 
     </span>
     <span class='ocr_line' id='line_1_99' title="bbox 2119 5044 3637 5127; baseline -0.001 -16"><span class='ocrx_word' id='word_1_810' title='bbox 2119 5062 2247 5125; x_wconf 85' lang='lat' dir='ltr'><strong>pulis</strong></span> <span class='ocrx_word' id='word_1_811' title='bbox 2264 5063 2510 5114; x_wconf 86' lang='lat' dir='ltr'><strong>nominare</strong></span> <span class='ocrx_word' id='word_1_812' title='bbox 2528 5064 2700 5127; x_wconf 81' lang='lat' dir='ltr'><strong>possit,</strong></span> <span class='ocrx_word' id='word_1_813' title='bbox 2720 5060 2803 5126; x_wconf 88' lang='lat' dir='ltr'>qui</span> <span class='ocrx_word' id='word_1_814' title='bbox 2818 5074 2968 5125; x_wconf 86' lang='lat' dir='ltr'><strong>quum</strong></span> <span class='ocrx_word' id='word_1_815' title='bbox 2980 5059 3111 5124; x_wconf 86' lang='lat' dir='ltr'><strong>pueri</strong></span> <span class='ocrx_word' id='word_1_816' title='bbox 3130 5059 3255 5109; x_wconf 89' lang='lat' dir='ltr'><strong>inter</strong></span> <span class='ocrx_word' id='word_1_817' title='bbox 3266 5052 3464 5118; x_wconf 64' lang='lat' dir='ltr'><strong>aequales</strong></span> <span class='ocrx_word' id='word_1_818' title='bbox 3474 5044 3637 5109; x_wconf 73' lang='lat' dir='ltr'><strong>ineptis-</strong></span> 
     </span>
    </p>
   </div>
   <div class='ocr_carea' id='block_1_6' title="bbox 458 5136 3635 5325">
    <p class='ocr_par' dir='ltr' id='par_1_7' title="bbox 458 5136 3635 5325">
     <span class='ocr_line' id='line_1_100' title="bbox 462 5136 3635 5230; baseline 0.002 -31"><span class='ocrx_word' id='word_1_819' title='bbox 462 5140 698 5202; x_wconf 85' lang='grc' dir='ltr'>θέστατοι</span> <span class='ocrx_word' id='word_1_820' title='bbox 726 5146 827 5203; x_wconf 89' lang='grc' dir='ltr'>τῶν</span> <span class='ocrx_word' id='word_1_821' title='bbox 865 5147 1158 5218; x_wconf 81' lang='grc' dir='ltr'>ἡλικιωτῶν</span> <span class='ocrx_word' id='word_1_822' title='bbox 1189 5144 1367 5213; x_wconf 80' lang='grc' dir='ltr'>ἔδοξαν</span> <span class='ocrx_word' id='word_1_823' title='bbox 1397 5136 1556 5221; x_wconf 71' lang='grc' dir='ltr'>εἶναι,</span> <span class='ocrx_word' id='word_1_824' title='bbox 1586 5148 1933 5230; x_wconf 71' lang='grc' dir='ltr'>πρεσὸύτεροι</span> <span class='ocrx_word' id='word_1_825' title='bbox 1971 5151 2027 5211; x_wconf 78' lang='grc' dir='ltr'>δὲ</span> <span class='ocrx_word' id='word_1_826' title='bbox 2116 5162 2225 5214; x_wconf 80' lang='lat' dir='ltr'><strong>simi</strong></span> <span class='ocrx_word' id='word_1_827' title='bbox 2251 5176 2359 5214; x_wconf 89' lang='lat' dir='ltr'><strong>esse</strong></span> <span class='ocrx_word' id='word_1_828' title='bbox 2372 5164 2667 5227; x_wconf 81' lang='lat' dir='ltr'><strong>viderentur,</strong></span> <span class='ocrx_word' id='word_1_829' title='bbox 2685 5162 2838 5213; x_wconf 87' lang='lat' dir='ltr'><strong>adulti</strong></span> <span class='ocrx_word' id='word_1_830' title='bbox 2856 5156 3181 5224; x_wconf 74' lang='lat' dir='ltr'><strong>injudicando</strong></span> <span class='ocrx_word' id='word_1_831' title='bbox 3196 5161 3248 5208; x_wconf 89' lang='lat' dir='ltr'>et</span> <span class='ocrx_word' id='word_1_832' title='bbox 3266 5151 3457 5205; x_wconf 87' lang='lat' dir='ltr'><strong>dicendo</strong></span> <span class='ocrx_word' id='word_1_833' title='bbox 3470 5145 3635 5200; x_wconf 63' lang='lat' dir='ltr'><strong>eosdem</strong></span> 
     </span>
     <span class='ocr_line' id='line_1_101' title="bbox 458 5230 3633 5325; baseline 0.003 -37"><span class='ocrx_word' id='word_1_834' title='bbox 458 5230 722 5310; x_wconf 83' lang='grc' dir='ltr'>γενόμενοι</span> <span class='ocrx_word' id='word_1_835' title='bbox 750 5232 905 5293; x_wconf 86' lang='grc' dir='ltr'>πλέον</span> <span class='ocrx_word' id='word_1_836' title='bbox 936 5234 1212 5314; x_wconf 75' lang='grc' dir='ltr'>διήνεγκαν</span> <span class='ocrx_word' id='word_1_837' title='bbox 1246 5234 1371 5315; x_wconf 82' lang='grc' dir='ltr'>πρὸς</span> <span class='ocrx_word' id='word_1_838' title='bbox 1404 5235 1462 5295; x_wconf 82' lang='grc' dir='ltr'>τὸ</span> <span class='ocrx_word' id='word_1_839' title='bbox 1499 5238 1700 5318; x_wconf 81' lang='grc' dir='ltr'>φρονεῖν</span> <span class='ocrx_word' id='word_1_840' title='bbox 1727 5238 1821 5298; x_wconf 79' lang='grc' dir='ltr'>καὶ</span> <span class='ocrx_word' id='word_1_841' title='bbox 1857 5238 2026 5321; x_wconf 86' lang='grc' dir='ltr'>λέγειν</span> <span class='ocrx_word' id='word_1_842' title='bbox 2114 5262 2296 5323; x_wconf 84' lang='lat' dir='ltr'><strong>majore</strong></span> <span class='ocrx_word' id='word_1_843' title='bbox 2312 5260 2568 5313; x_wconf 78' lang='lat' dir='ltr'><strong>intervallo</strong></span> <span class='ocrx_word' id='word_1_844' title='bbox 2591 5262 2857 5323; x_wconf 75' lang='lat' dir='ltr'><strong>anteirent,</strong></span> <span class='ocrx_word' id='word_1_845' title='bbox 2882 5272 3027 5325; x_wconf 80' lang='lat' dir='ltr'><strong>quam</strong></span> <span class='ocrx_word' id='word_1_846' title='bbox 3049 5256 3107 5307; x_wconf 88' lang='lat' dir='ltr'>ab</span> <span class='ocrx_word' id='word_1_847' title='bbox 3125 5256 3185 5306; x_wconf 89' lang='lat' dir='ltr'>iis</span> <span class='ocrx_word' id='word_1_848' title='bbox 3201 5252 3333 5319; x_wconf 85' lang='lat' dir='ltr'><strong>pueri</strong></span> <span class='ocrx_word' id='word_1_849' title='bbox 3346 5243 3633 5308; x_wconf 69' lang='lat' dir='ltr'><strong>relinqueban-</strong></span> 
     </span>
    </p>
   </div>
   <div class='ocr_carea' id='block_1_7' title="bbox 3764 1166 3771 2153">
    <p class='ocr_par' dir='ltr' id='par_1_8' title="bbox 3764 1166 3771 2153">
     <span class='ocr_line' id='line_1_102' title="bbox 3764 1166 3771 2153; baseline 0 0"><span class='ocrx_word' id='word_1_850' title='bbox 3764 1166 3771 2153; x_wconf 95' lang='lat' dir='ltr'> </span> 
     </span>
    </p>
   </div>
  </div>
 </body>
</html>
