3825 5842
69 460 73 471 ·
134 427 389 515 (ns—⁶³1)

952 420 1199 481 LYSIAE
1234 420 1355 481 ΟΒ.
1397 422 1501 482 DE
1541 420 1767 483 BONis
1812 424 2390 492 ARISTOPHANIS.

3142 443 3248 495 isi

132 546 431 636 Ἀριστοφάνης
452 540 505 603 δὲ
529 542 586 601 Οὖ
616 539 772 619 μόνον
794 542 895 599 τῶν
918 539 1083 617 ἷδίων,
1111 538 1249 599 ἀλλὰ
1266 539 1357 601 καὶ
1383 544 1488 601 τῶν
1510 561 1615 602 xor-
1706 544 1867 594 solum
1886 546 2076 609 negotia
2093 560 2210 610 sua,
2231 559 2404 597 verum
2421 548 2568 599 etiam
2601 549 2793 613 publica
2823 550 3154 604 administrare
3177 568 3265 604 vo·

130 648 203 704 νῶν
219 635 430 700 ἐὸούλετο
452 628 835 708 ἐπιμελεῖσθαι,
853 628 945 689 καὶ
964 628 1083 689 εἴτι
1102 620 1166 701 ἧν
1186 632 1328 711 αὐτῷ
1356 629 1615 713 ἀργύριον,

131 729 343 802 ἀνήλωσεν
377 720 629 792 ἐπιθυμῶν
662 721 935 793 τιμᾶσθαι.
1022 716 1112 798 (19)
1158 716 1427 779 Γνώσεσθε
1456 718 1511 777 δὲ
1538 716 1619 778 ὅτι

84 844 115 883 ,0
132 819 257 889 ἀληθῆ·
278 810 427 889 λέγω,
458 805 509 875 ἐξ
541 806 711 865 αὐτῶν
740 794 812 862 ῶν
840 808 1031 871 ἐκεῖνος
1066 802 1313 885 ἔπραττε.
1401 808 1617 886 Πρῶτον

132 906 199 985 μὲν
211 902 293 983 γὰρ
311 893 609 978 βουλομένου
625 892 861 959 Κόνωνος
877 891 1107 970 πέμπειν
1124 891 1243 951 τινὰ
1258 894 1328 961 εἰς
1348 892 1618 968 Σικελίαν,

130 994 256 1073 ὤχετο
273 984 478 1051 ὑποστὰς
500 981 634 1061 μετὰ
664 980 901 1059 Εὐνόμου
927 979 1019 1039 καὶ
1048 980 1244 1042 Λυσίου
1260 1026 1276 1053 ,
1306 982 1457 1063 φίλου
1480 981 1621 1049 ὄντος

131 1082 197 1141 καὶ
217 1077 360 1147 ξένου,
386 1073 443 1133 τὸ
466 1074 659 1142 πλῆθος
693 1070 755 1129 τὸ
791 1068 1036 1150 ὑμέτερον
1065 1070 1287 1129 πλεῖστα
1317 1068 1490 1149 ἀγαθὰ
1523 1092 1623 1130 πε-

132 1164 373 1241 ποιηκότος,
400 1164 467 1227 ὡς
493 1158 595 1236 ἐγὼ
624 1158 827 1229 ἀκήκοα
853 1161 957 1216 τῶν
984 1160 1039 1218 ἐν
1071 1160 1312 1238 Πειραιεῖ
1331 1181 1623 1239 παραγενο-

136 1259 277 1337 μένων.
351 1254 433 1331 (ao)
454 1242 633 1310 ’Ἦσαν
660 1246 707 1307 δ’
734 1246 936 1315 ἐλπίδες
960 1252 1053 1306 τοῦ
1076 1249 1209 1306 πλοῦ
1233 1255 1413 1307 πεῖσαι
1435 1246 1623 1307 Διονύ-

136 1368 215 1405 σιον
251 1336 479 1412 κηδεστὴν
532 1335 629 1413 μὲν
672 1334 909 1413 γενέσθαι
950 1333 1228 1416 Εὐαγόρᾳ,
1280 1334 1526 1412 πολέμιον
1570 1330 1623 1392 δὲ

132 1426 529 1506 Λακεδαιμονίοις,
584 1424 733 1505 φίλον
786 1423 841 1482 δὲ
895 1422 988 1483 καὶ
1037 1422 1326 1503 σύμμαχον
1362 1428 1429 1503 τῇ
1474 1422 1623 1482 πόλει

78 1546 111 1587 85
129 1525 177 1591 ιῆ
206 1515 419 1596 ὑμετέρᾳ.
498 1512 613 1574 Καὶ
655 1511 804 1571 ταῦτ’
845 1510 1099 1594 ἔπραττον
1135 1514 1345 1571 πολλῶν
1374 1510 1624 1571 κινδύνων

132 1585 410 1685 ὑπαρχόντων
466 1599 599 1680 πρὸς
650 1596 745 1670 τὴν
812 1598 1081 1657 θάλασσαν
1135 1598 1227 1657 καὶ
1268 1597 1385 1666 τοὺς
1469 1600 1626 1657 πολε-

134 1672 270 1769 μίους,
295 1688 385 1749 καὶ·
416 1686 629 1747 ἔπεισαν
659 1684 926 1747 Διονύσιον
962 1685 1038 1763 μὴ
1068 1685 1278 1768 πέμψαι
1317 1686 1541 1768 τριήρεις
1570 1684 1631 1752 ἃς

132 1782 217 1841 τότε
262 1775 677 1858 παρεσκευάσατο
726 1772 1171 1852 Λακεδαιμονίοις.
1256 1774 1341 1855 (21)
1373 1774 1526 1835 Μετὰ
1576 1771 1631 1832 δὲ

132 1876 259 1929 ταῦτα
275 1865 434 1937 ἐπειδὴ
456 1867 503 1923 οἱ
528 1862 776 1944 πρέσὸεις
800 1854 929 1935 ’ἧκον
954 1864 1013 1921 ἐκ
1036 1862 1255 1943 Κύπρου
1276 1863 1362 1923 ἐπὶ
1381 1863 1474 1935 τὴν
1503 1862 1625 1941 βοή·

130 1964 251 2030 θειαν,
286 1952 418 2014 οὐδὲν
455 1951 663 2011 ἐνέλιπε
693 1950 983 2033 προθυμίας
1028 1948 1282 2011 σπεύδων.
1366 1949 1550 2027 Ὑμεῖς
1577 1946 1631 2008 δὲ

131 2044 307 2123 τριήρεις
330 2044 489 2107 αὐτοῖς
519 2038 669 2099 ἔδοτε
690 2039 782 2098 καὶ
807 2028 981 2097 τᾶλλα
1004 2036 1331 2119 ἐψηφίσασθε
1346 2083 1361 2112 ,
1386 2036 1632 2119 ἀργυρίου

132 2134 167 2192 δ’
186 2134 242 2199 εἰς
260 2129 337 2191 τὸν
367 2128 655 2187 ἀπόστολον
682 2125 929 2206 ἠπόρουν.
1015 2125 1207 2204 Ὀλίγα
1238 2124 1333 2204 μὲν
1355 2124 1455 2207 γὰρ
1477 2118 1631 2199 ἦλθον

80 2242 117 2281 ιο
131 2221 289 2301 ἔχοντες
321 2217 594 2299 χρήματα,
626 2215 835 2274 πολλῶν
871 2212 927 2271 δὲ
960 2213 1405 2294 προσεδεήθησαν·
1444 2214 1503 2273 οὗ
1532 2212 1634 2294 γὰρ

131 2308 251 2387 μόνον
274 2308 335 2372 εἷς
354 2302 437 2371 τὰς
460 2308 586 2370 ναῦς
602 2346 623 2377 ,
657 2301 795 2361 ἀλλὰ
824 2302 915 2360 καὶ
951 2299 1248 2369 πελταστὰς
1275 2300 1634 2379 ἐμισθώσαντο

131 2398 199 2457 καὶ
212 2394 327 2454 ὅπλα
352 2390 611 2473 ἐπρίαντο.
700 2390 791 2469 (22)
811 2389 1179 2471 Ἀριστοφάνης
1203 2390 1249 2447 δ’
1273 2380 1361 2449 οὗν
1380 2392 1482 2449 τῶν
1501 2412 1635 2470 χρη-

133 2486 273 2566 μάτων
296 2483 355 2543 τὰ
380 2482 469 2561 μὲν
502 2483 735 2541 πλεῖστα
759 2472 907 2546 αὗτὸς
932 2478 1217 2559 παρέσχεν·
1246 2479 1425 2549 ἐπειδὴ
1454 2477 1510 2536 δὲ
1541 2480 1638 2555 οὐχ

131 2574 250 2635 ἱκανὰ
269 2564 345 2649 ἦν,
366 2569 478 2638 τοὺς
502 2569 687 2651 φίλους
714 2570 882 2627 ἔπειθε
908 2566 1143 2644 δεόμενος
1165 2566 1257 2625 καὶ
1280 2565 1602 2645 ἐγγυώμενος
1617 2610 1635 2644 ,

132 2662 199 2719 καὶ
234 2666 309 2719 τοῦ
352 2660 569 2739 ἀδελφοῦ
614 2661 707 2715 τοῦ
747 2654 1069 2735 ὁμοπατρίου
1121 2654 1469 2731 ἀποκειμένας
1513 2651 1636 2733 παρ’

132 2752 238 2829 αὐτῷ
262 2769 405 2806 τεσσα
438 2744 638 2804 άκοντα
656 2752 787 2817 μνᾶς
813 2742 978 2801 εἰπὼν
1001 2742 1387 2821 κατεχρήσατο.
1470 2740 1553 2819 Τῇ
1584 2736 1637 2797 δὲ

69 2836 362 2916 ΙΜπριπεραίᾳ
412 2898 423 2913 γ
482 2832 743 2911 ἀνήγετο,
779 2827 1023 2889 εἰσελθὼν
1062 2832 1133 2897 ὥς
1170 2829 1257 2889 τὸν
1299 2826 1505 2907 πατέρα
1548 2826 1637 2886 τὸν

131 2926 223 3003 ἐμὸν
254 2922 475 2984 ἐκέλευσε
512 2926 719 3002 χρῆσαι
762 2916 795 2977 ὅ
834 2941 885 2976 τι
928 2916 1009 2990 εἴη
1055 2915 1315 2998 ἀργύριον·
1396 2916 1639 2997 προσδεῖν

130 3014 205 3091 γὰρ
240 3012 325 3093 ἔφη
359 3010 482 3090 πρὸς
522 3008 620 3068 τὸν
670 3005 854 3085 μισθὸν
898 3010 1005 3073 τοῖς
1044 3006 1377 3071 πελτασταῖς.
1457 2994 1637 3063 τΗσαν

132 3102 166 3159 δ’
186 3101 289 3177 ἡμῖν
314 3098 443 3159 ἔνδον
468 3096 615 3157 ἑπτὰ
649 3096 793 3173 μναῖ·
822 3098 850 3153 ὁ
882 3093 938 3152 δὲ
966 3091 1057 3153 καὶ
1090 3090 1283 3159 ταύτας
1321 3088 1499 3150 λαὸὼν
1540 3112 1638 3148 κα-

134 3187 387 3268 τεχρήσατο.
472 3186 565 3267 (aa)
600 3183 735 3245 Τίνα
755 3182 857 3262 γὰρ
879 3180 1046 3240 οἴεσθε
1062 3225 1078 3255 ,
1100 3170 1143 3239 ‹T›
1168 3179 1348 3261 ἄνδρες
1370 3178 1642 3252 δικασταί,

132 3276 347 3357 φιλότιμον
372 3275 465 3353 μὲν
491 3274 625 3333 ὄντα
638 3320 655 3345 ,
684 3273 969 3329 ἐπιστολῶν
998 3270 1043 3328 δ’
1070 3270 1213 3349 αὐτῷ
1235 3270 1473 3339 ἡκουσῶν
1498 3265 1645 3348 παρὰ

88 3384 107 3424 ι
132 3370 197 3423 τοῦ
220 3363 391 3445 πατρὸς
419 3363 591 3441 μηδὲν
616 3358 901 3441 ἀπορήσειν
927 3360 987 3417 ἐκ
1022 3357 1238 3436 Κύπρου
1256 3402 1273 3434 ,
1300 3356 1559 3437 ᾑρημένον
1589 3353 1644 3413 δὲ

132 3450 401 3533 πρεσὸευι-ἡν
428 3450 521 3511 καὶ
552 3448 815 3529 μέλλοντα
842 3448 990 3507 πλεῖν
1015 3450 1083 3513 ὥς
1112 3443 1411 3526 Εὐαγόραν,
1440 3442 1645 3503 ὑπολεί-

130 3546 278 3599 πεσθαι
299 3539 355 3598 ἄν
380 3558 430 3598 τι
449 3542 559 3597 τῶν
584 3538 767 3611 ὄντων,
795 3535 912 3595 ἀλλ’
947 3536 1041 3593 οὐκ
1064 3536 1109 3593 εἷ
1132 3526 1195 3606 ἦν
1226 3532 1442 3600 δυνατὸς
1466 3530 1643 3591 πάντα

130 3628 421 3711 παρασχόντα
446 3614 778 3707 χαρίσασθαι
804 3622 984 3704 ἐκείνῳ
1005 3646 1061 3681 τε
1098 3623 1188 3679 καὶ
1222 3620 1540 3698 κομίσασθαι
1573 3620 1647 3697 μὴ

130 3718 317 3797 ἐλάττω;
344 3716 439 3785 Ὡς
463 3715 639 3775 τοίνυν
670 3715 818 3772 ταῦτ’
850 3712 989 3771 ἐστὶν
1012 3714 1208 3785 ἀληθῆ,
1232 3710 1382 3769 κάλει
1410 3732 1499 3789 μοι
1541 3696 1651 3770 Εὗ-

130 3828 270 3884 νομον.

700 3918 1046 3965 ΜΑΡΤΥΡΕΣ.

188 4076 247 4119 24.
286 4058 403 4117 Τῶν
428 4054 525 4134 μὲν
558 4049 837 4134 μαρτύρων
863 4047 1103 4121 ἀκούετε,
1130 4048 1187 4106 οὗ
1216 4046 1367 4124 μόνον
1390 4045 1471 4105 ὅτι
1496 4043 1656 4126 ἔχρη-

129 4167 205 4202 σαν
227 4143 409 4203 ἐκείνω
437 4141 709 4214 δεηθέντος
724 4184 741 4213 ,
765 4131 903 4197 ἀλλὰ
927 4136 1020 4195 καὶ
1046 4135 1125 4195 ὅτι
1146 4134 1513 4216 ἀπειλήφασιν·
1538 4137 1656 4194 ἐκο-

78 4256 105 4295 ιο
129 4230 257 4308 μίσθη
281 4230 377 4312 γὰρ
411 4232 593 4295 αὖτοῖς
620 4226 709 4287 ἐπὶ
732 4231 825 4299 τῆς
846 4224 1103 4307 τριήρους.

188 4318 377 4401 Ῥᾴδιον
401 4317 497 4397 μὲν
524 4310 617 4376 οὖν
646 4318 706 4375 ἐκ
728 4318 831 4373 τῶν
854 4312 1140 4394 εἰρημένων
1168 4316 1359 4391 γνῶναι
1388 4310 1468 4371 ὅτι
1489 4308 1655 4370 τοιού-

131 4430 209 4465 των
226 4411 409 4487 καιρῶν
433 4401 813 4484 συμπεσόντων
837 4398 1037 4469 οὓδενὸς
1060 4392 1123 4459 ἂν
1151 4399 1390 4481 ἐφείσατο
1416 4401 1518 4457 τῶν
1539 4401 1657 4457 ἑαυ-

131 4501 213 4553 τοῦ·
230 4496 256 4555 ὃ
272 4496 323 4555 δὲ
338 4495 589 4575 μέγιστον
600 4490 898 4571 τεκμήριον·
919 4491 1011 4568 (2ο)
1026 4490 1207 4567 Δῆμος
1219 4488 1319 4569 γὰρ
1334 4492 1362 4546 δ
1384 4486 1659 4567 Πυριλάμ-

134 4606 253 4657 πους,
276 4585 612 4665 τριηραρχῶν
640 4582 712 4647 εἷς
748 4578 985 4660 Κύπρον,
1011 4576 1194 4649 ἐδεήθη
1225 4600 1325 4653 μου
1353 4578 1653 4656 προσελθεῖν

137 4674 273 4753 αὐτῷ,
296 4672 457 4751 λέγων
500 4670 587 4729 ὅτι
613 4667 774 4728 ἔλαὸε
819 4663 1081 4745 σύμὸολον
1119 4664 1261 4746 παρὰ
1293 4665 1545 4744 βασιλέως
1570 4668 1661 4724 τοῦ

141 4759 329 4835 μεγάλου
358 4758 557 4842 φιάλην
593 4760 817 4838 χρυσῆν,
852 4761 922 4823 ὡς
948 4750 1320 4836 Ἀριστοφάνην
1354 4750 1535 4812 λαὸεῖν
1576 4756 1663 4811 ἑκ-

143 4849 315 4907 καίδεκα
358 4858 491 4927 μνᾶς
534 4849 619 4905 ἐπ’
669 4848 829 4924 αὐτῇ,
876 4843 938 4911 ἃς
979 4839 1093 4923 ἔχοι
1133 4840 1429 4901 ἀναλίσκειν
1463 4843 1536 4909 εἷς
1570 4840 1664 4909 τὰς

144 4936 457 5016 τριηραρχίας·
484 4932 671 5005 ἐπειδὴ
701 4932 755 4991 δὲ
783 4934 853 4999 εἰς
884 4930 1095 5013 Κύπρον
1122 4930 1389 5011 ἀφίκοιτο,
1417 4927 1665 4989 λύσεσθαι

94 5042 129 5079 1⁵
148 5023 325 5092 ἀποδοὺς
360 5022 530 5083 εἴκοσι
576 5030 723 5100 μνᾶς·
768 5022 975 5081 πολλῶν
1022 5020 1125 5100 γὰρ
1169 5022 1375 5098 ἀγαθῶν
1416 5016 1507 5076 καὶ
1553 5016 1663 5076 ἄλ-

1708 634 1826 693 luit,
1851 636 1901 683 et
1925 634 1968 683 si
1997 635 2116 698 quid
2145 636 2362 699 pecuniae
2391 639 2690 702 suppeteret,
2725 638 2778 688 id
2811 652 2954 690 omne
2976 643 3270 705 consumpsit

1709 712 1759 769 in
1782 721 2048 773 bonoribus
2069 723 2350 774 ambiendis.
2434 725 2534 788 (19)
2573 730 2642 776 Ea
2679 728 2844 777 autem
2881 741 2992 791 quae
3023 728 3132 778 dico
3157 742 3272 780 vcra

1710 822 1813 859 esse
1822 846 1837 873 ,
1856 811 2098 862 constabit
2115 826 2178 863 ex
2193 812 2252 862 iis
2272 825 2382 876 quae
2399 800 2480 864 ille
2496 814 2655 877 gessit.
2719 815 2934 865 Primum
2969 815 3099 866 enim
3116 831 3270 881 quum

1713 901 1882 948 conon
1900 899 2046 950 vellet
2068 901 2280 963 legatum
2307 902 2498 953 mittere
2522 902 2574 952 in
2594 902 2803 953 Siciliam
2816 940 2831 966 ,
2861 904 2944 954 ille
2972 918 3030 954 ea
3057 918 3112 955 re
3142 906 3272 957 ultro

1710 990 1958 1051 suscepta,
1981 990 2224 1053 profectus
2250 992 2325 1041 cst
2351 1004 2448 1041 una
2473 1004 2587 1041 cum
2607 995 2827 1042 Eunomo
2850 994 2902 1043 et
2931 994 3100 1056 Lysia,
3135 994 3273 1057 cuius

1711 1075 1920 1126 amicitia
1938 1078 1988 1126 et
2005 1077 2210 1140 hospitio
2227 1078 2471 1141 utebatur,
2491 1074 2540 1129 et
2559 1072 2643 1143 qui
2663 1080 2842 1143 optime
2859 1079 2920 1131 de
2935 1082 3114 1144 populo
3130 1082 3274 1133 Atbe·

1711 1163 1860 1213 niensi
1878 1164 2082 1215 meritus
2099 1166 2204 1216 erat
2218 1202 2234 1228 ,
2252 1166 2310 1216 ut
2333 1180 2395 1217 ex
2418 1166 2475 1217 iis
2491 1166 2655 1218 audivi
2677 1168 2832 1231 quiin
2857 1168 3037 1219 Piraeeo
3060 1171 3198 1219 erant
3224 1171 3274 1221 et
3325 1164 3334 1170 “

1714 1250 1803 1313 ipsi
1817 1251 1974 1314 agenti
1988 1252 2196 1303 adsuere.
2233 1255 2330 1318 (2ο)
2347 1258 2416 1303 Ea
2429 1256 2592 1304 autem
2605 1256 2768 1305 mente
2780 1254 2923 1318 legati
2939 1256 3272 1321 mittebantur,

1718 1340 1773 1388 ut
1799 1340 2079 1403 Dionysium
2113 1341 2426 1392 sollicitarent
2437 1343 2540 1393 tieri
2573 1343 2765 1393 affinem
2787 1346 3034 1407 Evagorae‚
3059 1344 3272 1399 Laced&

1715 1425 1889 1474 moniis
1905 1425 2092 1477 hostem
2107 1463 2124 1490 ,
2143 1428 2316 1477 vestrae
2333 1428 2608 1490 reipublicoe
2629 1430 2814 1479 socium
2831 1431 2881 1479 et
2897 1429 3124 1479 unicum.
3188 1432 3274 1482 At-

1716 1526 1812 1577 que
1825 1514 1932 1563 haec
1947 1514 2152 1577 agebant
2175 1528 2329 1578 quum
2349 1516 2500 1566 multa
2519 1516 2732 1580 pericula
2749 1519 2851 1569 tam
2867 1530 2895 1567 a
2913 1518 3036 1567 mari
3053 1506 3200 1582 quam
3214 1519 3278 1569 ab

1718 1602 1937 1652 hostibus
1950 1605 2108 1654 essent
2125 1590 2472 1669 exspectanda3
2496 1606 2546 1655 et
2563 1618 2594 1654 a
2611 1605 2842 1668 Dionysio
2861 1605 3181 1669 impetrarunt
3198 1607 3274 1657 uti

1718 1702 1865 1739 naves
1884 1702 2006 1753 quas
2025 1692 2142 1740 tunc
2161 1692 2474 1755 comparabat
2487 1728 2502 1754 ,
2527 1692 2904 1743 Lacedaemoniis
2936 1694 3150 1745 subsidio
3179 1708 3278 1747 non

1719 1778 1948 1828 mitteret.
2013 1778 2112 1841 (21)
2138 1781 2250 1830 Post
2270 1780 2404 1841 brec,
2429 1780 2514 1830 ubi
2543 1780 2743 1830 aderant
2764 1780 2908 1843 legati
2929 1794 2994 1831 ex
3019 1784 3178 1845 cypro
3217 1782 3279 1832 de

1720 1866 1911 1916 auxiliis
1933 1866 2272 1929 impetrandis,
2305 1867 2424 1918 nihil
2446 1868 2510 1918 de
2529 1867 2692 1918 studio
2714 1882 2803 1919 suo
2834 1868 3032 1920 remisit.
3095 1871 3281 1928 Quibus

1722 1954 1811 2004 etsi
1840 1967 1928 2005 vos
1949 1956 2260 2006 contuleratis
2289 1956 2508 2007 triremes
2537 1958 2588 2007 et
2615 1958 2710 2007 alia
2739 1957 3056 2009 decreveratis
3071 1958 3284 2009 maxime

1720 2042 2012 2105 neccssaria,
2028 2043 2246 2106 pecuniis
2277 2046 2440 2094 tamen
2461 2044 2679 2095 nonnihil
2697 2045 2972 2109 indigebant
2989 2046 3053 2095 ad
3082 2047 3282 2097 classem

1722 2129 2069 2181 deducendam.
2152 2134 2308 2182 Domo
2347 2132 2478 2183 enim
2515 2132 2735 2183 abierunt
2775 2133 3080 2184 mediocriter
3111 2134 3284 2197 opibus

1724 2218 1944 2269 instructi
1955 2255 1971 2281 ,
1995 2232 2053 2268 ac
2070 2219 2237 2269 multis
2253 2220 2447 2283 insuper
2468 2233 2590 2283 opus
2603 2222 2708 2271 erat
2735 2223 2790 2271 ut
2807 2235 2906 2271 non
2923 2221 3080 2272 solum
3104 2223 3279 2274 mllites

1724 2306 2014 2369 classiarios,
2033 2306 2116 2357 sed
2149 2308 2199 2357 et
2221 2307 2447 2369 peltastas
2468 2307 2791 2358 conducerent
2813 2310 2863 2359 et
2895 2321 3030 2359 arma
3050 2313 3282 2362 emerent.

1726 2394 1824 2459 (22)
1863 2394 2202 2458 Aristophanes
2239 2394 2386 2457 igitur
2423 2395 2688 2458 plurimam
2715 2396 2972 2459 pecuniam
3014 2397 3116 2461 ipse
3155 2412 3284 2462 prae-

1728 2490 1872 2551 stitit;
1896 2491 1949 2539 at
1971 2503 2123 2553 quum
2141 2490 2247 2539 haec
2265 2503 2364 2540 non
2377 2490 2646 2554 sufficeret,
2661 2491 2806 2541 aliam
2827 2492 2890 2542 ab
2909 2493 3073 2543 amicis
3088 2507 3286 2558 compa-

1734 2578 1862 2627 ravit
1884 2579 1935 2628 et
1961 2577 2184 2642 precibus
2202 2580 2252 2628 et
2281 2578 2642 2642 sponsionibus,
2667 2580 2718 2628 et
2738 2578 3053 2643 quadraginta
3082 2580 3225 2631 minis
3257 2594 3288 2631 a

1727 2674 1873 2723 fratre
1888 2686 2116 2736 germano
2146 2673 2275 2736 apud
2304 2686 2356 2725 se
2387 2672 2612 2737 depositis
2629 2686 2747 2724 usus
2763 2676 2835 2724 est
2845 2711 2862 2738 ,
2882 2675 3034 2739 ipsius
3053 2690 3288 2727 consensu

1727 2769 1839 2819 ante
1856 2769 2132 2831 impetrato.
2195 2766 2358 2817 Pridie
2373 2769 2540 2818 autem
2556 2781 2703 2831 quam
2737 2768 2946 2819 solveret
2961 2804 2976 2829 ,
3007 2769 3068 2819 ad
3103 2772 3288 2833 patrem

1728 2876 1893 2913 meum
1916 2863 2112 2913 veniens
2137 2862 2323 2925 rogavit
2341 2865 2578 2925 quantum
2595 2862 2796 2913 haberet
2825 2865 3042 2927 pecuniae
3063 2864 3156 2916 sibi
3177 2880 3292 2917 mu-

1728 2960 1815 3008 tuo
1840 2957 2008 3019 daret;
2050 2957 2349 3020 aliquantulo
2389 2957 2518 3007 enim
2539 2958 2700 3007 adbuc
2730 2971 2782 3009 se
2803 2972 2929 3021 opus
2961 2960 3140 3012 babere
3159 2963 3288 3025 quod

1728 3052 1944 3117 peltastis
1977 3052 2028 3101 in
2060 3052 2330 3102 mercedem
2365 3052 2516 3103 daret.
2593 3052 2740 3103 Nobis
2779 3054 2914 3105 intus
2953 3056 3092 3106 erant
3141 3056 3287 3109 minoe

1725 3148 1936 3211 septem,
1975 3147 2161 3211 quibus
2195 3147 2276 3197 ille
2311 3148 2523 3211 acceptis
2553 3161 2668 3199 usus
2699 3150 2792 3199 est.
2879 3149 2979 3213 (23)
3016 3154 3292 3210 Quamnam

1730 3242 1877 3304 enim,
1888 3240 2074 3303 judices
2086 3279 2101 3305 ,
2120 3240 2282 3291 virum
2299 3242 2348 3291 et
2361 3241 2517 3292 laudis
2529 3242 2758 3305 cupidum
2775 3244 2825 3293 et
2838 3245 3091 3296 certiorem
3112 3248 3295 3299 factum

1732 3335 1941 3398 paternis
1968 3334 2140 3385 litteris
2161 3346 2225 3384 ex
2261 3336 2420 3397 cypro
2451 3333 2540 3384 sibi
2564 3333 2844 3384 defuturum
2877 3336 3023 3399 nihil,
3053 3339 3103 3388 et
3136 3340 3314 3392 nomi-.

1731 3430 1899 3479 natum
1915 3429 2016 3490 jam
2030 3430 2241 3492 legatum
2255 3466 2270 3492 ‚
2291 3431 2341 3479 et
2359 3428 2418 3478 ad
2439 3432 2702 3492 Evagoram
2721 3429 3059 3493 navigaturum
3076 3470 3091 3496 ,
3107 3447 3282 3497 quam-

1734 3538 1847 3575 nam
1874 3538 2022 3588 opum
2050 3538 2250 3575 suarum
2275 3525 2462 3588 partem
2485 3524 2717 3575 intactam
2739 3525 3024 3578 relicturum
3045 3542 3148 3580 esse
3171 3520 3317 3581 arbi-⁴

1740 3620 1964 3670 tramini?
1987 3634 2048 3669 an
2067 3633 2163 3669 non
2182 3620 2363 3683 putatis
2398 3632 2511 3670 eum
2537 3633 2861 3684 quaecumque
2885 3621 3085 3673 haberet
3113 3624 3314 3697 exhau-¹

1743 3710 1933 3759 sturum
1949 3708 2092 3758 fuisse
2105 3744 2118 3768 ‚
2129 3710 2184 3757 ut
2197 3709 2264 3759 illi
2285 3709 2380 3771 re&
2407 3708 2679 3772 gratificans
2699 3708 2761 3757 ab
2774 3708 2943 3759 eodem
2961 3724 3060 3760 non
3072 3714 3299 3775 pauciora

1740 3798 1968 3849 referret?
1987 3800 2105 3849 Haec
2123 3799 2179 3849 ut
2192 3798 2442 3849 ostendam
2459 3811 2574 3848 vera
2593 3811 2714 3861 esse,
2735 3812 2857 3849 voca
2871 3800 2991 3851 mihi
3003 3806 3296 3857 Eunomum.

2401 3934 2640 3977 rusus.

1804 4058 1881 4105 24.
1918 4058 1994 4104 Ex
2027 4053 2232 4105 testibus
2255 4053 2505 4104 audivistis
2534 4053 2664 4118 quod
2688 4068 2788 4104 non
2822 4054 2979 4105 solum
3013 4056 3100 4107 illo
3130 4061 3302 4113 orante

1743 4144 1918 4193 mutuo
1930 4142 2241 4202 aesdederint,
2253 4141 2335 4192 sed
2349 4141 2478 4205 quod
2489 4142 2846 4193 dinumeratum
2855 4146 3123 4208 receperint
3138 4164 3154 4209 ;
3167 4161 3300 4200 nam·
3338 4212 3344 4221 ι

1743 4246 1840 4297 que
1862 4231 1912 4281 id
1947 4230 2009 4280 ad
2033 4231 2159 4294 ipsos
2186 4230 2387 4280 allatum
2411 4232 2484 4281 est
2510 4230 2560 4280 in
2589 4231 2774 4281 triremi
2799 4228 2976 4283 reduce
3006 4247 3068 4284 ex
3091 4238 3265 4299 cypro.

1806 4320 1965 4372 Facile
1982 4320 2056 4370 est
2073 4319 2218 4383 igitur
2247 4332 2309 4369 ex
2343 4319 2403 4369 iis
2425 4332 2536 4382 quae
2567 4318 2696 4369 dicta
2721 4322 2836 4369 sunt
2871 4321 3133 4385 intelligere
3171 4328 3320 4388 quod*

1743 4402 1825 4451 ille
1844 4401 1895 4450 in
1912 4400 2000 4450 tali
2020 4399 2250 4463 temporis
2273 4398 2480 4449 articulo
2511 4400 2610 4449 suis
2637 4397 2844 4451 fortunis
2884 4401 3162 4454 nullatenus
3197 4420 3304 4469 par·

1746 4492 1855 4529 cere
1894 4478 2140 4528 voluisset.
2224 4477 2379 4540 cuius
2407 4477 2479 4527 rei
2519 4478 2616 4527 hoc
2654 4478 2924 4529 maximum
2951 4482 3024 4531 est
3050 4494 3305 4545 argumen-

1747 4560 1869 4607 tum.
1961 4558 2058 4620 (25)
2097 4559 2280 4607 Demus
2321 4556 2478 4617 enim,
2518 4556 2800 4619 Pyrilampis
2835 4556 2994 4620 filius,
3038 4550 3224 4613 triremi
3255 4563 3307 4614 in

1748 4642 1964 4703 Cyprum
1997 4638 2290 4702 navigaturae
2319 4638 2578 4701 praefectus
2592 4674 2610 4701 ,
2661 4638 2847 4701 rogavit
2877 4652 2957 4689 me
2991 4642 3047 4689 ut
3088 4643 3152 4692 ad
3200 4646 3306 4697 Ari-

1748 4720 2028 4783 stophanem
2052 4720 2328 4769 accederem
2341 4756 2357 4781 ,
2391 4718 2553 4768 dicens
2575 4732 2627 4768 se
2646 4720 2885 4782 accepisse
2901 4721 3131 4771 tesseram
3154 4737 3183 4773 a
3200 4738 3307 4776 ma-

1749 4818 1841 4867 gno
1866 4817 1978 4867 rege
1998 4804 2208 4867 phialam
2239 4818 2461 4864 auream3
2481 4803 2605 4853 banc
2622 4816 2673 4853 se
2693 4804 2816 4853 veile
2841 4804 3146 4869 Aristophani
3169 4811 3306 4872 oppi-

1749 4896 1946 4946 gnerare
1974 4896 2063 4946 pro
2094 4883 2238 4933 minis
2261 4882 2471 4933 sedecim
2485 4920 2500 4943 ,
2535 4896 2658 4945 quas
2690 4883 2740 4931 in
2770 4896 2944 4932 navem
2976 4884 3307 4938 instruendam

1753 4962 2048 5024 impenderet
2077 4981 2090 5011 ι
2127 4961 2216 5011 has
2246 4974 2324 5023 se,
2357 4961 2443 5011 ubi
2481 4963 2696 5024 Cyprum
2733 4962 2966 5023 venisset,
3007 4964 3308 5030 soluturum,

1752 5040 2062 5090 dinumeratis
2077 5039 2220 5089 minis
2231 5038 2425 5102 viginti3
2441 5040 2618 5103 quippe
2629 5042 2825 5102 propter
2840 5041 3067 5090 tesseram
3085 5044 3312 5097 omnibus
3340 5066 3360 5083 ·-

146 5112 225 5169 λων
262 5113 345 5171 καὶ
380 5110 679 5195 χρημάτων
724 5108 1031 5191 Εὖπθρῆσεῑν
1071 5106 1158 5167 διὰ
1196 5106 1254 5166 τὸ
1313 5104 1575 5183 σῦμὸθλθν
1613 5109 1665 5166 ἓν
1752 5123 1893 5177 bonis
1908 5128 1958 5176 et
1976 5126 2186 5177 rebusin
2205 5127 2308 5176 tota
2333 5126 2445 5177 Asia
2466 5138 2520 5175 se
2543 5125 2919 5176 abundaturum.
3007 5127 3106 5190 (26)
3134 5130 3312 5179 Aristo·

149 5200 263 5281 πείσῃ
278 5205 339 5281 τῇ
364 5198 591 5281 ἠπείρῳ.
638 5198 729 5279 (aa)
758 5195 1126 5279 Ἀριστοφάνης
1147 5193 1314 5255 τοίνυν
1340 5194 1541 5254 ἀκούων
1568 5194 1662 5271 μὲν
1706 5242 1716 5259 ,
1758 5205 1937 5268 phauae
1957 5205 2121 5267 igitur,
2143 5204 2218 5254 his
2237 5217 2299 5254 ex
2322 5206 2476 5255 Demo
2498 5202 2698 5267 auditis,
2727 5203 2947 5288 quamvis
2970 5206 3172 5259 Demum
3204 5218 3290 5272 pre
