3825 5842
1441 415 1883 478 ΑΝΔΟΚΙΔΟΥ
1926 415 1975 476 Ο
2020 417 2203 480 ΠΕΡΙ
2244 418 2407 479 ΤΩΝ
2448 418 2926 485 ΜΥΣΤΒΡῙΩΝ.

3518 412 3706 491 ‹as—³1)

485 568 540 611 ³⁰
565 548 628 608 ἂν
665 524 758 611 καὶ
804 554 958 609 τοῦτο
985 541 1204 610 ἐἵλοντο
1217 592 1236 622 ,
1273 547 1330 608 τὸ
1371 551 1466 620 ζῆν
1509 549 1630 629 περὶ
1683 548 1916 617 πλείονος
1962 573 2114 623 ποιη·
2209 559 2419 611 indicina
2438 575 2469 612 a
2484 576 2565 613 me
2584 562 2711 614 facta
2726 564 2949 629 improba
2964 564 3157 629 baberi3
3176 579 3453 632 quanquam
3466 570 3537 621 vel
3550 572 3609 623 sic
3622 574 3718 625 baud

562 637 782 717 σάμενοι
801 644 890 699 τοῦ
936 641 1108 707 καλῶς
1130 640 1406 697 ἀποθανεῖν
1429 660 1442 674 ·
1531 638 1622 717 (ss)
1666 638 1796 698 ὅπου
1833 637 1890 699 δὲ
1920 638 2115 697 τούτων

557 724 618 785 τὸ
645 724 1015 787 ἕναντιώτατον
1050 720 1113 799 ἦν
1125 770 1142 797 ,
1185 724 1510 797 σιωπήσαντι
1553 724 1648 804 μὲν
1677 728 1820 808 αὐτῷ
1849 750 1906 785 τε
1941 725 2118 806 αἴσχι-

558 836 658 873 στα
690 813 977 875 ἀπολέσθαι
1012 812 1173 893 μηδὲν
1203 813 1521 888 ἀσεὸήσαντι
1541 859 1558 888 ,
1597 813 1673 873 ἔτι
1701 814 1758 874 δὲ
1793 812 1880 874 τὸν
1913 813 2117 897 πατέρα

557 902 802 983 περιιδεῖν
827 902 1146 980 ἀπολόμενον
1176 902 1267 963 καὶ
1295 902 1382 962 τὸν
1427 903 1684 975 κηδεστὴν
1717 902 1808 964 καὶ
1842 901 1961 970 τοὺς
1990 927 2117 982 συγ-

557 990 720 1068 γενεῖς
757 988 847 1049 καὶ
884 990 1120 1072 ἀνεψιοὺς
1145 989 1448 1068 τοσούτους,
1477 990 1562 1059 οὓς
1589 990 1753 1059 οὐδεὶς
1779 990 2051 1051 ἀπώλλυεν
2080 990 2117 1065 ἢ

557 1074 662 1154 ἐγὼ
701 1076 777 1155 μὴ
819 1075 978 1138 εἰπὼν
1013 1082 1084 1148 ὡς
1121 1078 1288 1161 ἕτεροι
1323 1078 1590 1161 ἥμαρτον·
1673 1080 1980 1152 Διοκλείδης
2019 1078 2114 1157 μὲν
2168 1122 2170 1125 <

471 1181 524 1221 as
555 1165 656 1247 γὰρ
673 1166 996 1248 ψευσάμενος
1016 1167 1196 1239 ἔδησεν
1221 1166 1437 1247 αὐτούς,
1461 1168 1694 1249 σωτηρία
1710 1166 1766 1229 δὲ
1784 1170 1957 1229 αὐτῶν
1980 1168 2115 1241 ἄλλη

557 1254 774 1332 οὐδεμία
791 1247 854 1328 ἦν
874 1255 910 1328 ἢ
925 1255 1176 1317 πυθέσθαι
1200 1256 1494 1331 Ἀθηναίους
1512 1258 1688 1317 πάντα
1706 1257 1774 1317 τὰ
1795 1256 2115 1340 πραχθέντα·

519 1390 526 1397 .
555 1342 732 1424 φονεὺς
745 1335 832 1405 οὗν
852 1348 1022 1405 αὐτῶν
1041 1346 1285 1425 ἐγινόμην
1301 1345 1405 1426 ἐγὼ
1420 1346 1496 1424 μὴ
1516 1345 1679 1407 εἰπὼν
1699 1350 1820 1423 ὑμῖν
1837 1346 1872 1405 ἃ
1890 1346 2111 1419 ἤκουσα.

555 1427 678 1496 Ἔτι
705 1431 760 1493 δὲ
785 1434 1108 1514 τριακοσίους
1131 1434 1416 1508 Ἀθηναίων
1442 1434 1750 1509 ἀπώλλυον,
1777 1434 1868 1494 καὶ
1895 1440 1931 1507 ἡ
1968 1434 2115 1503 πόλις

555 1524 610 1581 ἐν
625 1522 806 1589 κακοῖς
826 1526 936 1589 τοῖς
961 1522 1226 1599 μεγίστοις
1251 1522 1466 1601 ἐγίνετο.
1551 1522 1644 1603 (se)
1681 1526 1871 1583 Ταῦτα
1899 1522 1997 1600 μὲν
2020 1518 2107 1584 οὖν

553 1600 618 1681 ἦν
636 1613 764 1685 ἐμοῦ
798 1608 874 1687 μὴ
899 1610 1156 1677 εἰπόντος·
1212 1610 1376 1671 εἰπὼν
1403 1609 1460 1672 δὲ
1481 1609 1550 1669 τὰ
1575 1610 1700 1671 ὄντα
1721 1610 1872 1681 αὐτός
1895 1636 1954 1673 τε
1984 1614 2115 1672 ἐσω-

555 1696 718 1775 ζόμην
745 1699 835 1760 καὶ
857 1697 944 1759 τὸν
969 1698 1172 1781 πατέρα
1207 1699 1398 1769 ἔσωζον
1425 1700 1518 1761 καὶ
1543 1698 1659 1769 τοὺς
1697 1700 1888 1769 ἄλλους
1924 1724 2115 1780 συγγε-

553 1794 684 1859 νεῖς,
715 1786 805 1846 καὶ
839 1786 932 1858 τὴν
954 1786 1104 1847 πόλιν
1139 1790 1197 1847 ἐκ
1222 1787 1386 1871 φόὸου
1406 1788 1498 1847 καὶ
1516 1792 1692 1849 κακῶν
1719 1792 1822 1849 τῶν
1852 1789 2114 1869 μεγίστων

478 1889 534 1930 so
555 1873 914 1946 ἀπήλλαττον.
1003 1876 1249 1954 Φυγάδες
1295 1876 1351 1937 δὲ
1399 1878 1464 1937 δι’
1507 1876 1600 1955 ἐμὲ
1641 1878 1882 1959 τέτταρες
1937 1879 2117 1961 ἄνδρες

555 1962 778 2040 ἐγίνοντο
791 2009 808 2037 ,
831 1964 980 2045 οἵπερ
1011 1964 1104 2024 καὶ
1134 1965 1371 2047 ἥμαρτον
1385 1984 1402 2002 ·
1483 1970 1590 2027 τῶν
1611 1967 1660 2027 δ’
1686 1967 1885 2042 ἄλλων,
1908 1966 1961 2027 οἳ
1984 1968 2113 2050 πρό·

552 2074 700 2132 τερον
721 2050 824 2111 ὑπὸ
837 2052 1071 2134 Τεύκρου
1087 2051 1443 2130 ἐμηνύθησαν,
1463 2054 1581 2115 οὐτε
1603 2053 1770 2127 δήπου
1784 2056 1832 2114 οἱ
1843 2058 2115 2123 τεθνεῶτες

551 2140 620 2199 δι’
654 2140 748 2219 ἐμὲ
775 2142 976 2220 μᾶλλον
1021 2142 1298 2204 ἐτέθνασαν
1335 2142 1452 2206 οὔτε
1504 2147 1552 2206 οἱ
1598 2144 1867 2227 φεύγοντες
1909 2147 2112 2223 μᾶλλον

551 2228 784 2310 ἴφευγον.
868 2232 956 2310 (60)
997 2233 1184 2292 Ταῦτα
1220 2230 1274 2293 δὲ
1305 2232 1478 2293 πάντα
1515 2237 1724 2294 σκοπῶν
1763 2232 2027 2317 εὕρισκον,
2070 2225 2115 2295 ὦ

551 2316 728 2398 ἄνδρες
744 2364 762 2397 ,
815 2321 916 2379 τῶν
955 2319 1226 2401 παρόντων
1253 2325 1431 2382 κακῶν
1460 2329 1624 2383 ταῦτα
1653 2322 1906 2405 ἐλάχιστα
1947 2314 2077 2385 εἶναι
2094 2370 2111 2403 ,

549 2407 712 2466 εἰπεῖν
740 2407 805 2466 τὰ
832 2406 1082 2487 γενόμενα
1103 2416 1172 2479 ὡς
1198 2408 1426 2491 τάχιστα
1458 2411 1549 2471 καὶ
1571 2411 1776 2492 ἐλέγξαι
1799 2413 2108 2487 Διοκλείδην

549 2494 900 2575 ψευσάμενον,
939 2496 1030 2557 καὶ
1080 2500 1481 2581 τιμωρήσασθαι
1518 2502 1708 2562 ἐκεῖνον
1750 2500 1804 2571 ὃς
1829 2506 1971 2581 ἡμᾶς
2014 2501 2109 2579 μὲν

477 2588 511 2639 9
550 2581 824 2641 ἀπώλλυεν
871 2582 1095 2658 ἀδίκως,
1136 2585 1232 2657 τὴν
1275 2585 1332 2647 δὲ
1357 2586 1507 2647 πόλιν
1541 2587 1774 2660 ἐξηπάτα
1793 2634 1810 2663 ,
1861 2595 2028 2649 ταῦτα
2058 2589 2111 2649 δὲ

550 2673 712 2729 ποιῶν
751 2670 992 2750 μέγιστος
1041 2674 1310 2756 εὐεργέτης
1348 2674 1515 2737 ἐδόκει
1555 2668 1687 2737 εἶναι
1730 2678 1823 2739 καὶ
1855 2679 2109 2761 χρήματα

549 2758 836 2837 ἑλοίμὸανε.
925 2762 1017 2840 (οι)
1048 2761 1152 2825 Διὰ
1173 2770 1340 2826 ταῦτα
1369 2756 1513 2827 εἶπον
1539 2772 1604 2849 τῇ
1633 2769 1794 2849 βουλῇ
1823 2767 1901 2828 ὅτι
1922 2769 2109 2845 εἰδείην

547 2846 664 2916 τοὺς
693 2848 1043 2925 ποιήσαντας,
1071 2851 1161 2912 καὶ
1185 2851 1431 2932 ἐξήλεγξα
1453 2854 1521 2914 τὰ
1540 2855 1793 2935 γενόμενα
1816 2902 1835 2935 ,
1864 2857 1945 2917 ὅτι
1966 2861 2111 2933 εἰση-

547 2934 750 3015 γήσατο
783 2935 877 3016 μὲν
905 2939 1154 3001 πινόντων
1185 2945 1334 3020 ἡμῶν
1371 2942 1564 3017 ταύτην
1595 2944 1691 3018 τὴν
1721 2946 1912 3026 βουλὴν
1942 2948 2109 3030 Εὐφί·

546 3027 726 3101 λητος,
755 3028 993 3088 ἀντεῖπον
1035 3030 1092 3089 δὲ
1135 3027 1240 3109 ἐγώ
1263 3078 1280 3108 ,
1319 3031 1410 3093 καὶ
1441 3032 1558 3095 τότε
1588 3034 1684 3112 μὲν
1723 3036 1783 3095 οὐ
1811 3034 2012 3117 γένοιτο
2040 3039 2108 3099 δι’

477 3128 504 3167 s
545 3114 640 3191 ἐμέ
657 3159 674 3188 ,
703 3114 912 3196 ὕστερον
955 3118 999 3175 δ’
1024 3115 1129 3195 ἐγὼ
1158 3117 1252 3197 μὲν
1275 3122 1329 3179 ἐν
1359 3123 1686 3203 Κυνοσάργει
1731 3122 1820 3183 ἐπὶ
1851 3126 2048 3187 πωλίον
2071 3127 2105 3185 ὅ

545 3224 636 3279 μοι
679 3196 743 3275 ἦν
781 3203 979 3272 ἄναὸὰς
1023 3205 1208 3265 ἔπεσον
1253 3208 1348 3267 καὶ
1375 3208 1472 3281 τὴν
1509 3212 1650 3269 κλεῖν
1683 3212 1990 3291 συνετρίὸην
2017 3213 2107 3274 καὶ

543 3288 639 3361 τὴν
673 3290 907 3372 κεφαλὴν
931 3292 1197 3373 κατεάγην
1214 3339 1231 3371 ,
1255 3296 1532 3377 φερόμενός
1557 3321 1613 3356 τε
1647 3296 1736 3357 ἐπὶ
1769 3300 1947 3372 κλίνης
1970 3304 2107 3362 ἀπε-

542 3376 796 3453 κομίσθην
844 3378 1022 3440 οἴκαδε
1039 3404 1054 3419 ·
1111 3381 1205 3459 (62)
1253 3384 1554 3460 αἰσθόμενος
1581 3384 1645 3443 «δ’
1701 3385 1993 3467 Εὐφίλητος
2036 3393 2105 3459 ὥς

542 3464 748 3545 ἔχοιμι,
787 3465 927 3547 λέγει
949 3467 1078 3549 πρὸς
1103 3468 1289 3537 αὐτοὺς
1329 3470 1407 3531 ὅτι
1433 3471 1725 3551 πέπεισμαι
1765 3479 1932 3534 ταῦτα
1963 3499 2102 3557 συμ-

541 3560 706 3612 ποιεῖν
751 3553 842 3613 καὶ
882 3556 1202 3635 ὡμολόγηκα
1239 3560 1381 3641 αὐτῷ
1425 3560 1652 3639 μεθέξειν
1689 3569 1780 3623 τοῦ
1819 3562 1972 3645 ἔργου
2014 3569 2103 3628 καὶ

541 3642 842 3725 περικόψειν
889 3643 974 3703 τὸν
1023 3645 1228 3729 Ἑρμῆν
1279 3648 1366 3708 τὸν
1423 3650 1568 3731 παρὰ
1614 3650 1674 3711 τὸ
1721 3652 2098 3734 Φορὸαντεῖον.

505 3748 510 3753 “
537 3732 727 3791 Ταῦτα
761 3733 808 3790 δ’
841 3732 1014 3814 ἔλεγεν
1063 3734 1334 3805 ἐξαπατῶν
1363 3739 1614 3807 ἐκείνους·
1698 3742 1788 3801 καὶ
1817 3742 1902 3803 διὰ
1932 3752 2099 3805 ταῦτα

461 3837 512 3877 10
538 3822 566 3878 δ
593 3816 796 3901 Ἑρμῆς
815 3819 874 3881 ὃν
896 3825 1048 3903 ὁρᾶτε
1070 3824 1291 3903 πάντες,
1317 3830 1346 3885 ὃ
1374 3826 1518 3909 παρὰ
1533 3828 1627 3902 τὴν
1655 3831 1906 3913 πατρῴαν
1932 3834 2097 3895 οἰκίαν

534 3902 629 3980 τὴν
662 3908 954 3993 ἡμετέραν,
981 3911 1038 3973 ὃν
1087 3919 1122 3986 ἡ
1161 3916 1348 3995 Αἷγηὶς
1381 3916 1660 3994 ἀνέθηκεν,
1694 3924 1752 3981 οὐ
1780 3924 2097 4005 περιεκόπη,

533 3997 687 4075 μόνος
707 4003 810 4061 τῶν
837 4000 1049 4082 Ἑρμῶν
1069 4008 1170 4065 τῶν
1201 4004 1473 4081 Ἀθήνησιν
1489 4054 1506 4083 ,
1533 4014 1603 4078 ὡς
1621 4014 1748 4089 ἐμοῦ
1772 4017 1927 4073 τοῦτο
1944 4017 2095 4091 ποιή·

533 4109 747 4165 σαντος,
803 4094 872 4159 ὥς
899 4090 998 4174 ἔφη
1032 4093 1160 4175 πρὸς
1209 4094 1392 4165 αὐτοὺς
1426 4096 1736 4180 Εὐφίλητος.
1821 4101 1909 4184 (aa)
1941 4107 2012 4165 oi
2049 4106 2096 4166 δ’

533 4178 830 4256 αἰσθόμενοι
869 4179 1012 4240 δεινὰ
1053 4182 1256 4243 ἐποίουν
1285 4184 1366 4244 ὅτι
1388 4186 1578 4260 εἰδείην
1609 4186 1704 4266 μὲν
1733 4188 1793 4249 τὸ
1837 4202 2057 4273 πρᾶγμα
2075 4241 2091 4271 ,

531 4264 826 4335 πεποιηκὼς
841 4264 897 4325 δὲ
918 4270 1014 4327 οὐκ
1036 4269 1164 4343 εἴην.
1249 4275 1629 4353 Προσελθόντες
1655 4276 1713 4337 δέ
1735 4303 1824 4357 μοι
1851 4286 1915 4360 τῇ
1938 4287 2091 4344 ὑστε·

535 4350 657 4460 ραία
687 4351 932 4425 Μέλητος
961 4356 1052 4415 καὶ
1077 4362 1369 4441 Εὐφίλητος
1397 4364 1574 4443 ἔλεγον
1599 4366 1678 4425 ὅτι
1723 4394 1748 4421 α
1776 4372 2091 4449 Γεγένηται,

531 4462 576 4496 ω
611 4436 905 4515 Ἀνδοκίδη,
925 4442 1016 4502 καὶ
1043 4446 1345 4529 πέπρακται
1373 4452 1497 4527 ἡμῖν
1527 4458 1715 4515 ταῦτα.
1804 4458 1883 4518 Σὺ
1916 4463 2091 4538 μέντοι

457 4541 504 4581 16
532 4526 695 4604 εἰμὲν
725 4527 882 4598 ἀξιοῖς
930 4533 1156 4613 ἡσυχίαν
1202 4535 1341 4616 ἔχειν
1391 4539 1481 4597 καὶ
1515 4550 1749 4617 σιωπᾶν,
1779 4543 1905 4615 ἔξεις
1952 4552 2091 4627 ἡμᾶς

532 4616 850 4689 ἐπιτηδείους
872 4618 1049 4702 ὥσπερ
1067 4624 1158 4682 καὶ
1185 4624 1433 4707 πρότερον
1453 4646 1467 4661 ·
1553 4632 1597 4688 εἰ
1622 4630 1676 4691 δὲ
1711 4634 1816 4712 μή,
1851 4638 2092 4715 χαλεπώ-

529 4702 672 4783 τεροί
696 4725 780 4763 σοι
821 4710 966 4783 ἡμεῖς
995 4709 1168 4789 ἐχθροὶ
1198 4712 1421 4789 ἐσόμεθα
1443 4714 1477 4788 ἢ
1526 4715 1676 4777 ἄλλοι
1703 4720 1834 4790 τινὲς
1857 4721 1927 4781 δι’
1950 4726 2089 4802 ἡμᾶς

530 4790 688 4872 φίλοι.
717 4818 744 4845 ι
829 4796 916 4872 (οι)
943 4786 1108 4855 Εἶπον
1150 4801 1325 4869 αὐτοῖς
1365 4800 1447 4862 δ’τι
1484 4806 1746 4885 νομίζοιμι
1774 4809 1868 4888 μὲν
1903 4810 1989 4871 διὰ
2030 4814 2089 4874 τὸ

530 4888 751 4960 πρᾶγμα
789 4883 1084 4964 Εὐφίλητον
1107 4888 1330 4971 πονηρὸν
1368 4882 1525 4967 εἶναι,
1553 4895 1762 4965 ἐκείνοις
1793 4898 1846 4958 δὲ
1871 4900 1965 4960 οὐκ
1992 4903 2085 4981 ἐμὲ

529 4968 691 5027 δεινὸν
711 4960 864 5043 εἶναι,
879 4970 957 5031 ὅτι
968 4964 1101 5049 οἶδα,
1122 4976 1259 5037 ἀλλὰ
1278 4982 1477 5056 μᾶλλον
1497 4984 1623 5044 αὐτὸ
1637 4985 1695 5045 τὸ
1715 4986 1860 5067 ἔργον
1875 4991 2057 5073 πολλῷ
2071 5042 2085 5069 ,

526 5054 605 5115 ὅτι
629 5058 926 5133 πεποίηται.
1011 5060 1109 5131 Ὡς
1129 5055 1216 5124 οὐν
1234 5057 1298 5139 ἦν
1317 5070 1462 5129 ταῦτ’
1497 5074 1695 5148 ἀληθῆ,
1723 5076 1810 5136 τόν
1839 5102 1895 5138 τε
1919 5082 2084 5141 παῖδα

444 5158 500 5201 20
527 5144 613 5204 τὸν
636 5144 760 5226 ἐμὸν
787 5148 1069 5233 παρέδωκα
1114 5153 1429 5237 βασανίσαι,
1473 5160 1552 5220 ὅτι
1593 5162 1816 5243 ἔκαμνον
1845 5168 1937 5226 καὶ
1978 5170 2085 5229 οὐδ’

529 5236 821 5315 ἀνιστάμην
842 5242 901 5301 ἐκ
927 5244 1020 5315 τῆς
1051 5242 1258 5322 κλίνης,
1289 5245 1379 5306 καὶ
1422 5248 1514 5318 τὰς
1539 5255 1854 5325 θεραπαίνας
1889 5256 2077 5321 ἔλαὸον

2203 641 2341 704 pauci
2355 642 2502 693 vitam
2518 643 2766 707 ingloriam
2778 646 2929 697 morti
2944 648 3193 710 praeclarae
3205 650 3541 713 praeferendam
3558 668 3645 707 ense
3658 656 3719 705 du-

2207 726 2333 775 cturi
2350 726 2549 777 fuissent
2570 747 2583 778 z
2608 728 2705 791 (58)
2723 743 2899 781 verum
2912 730 3077 781 omnia
3094 734 3265 785 contra
3278 739 3441 799 erant;
3460 750 3569 787 nam
3584 740 3618 789 si
3630 742 3720 791 tace-

2207 820 2329 871 rem,
2361 822 2551 861 summa
2582 823 2697 861 cum
2720 810 2919 863 infamia
2944 814 3065 865 mibi
3090 815 3194 865 erat
3220 816 3545 881 moriendum,
3575 820 3721 869 mmetsi

2204 890 2323 941 nihil
2337 891 2471 955 impii
2489 894 2862 957 commisissem;
2890 908 2982 946 nec
2998 896 3233 963 impedire
3249 900 3463 963 poteram
3479 937 3493 959 ,
3510 904 3721 965 quominus

2206 972 2339 1035 pater
2350 973 2529 1037 periret
2539 975 2597 1037 ,et
2622 976 2799 1027 sororis
2814 979 3019 1030 maritus
3036 982 3087 1029 et
3104 979 3277 1045 reliqui
3296 982 3487 1045 cognati
3509 985 3555 1033 et
3576 986 3639 1033 tot
3654 998 3720 1033 uu-

2206 1069 2339 1106 mero
2361 1058 2631 1108 consobrini
2643 1095 2659 1122 ,
2694 1073 2819 1123 quos
2843 1073 2970 1111 unus
3005 1073 3093 1123 ego
3120 1061 3545 1125 pessumdedissem
3576 1065 3721 1117 silentio

2203 1152 2315 1189 meo
2326 1140 2483 1192 aliena
2494 1142 2695 1193 crimina
2706 1144 2904 1195 celante.
2936 1148 3071 1203 Quos
3084 1144 3215 1195 enim
3228 1144 3455 1197 Dioclidis
3466 1147 3721 1201 menmium

2204 1222 2255 1273 in
2272 1236 2514 1275 carcerem
2532 1225 2803 1287 conjecerat
2814 1263 2830 1290 ,
2856 1240 2939 1277 eos
2951 1226 3184 1278 liberandi
3206 1228 3341 1279 nulla
3364 1230 3556 1293 patebat
3576 1233 3642 1281 via
3655 1233 3721 1283 nisi

2204 1310 2339 1373 haec,
2364 1310 2421 1359 ut
2440 1310 2753 1361 Athenienses
2768 1312 2925 1362 totam
2944 1326 3048 1363 rem
3068 1313 3126 1362 ut
3148 1326 3263 1364 vere
3280 1316 3413 1377 gesta
3430 1316 3587 1367 luisset
3603 1330 3722 1369 exme

2202 1394 2521 1459 intelligerent
2554 1416 2567 1445 ε
2605 1396 2776 1459 quodsi
2820 1410 2961 1461 ergo,
2998 1412 3109 1463 quas
3136 1401 3387 1462 comperta
3420 1402 3650 1463 haberem,
3682 1417 3722 1453 α

2204 1478 2495 1529 retinuissem
2508 1516 2523 1541 ,
2550 1480 2707 1530 factus
2730 1479 2925 1531 inissem
2958 1480 3259 1547 illorumque
3282 1484 3525 1537 homicish
3538 1523 3552 1547 ,
3580 1491 3625 1538 et
3649 1490 3720 1539 tre-

2202 1561 2454 1611 centorum
2482 1564 2717 1626 praeterea
2735 1562 2921 1613 civium
2938 1566 3304 1617 Atheniensium
3317 1603 3332 1629 ,
3360 1569 3415 1619 et
3435 1570 3597 1621 civitas
3620 1572 3723 1621 mal‘s

2200 1653 2357 1691 mersa
2388 1641 2552 1693 fuisset
2581 1642 2821 1694 maximis.
2890 1645 2991 1710 (59)
3027 1648 3147 1697 Haee
3179 1648 3477 1714 evenissent,
3512 1651 3549 1701 si
3585 1653 3722 1702 ncub-
3772 1710 3775 1727 ι

2200 1738 2302 1777 sem
2323 1746 2338 1776 ε
2360 1727 2643 1791 exponendo
2676 1730 2843 1779 autem
2864 1742 2969 1780 rem
2986 1731 3316 1794 consequebar
3338 1734 3398 1783 ut
3422 1736 3471 1786 et
3490 1736 3583 1799 ipse
3600 1737 3723 1787 salvus

2202 1808 2410 1872 abirem,
2444 1811 2493 1861 et
2514 1809 2639 1873 patri
2669 1810 2875 1861 salutem
2904 1810 3157 1864 redderem
3175 1815 3722 1881 ceterisqnenecessmiis,

2202 1894 2253 1943 et
2269 1893 2515 1945 civitatem
2526 1894 2797 1945 terroribus
2811 1895 3049 1960 malisque
3062 1898 3323 1951 teterrimis
3343 1903 3590 1965 eriperem.
3614 1906 3723 1963 Quat·

2202 1980 2315 2029 tuor
2346 1979 2509 2029 sutem
2546 1979 2637 2029 viri
2655 2015 2671 2042 ,
2706 1981 2883 2044 quibus
2924 1994 3033 2031 meo
3078 1982 3259 2034 indicio
3293 1988 3407 2038 erat
3448 1986 3722 2047 exulandum,

2202 2061 2361 2113 meriti
2378 2060 2504 2112 hanc
2520 2074 2713 2125 ptenam
2730 2064 2873 2115 erant
2898 2084 2913 2115 ι
2938 2064 3111 2127 reliqui
3136 2078 3169 2115 a
3184 2078 3267 2117 me
3284 2067 3490 2120 indicati
3502 2104 3517 2129 ,
3534 2084 3563 2119 a
3577 2074 3724 2121 Teum

2200 2156 2397 2208 quoque
2408 2144 2509 2206 iam
2527 2144 2641 2195 ante
2658 2144 2851 2197 fuerant
2875 2145 3103 2209 indicati3
3129 2148 3185 2197 ut
3197 2185 3215 2212 ,
3238 2148 3407 2215 quiex
3432 2151 3492 2202 iis
3506 2156 3587 2203 aut
3604 2154 3725 2203 morte

2201 2223 2421 2275 mulctati
2448 2226 2563 2275 sunt
2597 2228 2687 2276 aut
2718 2228 2773 2277 in
2806 2227 3009 2280 exilium
3043 2229 3231 2293 ierunt,
3270 2234 3500 2285 censendi
3530 2235 3618 2285 sint
3650 2246 3725 2285 non

2200 2307 2350 2371 magis
2366 2307 2431 2358 ob
2450 2321 2643 2372 meum,
2671 2322 2819 2372 quam
2842 2309 2906 2361 ob
2936 2312 3110 2362 Teucri
3130 2312 3399 2379 indicium,
3422 2316 3545 2368 hanc
3570 2318 3725 2368 illamve

2200 2404 2391 2454 poenam
2424 2390 2667 2443 tolerasse.
2736 2394 2835 2457 (60)
2876 2397 2995 2447 lloec
3020 2396 3185 2461 itaque
3208 2400 3459 2461 pensitans
3496 2416 3605 2467 ego,
3634 2404 3722 2463 viri,
3773 2456 3774 2463 γ

2200 2474 2439 2527 malorum
2479 2477 2789 2539 praesentium
2820 2478 3125 2531 inveniebam
3164 2482 3496 2552 levissimum,
3531 2492 3583 2538 ut
3612 2502 3725 2553 quam

2199 2556 2426 2609 citissime
2449 2572 2549 2609 rem
2572 2560 2627 2609 ut
2656 2562 2788 2623 gesta
2814 2563 2939 2612 esset
2968 2576 3265 2626 exponerem
3288 2568 3339 2617 et
3370 2570 3614 2621 mendacia
3636 2571 3723 2621 Dio·
3773 2630 3774 2635 ἵ

2200 2640 2337 2691 clidis
2354 2655 2689 2705 coarguerem,
2720 2658 2875 2709 eoque
2894 2645 3143 2699 inimicum
3164 2650 3448 2716 ulciscerer,
3460 2656 3541 2720 qui
3558 2670 3639 2707 nos
3651 2656 3725 2720 qni-
3772 2642 3774 2667 ²

2200 2726 2312 2777 dem
2346 2728 2709 2791 pessumdatum
2744 2730 2866 2791 iret,
2907 2732 3093 2783 civitati
3128 2735 3293 2786 autem
3319 2738 3396 2789 sic
3434 2740 3661 2801 illuderet,
3686 2744 3725 2791 ul

2198 2811 2380 2874 optime
2396 2810 2457 2861 de
2474 2822 2532 2861 ea
2554 2812 2784 2865 meruisse
2808 2814 3053 2865 videretur
3080 2818 3393 2885 praemiisque
3420 2824 3723 2875 cumularetur.
3773 2812 3774 2883 Ῑ

2199 2895 2297 2959 (61)
2321 2896 2567 2946 Professus
2583 2896 2749 2960 itaque
2766 2898 2816 2948 in
2836 2905 3006 2950 senatu
3024 2913 3134 2951 sum
3152 2915 3233 2953 me
3246 2905 3375 2957 scire
3394 2910 3583 2960 sceleris
3592 2912 3725 2959 ancto-
3773 2916 3774 2921 ’

2198 2989 2302 3039 res,
2334 2978 2383 3029 et
2418 2976 2641 3028 distinete
2676 2979 2807 3030 facta
2844 2982 3075 3046 exposui3
3112 2987 3505 3049 computantibus
3534 2993 3725 3042 nimirum

2196 3060 2336 3112 nobis
2354 3061 2663 3127 Euphiletum
2682 3065 2931 3116 auctorem
2958 3066 3145 3117 consilli
3172 3069 3358 3121 sactum
3378 3086 3483 3125 esse
3500 3074 3559 3125 de
3574 3074 3727 3126 Hermis
3773 3084 3774 3141 ζ

2198 3143 2475 3194 mutilandis
2490 3180 2505 3206 ,
2546 3158 2626 3195 me
2666 3147 2831 3197 autem
2880 3148 3203 3201 intercessisse
3232 3160 3251 3203 ’τ
3289 3166 3398 3206 rem
3432 3158 3536 3208 tum
3570 3157 3723 3221 quidem

2194 3228 2389 3289 propter
2406 3240 2485 3277 me
2506 3228 2731 3279 omissam
2749 3242 2877 3294 esse;
2896 3232 3065 3295 postea
3086 3235 3252 3288 autem
3270 3250 3429 3303 quum
3448 3241 3513 3295 de
3532 3242 3725 3310 equidm,

2194 3320 2343 3371 quem
2384 3309 2433 3358 in
2476 3312 2750 3375 Cynosarge
2785 3314 3159 3368 conscenderam
3173 3354 3189 3381 ,
3234 3320 3469 3387 delapsus
3518 3341 3653 3379 essem
3692 3331 3725 3377 el

2196 3392 2347 3441 tracta
2376 3391 2615 3443 clavicula
2640 3395 2893 3459 capiteque
2928 3400 3131 3451 contuso
3152 3402 3204 3453 in
3240 3404 3421 3458 lectica
3452 3408 3640 3461 domum
3670 3424 3726 3461 re·

2194 3476 2343 3525 ferrer
2379 3496 2391 3526 ι
2424 3478 2522 3541 (62)
2544 3478 2859 3543 Euphiletus,
2878 3481 2973 3532 boc
2998 3490 3278 3551 comperto,
3302 3496 3617 3555 persuadebat
3640 3496 3725 3545 reli·
3773 3536 3774 3561 ἒ

2192 3558 2301 3621 quis
2316 3558 2378 3608 ad
2396 3560 2783 3624 participandum
2803 3564 2987 3617 facinus
3012 3580 3093 3619 me
3109 3583 3309 3635 quoque
3330 3588 3441 3627 esse
3459 3582 3725 3642 permotum,

2192 3640 2437 3704 iidemque
2448 3642 2538 3692 sibi
2556 3642 2617 3695 de
2634 3646 2908 3697 truncando
2928 3650 3105 3701 llerma
3117 3687 3132 3713 ,
3156 3656 3241 3716 qui
3254 3658 3329 3707 est
3342 3658 3409 3708 ad
3426 3660 3590 3711 fanum
3610 3663 3725 3712 Phor·

2190 3722 2375 3788 hantis,
2399 3724 2720 3790 despondisse.
2788 3732 2911 3788 Quae
2926 3734 3089 3783 omnia
3108 3736 3395 3801 Euphiletus
3408 3744 3725 3803 mentiebatur;

2188 3808 2333 3871 atque
2348 3809 2416 3859 ita
2434 3809 2620 3861 sactum
2633 3814 2723 3873 est,
2746 3816 2801 3865 ut
2820 3817 3128 3881 Hermai-um,
3148 3808 3394 3886 quotquot
3408 3820 3528 3879 sunt
3540 3828 3725 3887 Athenis,

2186 3892 2405 3942 omnium
2446 3907 2573 3945 unus
2602 3895 2685 3945 ille
2713 3897 2845 3947 solus
2880 3911 2979 3949 non
3024 3902 3353 3967 mutilaretur,
3392 3910 3508 3974 qui,
3554 3925 3583 3961 a
3622 3910 3727 3963 tribu

2186 3976 2379 4038 AEgeide
2414 3975 2689 4043 dedicatus,
2722 3993 2873 4045 prope
2900 3982 3101 4035 domum
3132 3990 3350 4040 nostram
3381 3996 3630 4055 paternam
3652 3998 3727 4046 stat

2185 4058 2373 4123 adhuc,
2406 4064 2461 4112 ut·
2492 4062 2691 4128 videtis,
2734 4066 2996 4119 incolumis
3022 4088 3035 4121 ε
3057 4072 3430 4128 confirmaverat
3450 4093 3620 4145 nempe
3646 4086 3725 4132 Eu·

2184 4142 2392 4207 philetus
2410 4146 2679 4212 sodalibus,
2702 4162 2781 4199 me
2804 4149 2865 4201 de
2884 4165 2943 4201 eo
2961 4154 3233 4205 mutilando
3258 4162 3513 4224 recepisse.
3578 4164 3667 4227 (63)
3684 4166 3726 4214 ln

2182 4240 2282 4290 quo
2300 4228 2368 4279 illi
2388 4244 2439 4280 se
2461 4230 2605 4281 salsos
2626 4231 2869 4296 videntes,
2890 4235 3109 4287 ferebant
3128 4240 3435 4308 gravissime,
3459 4247 3535 4296 sui
3562 4245 3723 4296 sceleris

2182 4324 2261 4361 me
2279 4314 2524 4363 conscium
2539 4328 2642 4365 mse
2654 4352 2668 4375 ,
2694 4317 2781 4379 qui
2796 4316 2914 4375 nihil
2930 4318 2990 4367 ad
3012 4318 3063 4368 id
3076 4324 3399 4385 peragendum
3418 4329 3722 4379 contulissem.

2182 4388 2346 4439 Altero
2368 4390 2533 4455 itaque
2560 4391 2639 4443 die
2664 4396 2776 4457 post
2810 4408 2966 4459 quum
2987 4395 3049 4447 ad
3088 4412 3165 4449 me
3188 4404 3529 4456 convenissent
3551 4407 3726 4457 Melelus

2180 4470 2327 4531 atque
2352 4472 2663 4535 Euphiletus,
2696 4476 2867 4529 Facta
2905 4478 3059 4539 sunt,
3084 4478 3305 4543 aiebant,
3341 4484 3624 4545 Andocide,
3654 4486 3723 4535 ct·

2180 4560 2280 4611 que
2296 4560 2331 4598 a
2350 4550 2494 4600 nobis
2514 4556 2731 4614 peracta
2754 4552 2895 4618 [quoe
2914 4554 3088 4619 nosti}
3160 4557 3353 4616 Quodsi
3380 4575 3504 4627 erqo
3538 4568 3587 4613 te
3604 4566 3721 4628 quie·

2186 4628 2301 4676 lum
2330 4631 2592 4679 continere
2630 4632 2791 4695 atque
2827 4636 3000 4684 tacere
3035 4636 3288 4699 volueris,
3308 4636 3521 4691 habebis
3546 4656 3646 4703 nos,
3672 4642 3719 4690 ιιι

2155 4754 2159 4759 ,
2180 4704 2414 4767 pridem,
2432 4710 2625 4757 anticos
2643 4713 2805 4773 atque
2818 4710 3130 4773 familiares
3152 4728 3169 4763 .·
3189 4718 3273 4765 sin
3296 4720 3496 4779 minus,
3514 4721 3633 4784 plus
3646 4718 3723 4769 tibi

2181 4784 2382 4834 nocebit
2426 4788 2607 4837 nostra
2655 4790 2966 4853 inimicitia,
3018 4806 3183 4857 quam
3231 4794 3467 4847 aliorum
3516 4798 3726 4862 proderit

2182 4866 2421 4914 arnicitia
2456 4878 2552 4927 per
2582 4865 2759 4921 odium
2790 4873 2957 4921 nostri
3003 4871 3096 4921 tibi
3124 4879 3452 4937 comparata.
3524 4879 3618 4941 (64)
3650 4879 3724 4927 Re·

2174 4943 2466 5007 spondebam
2486 4958 2573 5010 ego
2598 4966 2613 4997 e
2654 4948 2967 5011 Euphiletum
2986 4954 3184 5016 propter
3202 4953 3385 5005 facinus
3403 4956 3535 5007 istud
3554 4970 3727 5007 consce-

2178 5022 2390 5071 leratum
2410 5022 2654 5074 hominem
2674 5039 2703 5075 a
2735 5040 2816 5077 me
2835 5030 3019 5079 censeri
3054 5050 3067 5079 ε
3092 5034 3431 5083 verumtamen
3451 5048 3553 5085 non
3587 5047 3725 5085 meam

2178 5104 2331 5166 magis
2353 5106 2695 5157 conscientiam
2730 5122 2877 5173 quam
2910 5111 3059 5175 ipsius
3088 5112 3279 5163 sceleris
3306 5116 3607 5168 atrocitatem
3630 5119 3728 5183 ipsis

2179 5196 2281 5236 esse
2303 5187 2731 5241 reformidandum.
2798 5194 2915 5243 llaec
2933 5207 3049 5245 vere
3071 5196 3140 5246 sic
3156 5194 3287 5248 dicta
3310 5210 3413 5249 esse
3434 5212 3541 5263 quo
3560 5204 3724 5251 consta·

2180 5270 2281 5331 ret,
2322 5282 2519 5321 servum
2541 5270 2603 5322 ad
2640 5274 2881 5327 tormenta
2902 5276 3183 5342 tradebam,
3208 5280 3292 5343 qui
3318 5280 3495 5345 sciret,
3524 5296 3605 5333 me
3634 5286 3725 5333 tum
