3825 5842
529 453 642 506 21⁴

525 665 738 738 τούσης,
777 665 821 724 εἰ
863 660 925 724 δέ
959 683 1094 729 τινες
1127 659 1346 743 πονηροὶ
1389 657 1682 739 γεγόνασιν,
1719 655 1851 740 ὑπὲρ
1890 653 2089 717 τούτων

528 753 727 825 δίκηνε
707 760 956 832 υποσχεῖν
993 748 1292 824 ἐθελούσης;
1330 747 1422 809 καὶ
1443 749 1589 808 ταῦτ’
1627 749 1686 808 οὗ
1726 746 1890 825 λόγος
1913 743 2089 825 μάτην

525 839 794 950 εἰρημένος
825 839 982 913 ἐστίν,
1004 838 1141 900 ἀλλὰ
1169 841 1476 921 παραχωρῶ
1493 835 1650 897 unte
1603 839 1678 918 τῷ
1701 833 1983 916 κατηγόρῳ
1999 831 2091 894 καὶ

452 951 479 991 a
523 935 602 1013 τῷ
627 929 928 1012 βουλομένῳ
948 933 1050 989 τῶν
1081 928 1281 1006 ἄλλων,
1307 927 1357 990 εί
1375 951 1454 995 τις
1481 925 1592 1007 ἔχει
1617 923 1733 985 τινὰ
1761 925 1961 1006 φράσαι
1982 946 2091 982 τοι-

525 1025 585 1078 οῗ·
563 1042 692 1092 τον,
717 1019 790 1076 ου
777 1043 818 1100 χ
837 1022 907 1086 ὡς
933 1021 1030 1098 οὔχ
1051 1015 1218 1090 ἡδέως
1251 1016 1314 1077 ἄν
1353 1014 1505 1077 τινών
1545 1038 1645 1094 μου
1676 1009 2091 1095 καταψευσαμέ-

522 1131 642 1180 νων,
674 1105 790 1167 ἀλλ’
823 1109 896 1176 ὥς
943 1105 1088 1175 εὐθυς
1137 1108 1372 1218 φανερῶν
1417 1102 1678 1182 ἐσομένων
1725 1107 1846 1182 ὑμῖν
1871 1100 1964 1161 καὶ
1998 1104 2092 1174 τῆς

523 1195 712 1276 ζημίας
735 1194 944 1264 ἐκείνοις
967 1194 1082 1256 ἀλλ’
1111 1195 1206 1254 οὐκ
1237 1193 1355 1304 ἐμρι
1377 1190 1750 1274 γενησομένης.

605 1305 698 1350 101.
741 1284 875 1367 Περὶ
895 1281 988 1362 μὲν
1016 1275 1104 1344 ουν
1131 1273 1203 1342 ὦν
1226 1281 1400 1365 φεύγοι
1418 1281 1514 1355 τὴν
1542 1280 1748 1366 γραφὴν
1776 1304 1867 1341 και
1891 1285 1983 1340 τοῦ
2012 1277 2089 1358 μὴ

446 1397 500 1440 10
527 1373 835 1457 διαφθείρειν
863 1373 981 1440 τους
1006 1371 1277 1445 συνόντας,
1307 1375 1402 1432 οὔκ
1429 1362 1526 1432 οιδ’
1568 1371 1708 1440 ὅπως
1736 1370 1800 1429 ἂν
1829 1369 2091 1480 σαφέστε-

529 1487 616 1546 ρον
651 1459 902 1531 ἐπιδεῖξαι
932 1460 1225 1534 δυνηθείην·
1249 1459 1481 1538 ἐμνήσθη
1513 1459 1567 1520 δὲ
1601 1459 1692 1520 καὶ
1722 1483 1818 1533 της
1839 1459 1967 1540 πρὸς
1990 1460 2091 1520 Τι-

525 1550 708 1630 μόθεόν
755 1573 844 1630 μοι
879 1550 1052 1632 φιλίας
1095 1547 1473 1628 γεγενημένης,
1502 1548 1593 1610 καὶ
1621 1547 1919 1609 διαόάλλειν
1951 1552 2093 1624 ἡμᾶς

528 1640 846 1724 ἀμφοτέρους
882 1639 1219 1722 ἐπεχείρησε,
1248 1639 1340 1701 καὶ
1367 1641 1462 1701 οὐκ
1487 1638 1725 1720 ᾐσχύνθη
1759 1637 1882 1718 περὶ
1909 1635 2093 1718 ἀνδρὸς

526 1728 950 1802 τετελευτηκότος
990 1730 1081 1790 καὶ
1127 1731 1334 1790 πολλῶν
1375 1733 1583 1808 ἀγαθῶν
1627 1727 1792 1788 αἰτίου
1833 1731 1898 1808 τῇ
1942 1727 2093 1785 πόλει

446 1839 498 1882 15
530 1819 870 1902 βλασφήμους
892 1819 982 1878 καὶ
1001 1819 1118 1880 λίαν
1138 1821 1374 1898 ἀσελγεῖς
1390 1817 1574 1898 λόγους
1597 1817 1776 1880 εἰπών.
1800 1819 1919 1896 (102)
1946 1813 2092 1896 Ἐγὼ

527 1911 569 1970 δ’
590 1907 744 1991 ᾤμην
772 1906 888 1986 μέν,
923 1911 970 1967 εἰ
996 1907 1088 1967 καὶ
1121 1912 1351 1989 φανερῶς
1379 1905 1736 1988 ἐξηλεγχόμην
1766 1907 1976 1980 ἀδικῶν,
2006 1904 2091 1965 διὰ

526 1995 619 2069 τὴν
639 1995 768 2078 πρὸς
783 1999 975 2056 ἐκεῖνον
998 1996 1173 2104 φιλίαν
1191 1993 1448 2066 σώζεσθαί
1472 2019 1561 2074 μοι
1580 1993 1889 2077 προσήκειν·
1909 1993 2089 2067 ἐπειδὴ

525 2085 580 2148 δὲ
611 2083 918 2165 Λυσίμαχος
944 2108 1037 2145 και
1063 2093 1173 2152 τοῖς
1199 2084 1446 2152 τοιούτοις
1468 2085 1722 2166 ἐπιχειρεῖ
1743 2107 1809 2162 με
1837 2083 2090 2165 βλάπτειν

528 2173 582 2244 ἐξ
613 2165 686 2234 ὧν
722 2173 934 2244 δικαίως
959 2172 1022 2234 ἂν
1065 2172 1387 2255 ὠφελοίμην,
1429 2172 1728 2252 ἀναγκαίως
1771 2171 1882 2252 ἔχει
1918 2175 2091 2232 διαλε·

447 2280 502 2322 20
527 2267 720 2345 χθῆναι
753 2262 875 2345 περὶ
897 2265 1092 2328 αὐτῶν.
1171 2262 1276 2326 Διὰ
1301 2285 1456 2323 τουτο
1478 2264 1522 2322 δ’
1551 2267 1651 2344 οὔχ
1683 2261 1798 2341 ἅμα
1823 2285 1945 2344 περι
1974 2261 2093 2322 τού-

525 2375 615 2412 του
637 2351 728 2412 καὶ
750 2357 853 2412 τῶν
879 2351 1053 2413 ἄλλων
1075 2349 1382 2426 ἐπιτηδείων
1409 2350 1741 2431 ἐποιησάμην
1770 2349 1864 2423 τὴν
1887 2349 2091 2429 μνείαν,

525 2439 604 2500 ὅτι
637 2439 771 2500 πολυ
807 2439 875 2501 τὰ
899 2441 1190 2522 πράγματα
1219 2439 1448 2524 διέφερεν
1473 2441 1663 2500 αὐτῶν.
1692 2441 1808 2520 (103)
1839 2438 1975 2521 Περὶ
1997 2438 2093 2517 μὲν

523 2529 625 2610 γὰρ
645 2528 852 2589 ἐκείνων
867 2529 1010 2590 οὐδὲν
1027 2530 1162 2611 φλαυ
1169 2553 1252 2612 ρον
1273 2531 1434 2589 εἰπεῖν
1450 2531 1478 2589 ὁ
1495 2527 1782 2612 κατήγορος
1800 2526 2091 2606 ἐτόλμησε,

525 2617 646 2700 περὶ
679 2617 735 2678 δὲ
761 2618 856 2691 τὴν
889 2617 1150 2698 Τιμοθέου
1184 2617 1500 2700 κατηγορίαν
1539 2619 1738 2697 μᾶλλον
1773 2607 2093 2678 ἐσπούδασεν

420 2707 426 2713 ’
447 2721 503 2764 211
528 2705 564 2779 ἢ
592 2707 714 2789 περὶ
735 2697 808 2765 ὧν
840 2706 1104 2785 ἀπήνεγκε
1130 2705 1227 2779 τὴν
1252 2705 1488 2790 γραφήν·
1515 2706 1678 2767 ἔπειθ’
1707 2709 1755 2766 οἱ
1790 2707 1884 2785 μὶν
1905 2705 2093 2785 ὀλίγων

529 2795 913 2871 ἐπεστάτησαν,
933 2799 1039 2855 τῶν
1055 2796 1098 2855 δ’
1117 2795 1322 2879 ἑκάστῳ
1343 2795 1772 2879 προσταχθέντων
1787 2795 1955 2865 οὕτως’
1970 2799 2093 2856 ἐπε-

530 2884 835 2963 μελήθησαν
870 2882 1008 2944 ὥστε
1034 2889 1212 2967 τυχεῖν
1230 2889 1322 2958 τῆς
1353 2909 1510 2964 τιμης
1534 2890 1624 2958 τῆς
1657 2883 1816 2966 ὀλίγῳ
1843 2883 2093 2968 πρότερον

529 2972 618 3032 ὕπ’
641 2975 768 3052 ἐμοῦ
791 2972 1094 3054 λεχθείσης,
1118 2977 1147 3033 ὁ
1161 2971 1215 3034 δὲ
1235 2975 1444 3034 πολλῶν
1464 2973 1554 3034 καὶ
1569 2973 1813 3054 μεγάλων
1839 2974 2091 3056 πραγμά-

528 3065 631 3120 τῶν
659 3062 750 3122 καὶ
780 3061 943 3123 πολυν
966 3063 1150 3145 χρόνον
1178 3062 1406 3138 κατέστη
1437 3061 1628 3146 κύριος.
1709 3060 1872 3124 ῊΩστ
1901 3065 1994 3124 οὐκ
2030 3061 2092 3123 ἂν

448 3173 504 3214 ³0
527 3149 758 3231 ἥρμοσεν
787 3148 902 3230 ἅμα
929 3151 1050 3234 περὶ
1085 3150 1269 3225 τούτου
1309 3151 1400 3212 καὶ
1443 3155 1548 3211 τῶν
1593 3151 1767 3212 ἄλλων
1793 3151 2094 3235 χρήσασθαι

527 3247 636 3308 τοῖς
662 3239 864 3320 λόγοις,
911 3242 1027 3300 ἀλλ’
1057 3240 1352 3320 ἀναγκαίως
1381 3231 1519 3321 εἶχεν
1557 3239 1692 3300 οὕτω
1723 3241 1981 3300 διελέσθαι
2002 3241 2094 3300 καὶ

530 3327 870 3398 διατάξασθαι
892 3329 1014 3410 περὶ
1043 3331 1232 3390 αὐτῶν.
1319 3333 1434 3410 (tot)
1465 3329 1585 3412 Χρὴ
1611 3329 1665 3389 δὲ
1692 3353 1781 3389 τον
1801 3332 1932 3412 ὑπὲρ
1960 3328 2092 3390 ἐκεί·

530 3439 619 3475 νου
645 3417 796 3495 λόγον
827 3419 922 3477 οὐκ
963 3416 1234 3498 ἀλλότριον
1277 3409 1412 3477 εἶναι
1449 3417 1676 3495 νομίζειν
1711 3425 1819 3488 τοῖς
1845 3419 2093 3478 ἐνεστῶσι

530 3503 867 3584 πράγμασιν,
899 3504 1006 3563 οὐδ’
1029 3503 1122 3583 ἐμὲ
1150 3505 1316 3582 λέγειν
1341 3505 1439 3575 ἔξω
1477 3511 1572 3579 τῆς
1595 3511 1822 3589 γραφῆς·
1857 3529 1964 3574 τοις
1997 3505 2092 3584 μὲν

451 3612 504 3654 85
531 3591 632 3672 γὰρ
672 3590 900 3659 ἰδιώταις
927 3584 1124 3672 salpi
1085 3617 1158 3652 ων
1195 3591 1409 3662 ἕκαστος
1449 3592 1639 3674 ἔπραξε
1668 3594 1925 3677 προσήκει
1962 3596 2092 3655 δια-

531 3680 760 3761 λεχθεῖσι
787 3680 1124 3740 καταὸαίνειν
1151 3680 1184 3754 ἢ
1216 3682 1381 3742 δοκεῖν
1419 3706 1486 3741 πε
1523 3705 1597 3764 ιερ
1599 3682 1879 3761 γάζεσθαι,
1905 3683 2012 3753 τοῖς
2048 3685 2093 3744 δ’

533 3767 1047 3847 ὖπολαμὸανομένοις
1093 3767 1406 3848 συμὸούλοις
1445 3705 1579 3829 εἶξαι
1625 3769 1717 3828 καὶ
1762 3769 2094 3839 διδασκάλοις

536 3856 726 3935 ὁμοίως
735 3855 882 3963 ωὑπὲρ
910 3861 1012 3917 τῶν
1046 3857 1502 3938 συγγεγενημένων
1547 3855 1726 3940 ὥσπερ
1764 3857 1892 3942 ὑπὲρ
1922 3861 2093 3920 αὐτῶν

535 3949 815 4027 ἀναγκαῖον
844 3951 1100 4007 ποιεῖσθαι
1135 3945 1231 4020 τὴν
1274 3946 1582 4026 ἀπολογίαν,
1627 3945 1799 4018 ἄλλως
1823 3949 1870 4007 τ’
1903 3946 1968 4020 ἢν
2002 3949 2092 4008 καὶ

455 4059 512 4100 40
531 4035 666 4117 τύχῃ
689 4060 766 4104 τις
796 4034 881 4096 διὰ
903 4035 998 4110 τὴν
1023 4035 1192 4096 αἰτίαν
1221 4035 1418 4110 ταύτην
1447 4035 1773 4152 κρινόμενος·
1803 4035 1836 4096 ὅ
1852 4061 1953 4120 περ
1975 4037 2093 4117 ἐμοὶ

534 4125 883 4204 συμὸέὸηκεν.
949 4129 1064 4206 (106)
1089 4125 1292 4209 Ἑτέρῳ
1312 4117 1487 4206 μὲντ
1427 4150 1515 4186 ουν
1543 4126 1838 4209 απέχρησεν
1863 4151 1928 4186 αν
1956 4129 2094 4188 τοῦτ’

535 4217 718 4294 εἰπεῖν,
759 4217 829 4282 ὡς
869 4217 926 4274 οὗ
976 4215 1172 4276 δίκαιόν
1211 4219 1321 4276 ἐστι
1371 4214 1608 4296 μετέχειν
1654 4215 1704 4275 εἴ
1744 4239 1797 4274 τι
1839 4216 2094 4294 Τιμόθεος

535 4301 779 4384 πράττων
806 4302 880 4381 μὴ
916 4303 1284 4386 κατώρθωσεν·
1322 4303 1439 4364 οὐδὲ
1472 4303 1572 4386 γὰρ
1605 4307 1710 4364 τῶν
1737 4306 1943 4384 δωρεῶν
1978 4303 2094 4366 οὐδὲ

429 4455 440 4462 α
533 4394 636 4448 τῶν
663 4395 827 4469 τιμῶν
850 4393 1014 4461 οὐδεὶς
1039 4395 1181 4452 αὐτῶ
1207 4391 1470 4470 μετέδωκε
1493 4396 1596 4453 τῶν
1619 4392 1800 4475 ἐκείνῳ
1819 4397 2092 4475 ψηφισθει-

460 4501 508 4544 υς
537 4479 665 4556 σῶν,
697 4477 812 4536 ἀλλ’
841 4478 946 4538 οὐδ’
977 4453 1244 4539 ἐπαινέσαι
1273 4504 1376 4539 των
1412 4479 1642 4562 ῥητόρων
1681 4479 1846 4548 οὐδεὶς
1876 4479 2093 4552 ἠξίωσεν

535 4567 604 4632 ὥς
634 4563 930 4644 σύμὸουλον
952 4565 1321 4646 γεγενημένον·
1348 4559 1480 4628 εἶναι
1509 4569 1560 4628 δὲ
1583 4567 1779 4629 δίκαιον
1808 4567 1843 4641 ἢ
1873 4569 1964 4629 καὶ
1990 4573 2093 4628 τῶν

537 4656 744 4732 ἀγαθῶν
769 4656 1026 4714 κοινωνεῖν
1048 4653 1082 4728 ἢ
1109 4655 1241 4734 μηδὲ
1274 4661 1376 4716 τῶν
1403 4660 1630 4739 ἀτυχιῶν
1655 4656 1954 4720 ἀπολαύειν.
1982 4657 2094 4740 (100)

537 4740 681 4822 Ἐγω
711 4741 764 4801 δὲ
789 4749 955 4802 ταῦτα
990 4743 1084 4821 μὲν
1115 4745 1444 4824 αἰσχυνθείην
1475 4745 1538 4804 ἂν
1571 4746 1753 4820 εἰπεῖν,
1792 4745 1888 4818 τὴν
1933 4745 2095 4818 αὐτὴν

413 4841 418 4846 ’
537 4829 592 4890 δὲ
647 4837 901 4910 ποιοῦμαι
936 4831 1224 4912 πρόκλησιν
1261 4831 1428 4913 ἥνπερ
1464 4833 1554 4892 καὶ
1587 4833 1708 4913 περὶ
1753 4837 1856 4892 τῶν
1893 4833 2095 4894 ἄλλοιν·

459 4940 511 4979 εο
541 4917 668 4988 ἀξιῶ
687 4919 820 5034 γάρ,
847 4919 1004 4998 εἰμὲν
1021 4920 1179 4989 κακὸς
1199 4919 1327 5001 ἀνὴρ
1341 4919 1517 5000 γέγονε
1536 4920 1791 4998 Τιμόθεος
1811 4922 1901 4982 καὶ
1925 4923 2097 4982 πολλὰ

537 5008 708 5086 περὶ“
689 5017 825 5085 υμας
853 5007 1137 5090 ἐξήμαρτε,
1177 5007 1415 5088 μετέχειν
1455 5007 1545 5066 καὶ
1589 5007 1736 5080 δίκην
1774 5011 1969 5068 διδόναι
2004 5009 2092 5070 καὶ

537 5095 764 5176 πάσχειν
791 5093 944 5173 ὅμοια
975 5105 1079 5165 τοῖς
1104 5099 1403 5156 ἀδικοῦσιν·
1432 5093 1497 5168 ἢν
1522 5095 1566 5154 δ’
1591 5097 1857 5188 ἐπιδειχθῇ
1885 5097 1977 5156 καὶ
2000 5121 2097 5158 πο-

537 5181 732 5257 λίτης
699 5205 770 5242 ων
791 5153 979 5261 ἀγαθὸς
992 5185 1082 5243 καὶ
1102 5184 1388 5264 στρατηγὸς
1402 5189 1627 5251 τοιοῦτος
1638 5189 1747 5252 ,οἷος
1763 5183 1926 5252 οὐδεὶς
1946 5185 2099 5254 ἄλλος

529 5277 612 5329 ,ων
645 5272 797 5350 ἡμεῖς
831 5271 1002 5358 ἴσμεν,
1022 5275 1224 5333 ἐκεῖνον
1254 5271 1350 5352 μὶν
1380 5263 1528 5350 οἶμαι
1557 5273 1664 5332 δεῖν
1697 5276 1834 5352 ὑμᾶς
1861 5275 2091 5334 ἐπαινεῖν

1443 433 1943 501 ΙΣΟΚΡΑΤΟΥΣ
1982 433 2035 492 0
2077 430 2262 494 ΠΕΡΙ
2302 426 2815 490 ΑΝΤῙΔΟΣΕΩΣ.

525 573 822 657 δικαιοτέρα
841 577 936 648 τῆς
961 575 1066 633 τῶν
1094 570 1190 652 μὲν
1216 571 1393 632 καλῶν
1421 571 1665 649 κάγαθῶν
1695 570 1789 632 οὐκ
1816 564 2093 649 ἀμφισὸη-
2182 571 2345 622 minus
2362 567 2599 622 invidiosa
2614 568 2904 634 justiorque,
2916 583 3026 635 quae
3042 568 3105 624 de
3122 571 3257 624 bouis
3282 572 3667 642 bonesssmnsrebus
3744 577 3746 580 ⁴

2182 704 2281 742 non
2298 689 2572 755 contendit3
2590 690 2666 741 ain
2684 690 3055 742 manevaserint
3064 691 3585 759 ,vindiciasprobisnou
3602 713 3661 750 re·

2187 814 2358 866 cusat?
2375 816 2541 878 Neque
2554 811 2660 862 haec
2674 811 2851 863 trustra
2868 827 2897 863 a
2912 825 2987 864 me
3008 812 3135 865 dicta
3157 819 3284 878 sunt,
3302 815 3381 867 sed
3396 821 3439 868 et
3458 822 3659 872 muratori

2181 937 2232 988 et
2244 936 2513 988 ceterorum
2526 934 2725 986 cuilibet
2736 934 2966 998 concedo,
2980 935 3021 986 si
3034 936 3144 1001 quis
3156 936 3296 988 talem
3308 938 3519 990 uouunare
3532 941 3658 1006 possit,
3748 931 3750 942 ³

2180 1072 2277 1110 non
2310 1057 2449 1124 quasi
2472 1071 2569 1108 non
2599 1055 2805 1109 libenter
2829 1057 2975 1122 aliqui
2996 1058 3255 1110 mendaciis
3272 1073 3349 1111 me
3372 1067 3665 1126 peraequantur.
3750 1070 3752 1190 (

2181 1179 2269 1234 sed
2292 1180 2531 1232 utstatim
2553 1194 2583 1230 a
2605 1179 2747 1230 vobis
2760 1179 2937 1244 cogniti
2955 1179 3025 1231 illi
3042 1193 3204 1246 poena,
3223 1195 3317 1233 non
3332 1196 3428 1247 ego,
3446 1183 3665 1235 alliciantur.
3750 1192 3752 1228 f

2250 1291 2333 1338 101
2344 1323 2357 1336 .
2370 1287 2567 1339 Crlmcn
2580 1287 2723 1350 igitur
2734 1285 2851 1338 1111111
2858 1286 3121 1352 obiectum,
3132 1290 3183 1340 et
3190 1289 3315 1352 quod
3322 1303 3581 1354 corrumpam
3590 1291 3668 1342 ado

2180 1383 2433 1446 lescentea,
2458 1383 2621 1436 nescio
2642 1384 2889 1451 quomodo
2905 1385 3097 1451 planius
3114 1400 3145 1437 a
3162 1399 3241 1438 me
3268 1388 3435 1451 possim
3460 1389 3665 1441 defendere.

2181 1485 2423 1538 mentione
2444 1497 2565 1535 vero
2596 1485 2743 1536 etiam
2776 1499 2901 1538 mem
2932 1499 3046 1536 cum
3082 1486 3331 1538 Timotheo
3358 1487 3551 1539 amicitie
3581 1489 3669 1540 lacta
3754 1529 3756 1558 ,

2180 1583 2475 1636 calumniare
2488 1587 2749 1648 utrumque
2766 1587 2985 1636 nostram
3010 1589 3213 1636 conatus
3224 1587 3318 1650 est,
3334 1599 3424 1638 noa
3440 1589 3667 1638 τοτα-11111111
3754 1563 3756 1619 ²

2181 1685 2342 1736 virum
2362 1683 2642 1735 defunctum
2662 1684 3025 1749 multorumque
3046 1684 3097 1735 in
3116 1683 3283 1736 urbem
3304 1685 3549 1735 collatorum
3566 1685 3669 1735 bene-

2181 1785 2401 1837 ficiorum
2434 1788 2680 1834 auctorem
2702 1783 2959 1834 maledicos
2984 1783 3229 1850 nimisque
3258 1785 3503 1850 petulantes
3532 1799 3669 1836 sermo-

2180 1895 2267 1934 nes
2289 1881 2543 1946 conjicere.
2611 1881 2742 1946 (102)
2767 1883 2867 1944 Ego
2896 1894 3011 1932 vero
3048 1883 3241 1934 etiamsi
3278 1883 3505 1935 manifesto
3522 1884 3667 1936 crimine

2182 1978 2390 2040 tenerer,
2414 1981 2609 2042 propter
2628 1977 2758 2028 illius
2772 1978 3031 2029 amicitiam
3049 1978 3242 2030 absolvi
3259 1995 3335 2032 me
3353 1988 3541 2046 oportere
3555 1984 3671 2034 existi·
3758 1988 3760 2004 ¹

2182 2075 2394 2126 mabam.
2460 2073 2557 2126 scd
2580 2074 2693 2137 quia
2715 2075 3032 2138 Lysimachus
3056 2075 3124 2127 tis
3144 2089 3224 2128 ma
3252 2078 3511 2130 criminibus
3526 2079 3671 2129 adortus

2182 2176 2285 2237 est,
2314 2171 2491 2238 quibus
2514 2171 2731 2224 defensio
2766 2185 2875 2224 mea
2906 2174 3015 2237 iure
3042 2175 3353 2240 inniteretur,
3376 2178 3433 2229 de
3450 2178 3517 2228 bis
3532 2189 3673 2242 quoque
3761 2221 3762 2230 ,

2187 2283 2385 2322 necesse
2410 2275 2485 2322 est
2508 2270 2686 2322 dicere.
2748 2271 3009 2324 idcir-circo
3030 2277 3199 2326 antem
3230 2287 3323 2326 non
3344 2275 3475 2326 simul
3502 2275 3617 2338 buius
3641 2275 3675 2324 et

2183 2377 2451 2426 ceterorum
2492 2375 2871 2426 necessariorum
2912 2389 3135 2428 meorum
3160 2379 3437 2430 mentionem
3460 2380 3556 2439 teci,
3580 2377 3673 2442 quod

2183 2486 2349 2525 eorum
2376 2474 2499 2526 sacta
2522 2475 2665 2527 valde
2684 2475 2926 2527 differunt.
2991 2477 3127 2543 (103)
3160 2483 3232 2530 Ac
3260 2478 3319 2530 de
3339 2477 3426 2530 illis
3445 2477 3603 2543 quidem
3618 2490 3673 2527 ac·

2182 2580 2373 2626 cusator
2392 2575 2505 2625 mali
2528 2575 2646 2626 nihil
2670 2575 2880 2640 proferre
2896 2589 3077 2628 ausus:
3098 2577 3187 2630 sed
3208 2593 3303 2643 quo
3316 2579 3479 2630 diutius
3496 2580 3535 2628 in
3554 2577 3673 2627 'rinno-

2182 2675 2283 2726 thei
2299 2676 2603 2727 accusatione
2624 2675 2903 2728 versabatur
2926 2690 3073 2740 quam
3106 2677 3161 2728 in
3192 2678 3249 2728 iis
3282 2691 3385 2742 qum
3406 2676 3599 2729 adversus
3621 2689 3676 2726 me

2185 2776 2386 2838 detulit3
2431 2775 2605 2826 deinde
2636 2775 2706 2826 illi
2739 2777 2905 2839 paucis
2936 2776 3137 2840 quidem
3172 2779 3369 2842 negotiis
3400 2777 3615 2842 praeerant,
3642 2779 3677 2822 at

2184 2887 2475 2940 unoquoque
2487 2910 2502 2937 ,
2517 2872 2648 2937 quod
2666 2873 2841 2938 cuique
2854 2873 3195 2926 demandatum
3208 2880 3339 2938 erat,
3352 2876 3415 2926 ita
3432 2874 3557 2926 iuncti
3574 2877 3673 2932 sunt,

2182 2977 2238 3025 ut
2270 2985 2383 3024 eum
2400 2973 2633 3024 bonorem
2648 2971 2915 3024 obtinerent
2945 2985 3090 3036 quem
3126 2973 3287 3038 paullo
3324 2977 3427 3026 ante
3450 2983 3677 3024 commemo-

2182 3073 2303 3136 ravi,
2318 3073 2438 3124 dum
2460 3073 2542 3123 hic
2568 3076 2621 3124 et
2640 3075 2795 3124 multa
2814 3077 2867 3124 et
2892 3085 3063 3136 magna
3078 3075 3271 3139 negotia
3290 3087 3433 3139 eaque
3448 3073 3521 3124 din
3536 3070 3675 3123 obibat.

2183 3175 2352 3237 Itaque
2363 3185 2461 3222 non
2472 3171 2591 3222 satis
2606 3170 2921 3222 conveniebat
2934 3174 2983 3222 et
3000 3171 3061 3222 de
3077 3171 3175 3223 hoc
3190 3177 3241 3224 et
3252 3171 3312 3222 de
3322 3172 3413 3222 illis
3428 3169 3549 3222 simul
3566 3169 3674 3218 rerba

2183 3272 2306 3336 lieri,
2332 3272 2418 3323 sed
2450 3285 2645 3323 necesse
2663 3271 2755 3322 suit
2770 3285 2852 3322 eos
2868 3272 2941 3324 sic
2958 3272 3167 3325 discerni
3184 3273 3517 3338 orationemque
3531 3267 3678 3320 divisim

2182 3371 2390 3423 institui.
2414 3370 2544 3434 (104)
2566 3373 2733 3434 Neque
2747 3369 3129 3436 veroquisquam
3146 3386 3253 3424 mea
3269 3372 3329 3424 ‹le
3340 3371 3415 3422 illo
3432 3370 3555 3422 verba
3570 3369 3617 3419 ab
3634 3370 3679 3417 in·

2182 3469 2351 3521 stituto
2362 3469 2551 3532 negotio
2560 3467 2713 3519 aliena
2724 3481 2877 3532 neque
2886 3482 3078 3520 cansam
3088 3469 3323 3521 excedere
3330 3474 3517 3530 oeuseat3
3528 3465 3680 3532 privatis

2181 3563 2309 3616 enim
2328 3563 2582 3624 convenit,
2604 3563 2690 3613 ubi
2711 3562 2772 3614 de
2796 3562 2940 3614 rebus
2961 3563 3065 3614 suis
3089 3562 3409 3615 defensionem
3428 3561 3623 3620 finierint,
3637 3558 3680 3607 de

2180 3668 2407 3726 suggestu
2443 3661 2731 3714 descendere
2756 3667 2842 3713 aut
2862 3667 3035 3726 praeter
3062 3677 3171 3714 rem
3200 3663 3407 3716 laborare
3436 3663 3590 3723 videri;
3619 3659 3680 3724 qui

2182 3777 2297 3816 vero
2316 3764 2518 3816 aliorum
2540 3777 2595 3816 se
2622 3764 2923 3816 consiliarios
2942 3765 3293 3830 magistrosque
3312 3765 3601 3830 profiteantur,
3620 3773 3681 3812 eos

2181 3883 2319 3934 aeque
2336 3871 2396 3921 de
2412 3871 2693 3922 necessariis
2712 3871 2813 3922 suis
2828 3883 2888 3922 ac
2908 3871 2969 3923 de
2981 3884 3035 3922 ae
3050 3885 3249 3924 causam
3261 3873 3413 3924 dicere
3430 3884 3595 3922 necesse
3608 3871 3677 3926 est.

2181 3977 2447 4040 praesertim
2461 3977 2501 4028 si
2524 3977 2634 4041 quis
2645 4014 2661 4042 ,
2676 3977 2727 4030 id
2742 3979 2873 4043 quod
2890 3977 3009 4029 mihi
3031 3979 3232 4044 accidit,
3254 3980 3373 4030 hanc
3392 3979 3524 4043 ipsam
3540 3976 3593 4026 ob
3606 3987 3681 4024 rem

2181 4083 2323 4146 injus
2338 4087 2533 4135 vocatus
2553 4085 2635 4136 sit.
2662 4084 2795 4150 (10⁵)
2814 4089 2974 4150 Atque
2994 4086 3074 4137 ani
3097 4087 3292 4160 quidem
3312 4086 3423 4136 satis
3436 4079 3681 4144 anasiuni!

2182 4182 2467 4234 Timotheus
2506 4183 2787 4235 offendisset
2802 4221 2819 4246 ,
2858 4197 3032 4248 negare
3064 4186 3173 4250 ejus
3208 4185 3365 4237 delicti
3398 4184 3494 4245 jure
3532 4193 3575 4230 se
3606 4177 3683 4228 fieri

2184 4279 2481 4344 participem,
2503 4293 2657 4345 quum
2683 4294 2841 4346 neque
2860 4280 3097 4332 donorum
3116 4297 3275 4347 neque
3294 4284 3527 4336 honorum,
3549 4274 3615 4340 qui
3630 4272 3681 4322 illi

2182 4375 2363 4428 decreti
2385 4377 2562 4428 suerint
2576 4413 2591 4438 ,
2616 4377 2869 4441 quisquam
2891 4381 3076 4442 partem
3102 4379 3310 4442 aliquam
3328 4378 3375 4428 in
3395 4367 3682 4427 secoutulerit»

2184 4489 2339 4540 neque
2370 4477 2498 4527 ullus
2518 4479 2678 4527 orator
2699 4477 2986 4541 laudaverit,
3022 4479 3153 4543 quod
3186 4477 3417 4529 Timothei
3436 4471 3681 4525 consiliarius

2184 4573 2325 4623 fuerit
2354 4589 2367 4622 ε
2396 4585 2590 4635 aequnm
2612 4576 2773 4623 autem
2798 4585 2906 4623 esse
2935 4577 3021 4624 aut
3042 4574 3275 4624 bonorum
3301 4573 3399 4623 fieri
3433 4569 3680 4635 participem,

2184 4685 2267 4730 aut
2288 4679 2349 4730 ab
2372 4679 2685 4729 incommodis
2718 4679 2972 4742 segregari.
3039 4680 3169 4746 (100)
3192 4683 3271 4732 Me
3298 4693 3407 4729 vero
3438 4675 3569 4741 pudet
3602 4673 3684 4722 haec

2185 4779 2369 4842 dicem
2393 4777 2479 4828 sed
2502 4777 2668 4828 eadem
2683 4791 2793 4841 qum
2815 4777 2877 4828 de
2893 4777 3063 4829 ceteris
3076 4779 3229 4843 palam
3252 4775 3487 4842 profiteor:
3500 4774 3535 4823 si
3555 4773 3683 4822 Timo·

2187 4875 2327 4926 theus
2340 4874 2495 4925 malus
2512 4875 2587 4924 vir
2611 4875 2752 4927 suerit
2768 4876 3029 4941 multisque
3047 4876 3097 4927 in
3120 4877 3261 4928 rebus
3277 4875 3493 4926 adversus
3512 4870 3683 4919 vestram

2184 4973 2437 5024 utilitatem
2453 4971 2693 5036 publicam
2704 4973 2973 5036 offenderit,
2996 4987 3076 5024 me
3095 4974 3217 5025 nolle
3230 4973 3291 5024 ab
3308 4986 3363 5024 eo
3379 4965 3600 5034 segregari,
3616 4958 3681 5012 ⁸⁸¹

2186 5087 2349 5140 poenas
2366 5075 2481 5126 dare
2504 5075 2725 5139 idemque
2738 5074 2901 5126 subire
2916 5076 3201 5140 supplicium
3213 5073 3337 5139 quod
3350 5065 3682 5134 delinquentibus

2186 5177 2498 5231 constitutum
2524 5179 2589 5231 sit
2614 5199 2625 5230 ι
2652 5180 2725 5230 sin
2742 5185 2793 5230 et
2813 5180 2969 5232 bonus
2984 5179 3105 5232 civis
3121 5186 3171 5233 et
3186 5181 3431 5244 imperator
3444 5174 3565 5236 talis,
3583 5181 3679 5234 qm·

2184 5285 2279 5338 lem
2289 5284 2434 5337 alium
2448 5283 2633 5336 nullum
2642 5286 3024 5351 cognoverimus,
3034 5289 3301 5352 compertus
3312 5286 3388 5347 sit,
3401 5281 3523 5333 illum
3536 5285 3679 5328 censeo
