3825 5842
1241 461 1640 526 lsocRA'rls.
1672 460 2087 521 EPISTOLAE.
2138 471 2191 519 7.

113 617 261 695 ἔγων
288 614 386 686 τὴν
410 610 642 691 γνώμην·
670 605 795 665 ὥστ’
823 603 889 675 ἢν
923 598 1170 679 ἐμμείνῃς
1195 606 1300 666 τοῖς
1331 596 1450 677 περὶ
1478 598 1569 653 σοῦ
1598 598 1684 651 νῦν

103 685 443 781 λεγομένοις,
473 702 566 758 οὐκ
612 693 890 773 ἀπορήσεις
934 692 1037 748 τῶν
1083 684 1552 766 ’ἐγκωμιασομένων
1588 681 1684 752 τήν

103 816 158 849 τε
217 790 474 859 φρόνησιν
531 785 626 856 τὴν
677 782 772 854 σὴν
824 780 913 839 καὶ
962 777 1058 848 τὴν
1112 774 1412 856 προαίρεσιν
1469 770 1683 840 ταύτην.

107 882 178 959 (2)
221 854 498 957 ’.ἠγοῦμαι
536 874 592 931 δὲ
627 871 718 929 καὶ
749 868 816 927 τὰ
846 862 1192 943 διηγγελμένα
1220 860 1339 941 περὶ
1375 864 1465 918 τοῦ
1491 856 1685 937 πατρός

53 992 76 1027 5
105 992 204 1027 σου
243 962 646 1041 συμὸἄλλεσθαι
683 955 917 1035 μεγάλην
960 952 1137 1011 πίστιν
1166 950 1292 1031 πρὸς
1331 947 1391 1006 τὸ
1425 949 1590 1005 δοκεῖν
1629 935 1686 1003 εὗ

107 1059 325 1135 φρονεῖν
353 1077 415 1111 σε
465 1050 554 1109 καὶ
596 1045 853 1127 διαφέρειν
878 1046 980 1099 τῶν
1019 1040 1208 1097 ἄλλων·
1247 1034 1459 1096 εἰώθασι
1489 1031 1591 1113 γὰρ
1639 1035 1686 1091 οἱ

105 1146 361 1201 πλεῖστοι
383 1143 486 1197 τῶν
523 1133 806 1214 ἀνθρώπων
849 1133 948 1210 οὐχ
974 1126 1136 1193 οὕτως
1160 1126 1385 1183 ἐπαινεῖν
1411 1122 1500 1181 καὶ
1529 1128 1686 1198 τιμᾶν

109 1230 235 1297 τοὺς
268 1232 328 1287 ἐκ
381 1230 484 1285 τῶν
532 1222 775 1301 πατέρων
805 1222 908 1277 τῶν
951 1212 1357 1292 εὗδοκιμούντων
1384 1210 1686 1288 γεγονότας,

109 1323 182 1385 ὡς
209 1316 340 1382 τοὺς
367 1318 424 1373 ἐκ
451 1318 556 1371 τῶν
593 1308 858 1369 δυσκόλων
887 1304 978 1365 καὶ
1008 1306 1284 1383 χαλεπῶν,
1315 1300 1378 1372 ἤν
1421 1322 1520 1379 περ
1566 1298 1690 1373 φαί-

41 1429 85 1469 1o
109 1428 311 1465 νωνται
366 1400 528 1479 μηδὲν
579 1398 748 1475 ὅμοιοι
781 1402 884 1461 τοῖς
929 1398 1163 1471 γονεῦσιν
1216 1388 1376 1455 ὄντες.
1465 1389 1693 1447 Μᾶλλον

110 1495 220 1574 γὰρ
249 1492 340 1551 ἐπὶ
363 1490 570 1548 πάντων
597 1482 974 1566 κεχαρισμένον
1003 1480 1174 1545 αὐτοῖς
1198 1482 1308 1537 ἐστι
1332 1476 1392 1535 τὸ
1427 1474 1572 1556 παρὰ
1601 1474 1692 1533 λό-

111 1606 208 1659 γον
255 1579 545 1656 συμὸαῖνον
586 1573 776 1653 ἀγαθὸν
819 1575 922 1631 τῶν
951 1567 1159 1633 εἰκότως
1208 1567 1297 1625 καὶ
1330 1561 1696 1645 προσηκόντως

116 1666 468 1749 γιγνομένων.

199 1778 254 1819 a.
300 1747 412 1814 inv
435 1750 809 1829 ἐνθυμούμενον
834 1744 940 1827 χρὴ
967 1750 1140 1816 ζητεῖν
1168 1742 1260 1801 καὶ
1296 1742 1614 1822 φιλοσοφεῖν,
1643 1736 1697 1805 ἐξ

53 1868 96 1905 15
117 1846 244 1905 ὅτου
273 1842 472 1924 τρόπου
500 1840 592 1899 καὶ
619 1835 754 1915 μετὰ
774 1834 929 1893 τίνων
960 1831 1050 1891 καὶ
1076 1831 1184 1889 τίσι
1213 1826 1528 1906 συμὸούλοις
1552 1824 1694 1906 χρώ-

123 1956 280 2010 μενος
308 1928 405 1995 τάς
431 1951 489 1985 τε
527 1932 619 1997 τῆς
657 1924 858 1987 πόλεως
897 1918 1116 1998 ἀτυχίας
1164 1912 1566 1996 ἐπανορθώσεις,
1606 1912 1697 1971 καὶ

122 2017 244 2085 τοὺς
272 2016 496 2081 πολίτας
523 2014 610 2073 ἐπί
631 2036 689 2071 τε
716 2011 811 2078 τὰς
838 2008 1084 2089 ἐργασίαις
1111 2005 1202 2063 καὶ
1231 2003 1325 2073 τὴν
1363 2000 1698 2083 σωφροσύνην

29 2106 471 2187 422προτρέψεις,
499 2103 588 2161 καὶ
619 2099 856 2171 ποιήσεις
877 2095 1060 2163 αὐτοὺς
1091 2094 1238 2167 ἥδιον
1261 2097 1354 2163 ζ’ῆν
1381 2091 1473 2150 καὶ
1499 2095 1700 2169 θαρρα-

124 2196 384 2274 λεώτερον
413 2191 449 2263 ἢ
477 2192 564 2249 τὸν
592 2186 917 2269 παρελθόντα
937 2184 1145 2265 χρόνον.
1231 2184 1420 2242 Ταῦτα
1437 2178 1540 2259 γάρ
1563 2181 1701 2237 ἐστιν

51 2305 100 2343 2⁰
131 2284 265 2362 ἔργα
307 2284 414 2340 τῶν
463 2280 626 2357 ὀρθῶς
669 2276 760 2335 καὶ
809 2272 1070 2355 φρονίμως
1113 2266 1542 2347 τυραννευόντων.
1639 2267 1702 2343 (4)

128 2364 237 2431 Ὧν
279 2368 400 2428 ἔνιοι
435 2363 922 2447 καταφρονήσαντες
957 2357 1101 2419 οὐδὲν
1131 2359 1262 2417 ἄλλο
1290 2361 1543 2416 σκοποῦσι
1565 2353 1703 2424 πλὴν

135 2460 282 2523 ὅπως
310 2454 453 2515 αὐτοί
495 2461 542 2515 θ’
572 2458 642 2519 ὡς
693 2449 828 2529 μετὰ
868 2447 1116 2515 πλείστης
1145 2444 1417 2523 ἀσελγείας
1464 2442 1550 2501 τὸν
1594 2440 1703 2519 βίον

133 2546 400 2621 διάξουσι,
427 2544 532 2601 τῶν
560 2564 618 2599 τε
645 2542 872 2598 πολιτῶν
899 2535 1018 2602 τοὺς
1059 2534 1356 2614 βελτίστους
1401 2530 1493 2589 καὶ
1537 2533 1704 2589 πλου-

135 2631 426 2697 σιωτᾶτους
449 2628 538 2688 καὶ
563 2626 982 2709 φρονιμωτάτους
1001 2624 1353 2700 λυμανοῦνται
1379 2618 1472 2677 καὶ
1505 2620 1709 2694 δασμο-

60 2747 110 2783 25
132 2720 457 2799 λογήσουσι,
507 2720 682 2781 κακῶς
725 2712 914 2779 εἰδότες
939 2708 1020 2770 ὅτι
1050 2708 1306 2790 προσήκει
1337 2706 1454 2773 τοὺς
1496 2696 1553 2763 εῧ
1585 2728 1712 2787 φρο-

132 2816 356 2872 νοῦντας
378 2804 470 2863 καὶ
497 2802 592 2874 τὴν
633 2800 794 2877 τιμὴν
833 2798 1031 2870 ταύτην
1075 2796 1290 2876 ἔχοντας
1341 2793 1416 2870 μὴ
1456 2797 1560 2860 τοῖς
1605 2797 1710 2851 τῶν

135 2897 317 2955 ἄλλων
342 2896 522 2958 κακοῖς
559 2890 732 2955 αὑτοῖς
757 2886 944 2959 ἡδονὰς
973 2882 1412 2964 παρασκευάζειν,
1437 2882 1575 2940 ἀλλὰ
1601 2882 1714 2947 ταῖς

135 2988 316 3043 αὑτῶν
337 2979 656 3057 ἐπιμελείαις
667 2976 785 3044 τοὺς
797 2975 1016 3041 πολίτας
1029 2970 1511 3049 εὐδαιμονεστέρους
1527 2974 1712 3041 ποιεῖν,

139 3076 208 3150 (5)
266 3068 402 3148 μηδὲ
447 3070 644 3146 πικρῶς
691 3066 787 3142 μὲν
832 3064 922 3122 καὶ
970 3064 1218 3141 χαλεπῶς
1259 3059 1548 3117 διακεῖσθαι
1589 3056 1716 3137 πρὸς

55 3182 106 3221 so
140 3160 419 3228 ἅπαντας,
447 3155 661 3231 ἀμελεῖν
687 3152 742 3211 δὲ
769 3156 862 3222 τῆς
891 3153 1061 3209 αὑτῶν
1091 3145 1539 3227 σωτηρίας,·ἀλλ’
1580 3146 1717 3203 οὕτω

141 3246 241 3323 μὲν
288 3245 471 3325 πράως
504 3241 594 3301 καὶ
635 3238 866 3317 νομίμως
893 3235 1188 3295 ἐπιστατεῖν
1229 3236 1332 3291 τῶν
1361 3230 1712 3311 πραγμάτων,

139 3334 282 3393 ὥστε
312 3330 514 3408 μηδένα
541 3330 740 3407 τολμᾶν
768 3326 939 3391 αὐτοῖς
962 3321 1336 3398 ἐπιδουλεύειν,
1365 3320 1498 3395 μετὰ
1524 3318 1717 3379 τοσαύ-

139 3448 239 3495 της
267 3420 311 3479 δ’
339 3417 608 3499 ἀκριὸείας
635 3415 729 3487 τὴν
761 3410 854 3474 τοῦ
899 3411 1140 3489 σώματος
1166 3413 1427 3468 ποιεῖσθαι
1455 3407 1716 3489 φυλακήν,

144 3516 218 3574 ὡς
245 3508 499 3567 ἁπάντων
523 3503 707 3570 αὐτοὺς
733 3505 930 3559 ἀνελεῖν
955 3498 1301 3579 βουλομένων.
1383 3496 1598 3567 Ταύτην
1619 3494 1720 3575 γὰρ

65 3625 118 3663 ³5
143 3599 246 3670 τὴν
279 3596 510 3655 διάνοιαν
541 3596 746 3673 ἔχοντες
769 3588 917 3648 αὐτοί
938 3587 984 3645 τ’
1014 3584 1077 3646 ἂν
1105 3585 1203 3653 ἔξω
1226 3589 1330 3643 τῶν
1353 3584 1600 3642 κινδύνων
1620 3574 1722 3641 εἶεν

33 3672 40 3675 “
143 3686 240 3744 καὶ
267 3682 416 3764 παρὰ
439 3682 545 3746 τοῖς
569 3680 744 3745 ἄλλοις
775 3678 1110 3751 εὐδοκιμοῖεν·
1138 3664 1212 3733 ὧν
1238 3671 1410 3750 ἀγαθὰ
1437 3672 1597 3750 μείζω
1619 3694 1722 3750 χα-

143 3772 314 3833 λεπὸν
349 3770 512 3849 εὑρεῖν
539 3772 698 3826 ἐστιν.
783 3767 844 3842 (o)
883 3760 1240 3840 Ἐνεθυμήθην
1271 3758 1325 3818 δὲ
1365 3757 1556 3836 μεταξὺ
1594 3758 1724 3837 γροῖ-

147 3884 291 3943 φων,
321 3862 393 3925 ὥς
427 3859 654 3935 εὗτυχῶς
686 3852 896 3912 ἅπαντά
928 3874 1008 3909 σοι
1053 3847 1376 3927 συμὸέὸηκε.
1474 3846 1587 3918 Τὴν
1631 3846 1725 3922 μὲν

147 3949 259 4026 γὰρ
288 3943 564 4025 εὐπορίαν,
593 3942 657 4014 ἣν
685 3946 969 4019 ἀναγκαῖον
995 3930 1060 4010 ἦν
1088 3936 1382 4007 κτήσασθαι
1415 3936 1729 4015 τυραννικῶς

68 4063 130 4101 ω
153 4034 295 4115 μετὰ
327 4033 446 4113 βίας
489 4032 582 4091 καὶ
627 4031 825 4100 πολλ’ἥς
853 4025 1158 4105 ἀπεχθείας,
1192 4029 1221 4082 ὁ
1247 4022 1424 4104 πατήρ
1454 4046 1535 4081 σοι
1561 4046 1727 4080 κατα-

149 4123 400 4193 λέλοιπε,
423 4118 483 4177 τὸ
505 4116 558 4177 δὲ
578 4122 808 4199 χρῆσθαι
825 4115 1023 4181 τούτοις
1045 4114 1221 4179 καλῶς
1243 4110 1334 4171 καὶ
1355 4110 1730 4191 φιλανθρώπως

153 4210 249 4269 ἐπὶ
280 4208 366 4267 σοὶ
391 4206 616 4286 γέγονεν·
645 4198 717 4265 ὧν
745 4204 851 4285 χρή
884 4228 942 4262 σε
971 4199 1172 4272 πολλὴν
1199 4204 1460 4259 ποιεῖσθαι
1489 4200 1584 4270 τὴν
1615 4200 1732 4256 ἐπι-

157 4298 402 4375 μέλειαν.

241 4406 291 4444 7.
333 4381 398 4441 Ἃ
429 4380 522 4458 μὲν
564 4370 654 4439 οὖν
701 4383 804 4457 ἐγὼ
845 4378 1152 4457 γιγνώσκω,
1177 4379 1324 4434 ταῦτ’
1351 4374 1509 4433 ἐστίν·
1551 4374 1660 4454 ἔχει
1688 4376 1733 4432 δ’

73 4495 124 4531 ⁴5
155 4472 350 4536 οὕτως.
437 4470 502 4529 Ei
525 4467 618 4545 μὲν
635 4470 754 4549 ἐρᾷς
767 4466 1056 4547 χρημάτων
1073 4466 1164 4523 καὶ
1189 4463 1416 4541 μείζονος
1431 4462 1733 4529 δυναστείας

159 4560 256 4619 καὶ
300 4554 566 4627 κινδύνων,
613 4555 677 4613 δι’
716 4547 788 4612 ὧν
817 4558 871 4613 αἱ
901 4554 1110 4631 κτήσεις
1135 4551 1330 4611 τούτων
1361 4550 1506 4625 εἰσίν,
1536 4551 1735 4631 ἑτέρους

161 4671 250 4706 σοι
276 4643 600 4721 συμὸούλους
627 4640 1012 4722 παρακλητέον·
1049 4644 1094 4699 εἷ
1129 4640 1184 4699 δὲ
1215 4644 1384 4697 ταῦτα
1427 4638 1520 4715 μὲν
1549 4642 1736 4705 ἱκανῶς

163 4736 342 4813 ἔχεις,
375 4733 562 4811 ἀρετῆς
589 4729 644 4787 δὲ
683 4729 773 4789 καὶ
803 4728 949 4800 δόξης
975 4731 1138 4799 καλῆς
1174 4727 1265 4786 καὶ
1305 4730 1398 4797 τῆς
1443 4727 1588 4807 παρὰ
1631 4731 1734 4785 τῶν

163 4822 384 4879 πολλῶν
429 4817 626 4884 εὐνοίας
667 4820 963 4893 ἐπιθυμεῖς,
1005 4824 1110 4883 τοῖς
1135 4838 1192 4873 τε
1237 4816 1407 4891 λόγοις
1453 4822 1557 4881 τοῖς
1601 4814 1741 4891 ἐμοῖς

43 4904 48 4907 ’
77 4940 132 4977 ω
165 4901 486 4988 προσεκτέον
513 4905 603 4963 τὸν
630 4911 748 4963 νοῦν
777 4908 914 4977 ἐστι,
941 4904 1032 4963 καὶ
1060 4906 1166 4970 τοῖς
1210 4906 1384 4969 καλῶς
1423 4902 1518 4969 τὰς
1564 4904 1742 4969 πόλεις
1772 4914 1806 4953 e

176 4996 265 5063 τὰς
295 4998 467 5052 αὑτῶν
496 4994 772 5051 διοικοῦσιν
797 4991 1131 5069 ἇμιλλητέον,
1160 4990 1250 5049 καὶ
1275 4990 1546 5071 πειρατέον
1569 4993 1739 5047 αὐτῶν

897 5078 953 5138 δὲ
984 5079 1256 5157 Κλέομμιν
1280 5076 1368 5135 τὸν
1395 5080 1446 5135 ἐν
1476 5075 1744 5155 Μηθύμνῃ
1835 5071 2014 5128 strant,
2038 5072 2087 5115 et
2110 5062 2389 5114 tentandum
2418 5061 2562 5110 etiam
2586 5062 2639 5106 ut
2656 5069 2738 5106 eos
2761 5066 2973 5117 superes,
3054 5049 3123 5111 (8)
3147 5051 3267 5098 Nam
3291 5047 3395 5097 Cle·

171 5086 472 5159 διενεγκεῐν.
579 5080 642 5160 (8)
676 5081 870 5140 Ἀκούω

169 5170 376 5243 ταύτην
409 5168 598 5248 ἔχοντα
625 5168 718 5239 τὴν
750 5168 1050 5227 δυναστείαν
1073 5168 1194 5245 περί
1218 5189 1274 5224 τε
1304 5161 1398 5230 τὰς
1425 5164 1586 5229 ἄλλας
1609 5164 1745 5243 προί-

3206 466 3319 520 293

1775 598 1854 647 tali
1877 588 2131 647 animosis
2150 596 2393 660 praeditus.
2456 598 2615 653 Quare
2632 595 2705 658 si,
2734 598 2791 647 ut
2819 596 3007 659 coepisti
3020 633 3034 655 ,
3058 597 3331 661 passimque

1774 702 1834 753 de
1853 704 1902 753 te
1921 714 2048 751 nunc
2064 701 2365 765 praedicatur,
2390 700 2656 763 perrexeris
2668 736 2683 761 ‚
2702 712 2799 749 non
2820 699 3027 750 defuturi
3050 702 3166 751 sunt
3187 700 3339 762 quiet

1775 809 2060 871 sapientiam
2094 812 2225 857 tuam
2260 810 2311 856 et
2341 806 2611 856 institutum
2652 804 2781 855 istud
2821 804 3045 854 laudibus
3079 804 3337 855 illustrent.

1777 912 1844 973 (2)
1873 911 2091 961 Arbitror
2116 914 2279 959 autem
2312 910 2455 959 etiam
2479 922 2536 958 ea
2566 921 2678 971 quae
2710 908 2770 958 de
2802 912 2938 971 patre
2974 909 3063 957 tuo
3098 907 3341 965 dicuntur,

1776 1017 2005 1065 momenti
2028 1015 2233 1064 multum
2252 1013 2313 1063 ad
2337 1014 2426 1062 hoe
2452 1026 2559 1063 esse
2588 1012 2816 1073 allatura,
2846 1017 2900 1061 ut
2935 1024 3099 1075 sapere
3138 1010 3342 1072 aliisque

1777 1125 2006 1184 praestare
2024 1119 2253 1169 videaris.
2320 1118 2485 1168 Solent
2506 1118 2635 1167 enim
2667 1117 2879 1180 plerique
2898 1115 3077 1166 nonita
3107 1128 3345 1165 commen-

1777 1228 1890 1277 dare
1912 1230 1963 1277 et
1980 1226 2193 1276 venerari
2214 1224 2417 1275 laudatis
2436 1224 2653 1287 patribus
2668 1228 2809 1273 natos
2821 1259 2836 1283 ,
2858 1226 2913 1272 ut
2936 1236 3018 1273 eos
3036 1222 3121 1285 qui
3157 1224 3347 1284 patrum

1781 1332 2016 1383 saevitiam
2041 1336 2089 1383 et
2105 1330 2451 1381 immanitatem
2471 1328 2601 1379 nulla
2618 1342 2679 1379 ex
2699 1332 2832 1392 parte
2854 1327 3118 1378 imitantur.
3203 1328 3345 1388 Quic-

1781 1437 1896 1501 quid
1920 1437 2047 1487 enim
2070 1435 2185 1485 boni
2212 1434 2495 1484 mortalibus
2511 1437 2685 1497 praeter
2701 1432 3102 1496 exspectationem
3120 1431 3346 1492 offertur,

1783 1542 1832 1591 id
1851 1541 2077 1591 omnibus
2092 1540 2139 1589 in
2158 1538 2303 1589 rebus
2324 1538 2463 1601 longe
2480 1537 2662 1600 gratius
2681 1538 2757 1586 est
2778 1550 2923 1600 quam
2956 1549 3013 1585 ea
3034 1548 3147 1599 quae
3175 1536 3351 1585 usitata

1783 1643 1834 1687 et
1851 1637 2059 1699 legitima
2080 1637 2263 1687 ratione
2280 1640 2583 1701 contingunt.

1847 1752 1892 1797 3.
1930 1746 2017 1796 llis
2031 1746 2175 1807 igitur
2192 1747 2507 1797 consideratis
2524 1747 2839 1811 quaerendum
2864 1747 2951 1795 tibi
2982 1749 3031 1796 et
3053 1745 3255 1796 sollicite
3276 1756 3353 1804 co·

1782 1854 2033 1916 gitandum
2050 1859 2151 1917 est,
2172 1856 2348 1919 quibus
2378 1852 2604 1908 modis'et
2631 1869 2837 1919 quorum
2868 1869 3013 1918 opera
3052 1867 3355 1918 quorumque

1784 1959 1997 2008 consiliis
2014 1960 2119 2008 tum
2152 1960 2285 2009 urbis
2307 1961 2601 2010 calamitates
2618 1960 2847 2009 emendes
2863 1995 2878 2020 ,
2904 1966 3007 2008 tum
3027 1960 3157 2007 cives
3188 1956 3250 2006 ad
3278 1956 3358 2005 os·

1727 2098 1766 2139 a
1789 2064 1949 2115 licium
1975 2070 2025 2115 et
2062 2066 2345 2115 modestiam
2380 2066 2673 2128 cohorteris,
2703 2070 2849 2129 atque
2877 2065 3057 2115 efficias
3084 2069 3139 2113 ut
3168 2068 3217 2113 et
3252 2076 3360 2113 sua-

1793 2171 1899 2219 vius
1916 2175 1967 2220 et
1998 2170 2218 2219 securius
2246 2184 2411 2220 aevum
2436 2171 2661 2234 exigant,
2694 2183 2837 2233 quam
2865 2170 3096 2234 superiori
3130 2171 3359 2232 tempore.

1790 2277 1910 2325 Nam
1939 2274 2045 2323 baec
2070 2274 2225 2324 officia
2252 2276 2366 2324 sunt
2398 2266 2643 2325 bonorum'
2658 2280 2708 2323 et
2728 2274 3031 2323 cordatorum
3071 2272 3358 2335 principum.

1792 2379 1860 2442 (4)
1886 2379 2072 2436 Quibus
2100 2380 2321 2429 nonnulli
2354 2380 2641 2443 contemptis
2674 2379 2796 2428 inid
2828 2392 2978 2429 unum
3018 2378 3186 2429 intenti
3218 2382 3361 2437 sunt,

1794 2485 1923 2534 utin
1942 2498 2132 2534 summa
2156 2485 2344 2535 licentia
2368 2486 2517 2535 vitam
2536 2485 2799 2547 transigant
2828 2486 3132 2549 optimosque
3162 2488 3211 2534 et
3242 2496 3363 2545 opu-

1799 2587 2088 2638 lentissimos
2104 2591 2155 2637 et
2172 2588 2571 2651 prudentissimos
2594 2588 2773 2639 civium
2788 2588 2971 2651 iniuriis
2991 2586 3199 2637 alliciant
3218 2590 3269 2637 et
3285 2587 3365 2636 tri·

1799 2692 1918 2741 buta
1938 2690 1999 2740 ab
2038 2691 2097 2740 iis
2128 2691 2334 2752 exigant.
2400 2694 2627 2753 Ignorant
2662 2690 2729 2741 illi
2768 2691 3020 2751 nimirum,
3044 2689 3211 2739 decere
3237 2690 3367 2738 viros

1734 2784 1779 2847 b
1801 2796 2056 2859 prudentes
2078 2796 2127 2844 in
2152 2795 2244 2845 hoc
2282 2795 2518 2845 honorum
2541 2798 2591 2844 et
2612 2794 2858 2857 dignitatis
2887 2794 3076 2857 fastigio
3108 2794 3365 2843 collocatos

1801 2914 1897 2949 non
1911 2912 1971 2949 ex
1986 2898 2187 2948 aliorum
2208 2898 2414 2948 miseriis
2432 2911 2544 2948 suas
2564 2910 2730 2960 parare
2749 2898 3037 2960 voluptates,
3058 2896 3141 2946 sed
3166 2910 3251 2945 sua
3272 2897 3365 2945 sol·

1803 3007 2051 3058 licitudine
2070 3012 2118 3056 et
2134 3006 2379 3056 laboribus
2405 3006 2585 3055 civium
2609 3005 2881 3055 felicitatem
2900 3018 3073 3067 augere
3085 3039 3103 3064 ,
3124 3006 3192 3067 (5)
3214 3018 3371 3068 neque

1803 3111 2108 3161 acerbitatem
2123 3115 2173 3160 et
2186 3110 2421 3161 saevitiam
2434 3110 2483 3158 iu
2498 3122 2665 3159 omnes
2678 3120 2898 3158 exercere
2909 3121 3141 3170 suamque
3156 3108 3371 3170 ipsorum

1805 3219 2009 3269 salutem
2030 3218 2287 3281 negligere,
2316 3218 2401 3267 sed
2427 3217 2683 3281 imperium
2716 3230 2773 3267 ea
2796 3216 3049 3266 clementia
3076 3220 3125 3265 et
3150 3215 3374 3278 aequitate

1805 3325 2166 3387 administrare,
2192 3331 2246 3376 ut
2270 3338 2413 3375 nemo
2436 3326 2505 3375 eis
2527 3325 2700 3375 audeat
2736 3324 2974 3385 insidiari,
3002 3326 3051 3373 et
3074 3336 3169 3372 non
3192 3322 3374 3371 minore

1809 3435 1960 3484 vitam
1990 3448 2126 3485 suam
2145 3434 2389 3497 diligentia
2415 3435 2628 3494 munire,
2652 3446 2797 3495 quam
2822 3432 2862 3481 si
2892 3444 3059 3481 omnes
3090 3432 3135 3479 in
3162 3430 3373 3493 ipsorum

1752 3510 1786 3550 ο
1810 3546 2011 3595 exitium
2032 3546 2403 3607 conspirassent.
2469 3543 2573 3593 Hoc
2598 3542 2725 3591 enim
2746 3541 2907 3590 animo
2924 3540 2967 3589 si
2984 3544 3143 3602 agant,
3160 3540 3243 3589 fiet
3256 3544 3310 3589 ut
3328 3541 3379 3589 et

1811 3651 1903 3714 ipsi
1930 3654 2062 3701 extra
2088 3649 2351 3713 perieulum
2370 3650 2493 3710 sint,
2512 3651 2562 3699 ct
2592 3646 2722 3711 apud
2756 3648 2941 3695 ceteros
2976 3645 3125 3707 gloria
3160 3644 3375 3694 floreant.

1815 3757 2005 3814 Quibus
2036 3755 2217 3819 majora
2252 3755 2377 3805 bona
2402 3753 2618 3804 invenire
2644 3752 2837 3802 difficile
2860 3752 2951 3801 est.
3019 3750 3085 3813 (6)
3110 3752 3241 3799 Inter
3266 3751 3381 3799 scri·

1817 3860 2024 3909 bendum
2061 3865 2219 3908 autem
2252 3858 2301 3907 in
2344 3860 2553 3907 mentem
2587 3856 2705 3905 mihi
2739 3855 2871 3905 venit
2912 3852 3258 3903 secundissima
3290 3852 3379 3900 tibi

1816 3963 1980 4013 omnia
2002 3962 2247 4011 accidisse.
2290 3966 2454 4025 opum
2478 3960 2605 4010 enim
2624 3958 2965 4008 abundantiam
2982 3992 2999 4018 ,
3022 3969 3167 4019 quam
3194 3967 3385 4005 necesse

1817 4070 1921 4117 erat
1934 4066 2058 4129 regio
2072 4065 2214 4115 modo
2230 4065 2277 4113 vi
2291 4064 2550 4127 multisque
2567 4063 2827 4113 inimicitiis
2842 4061 3077 4123 susceptis
3093 4072 3385 4123 comparare,

1819 4178 1954 4233 pater
1981 4170 2065 4220 tibi
2093 4170 2317 4234 reliquit:
2342 4170 2420 4219 liis
2441 4181 2561 4219 vero
2586 4169 2708 4217 bene
2735 4174 2784 4218 et
2811 4166 3086 4216 humaniter
3102 4164 3207 4225 uti,
3232 4164 3281 4213 in
3302 4166 3387 4214 tua

1753 4199 1796 4261 d

1822 4286 1965 4323 manu
1986 4280 2083 4336 est;
2108 4279 2157 4323 et
2180 4274 2228 4323 in
2252 4286 2309 4323 eo
2326 4274 2377 4323 te
2394 4285 2583 4321 summo
2603 4271 2763 4321 studio
2782 4270 3026 4321 elaborare
3046 4268 3199 4319 decet.

1883 4387 1929 4432 7.
1962 4386 2084 4441 Quae
2117 4382 2263 4444 igitur
2294 4380 2412 4430 mihi
2443 4379 2662 4430 consulta
2682 4379 2947 4438 videantur,
2972 4378 3075 4427 haec
3108 4378 3242 4427 sunt.
3310 4372 3389 4425 Sic

1821 4486 1982 4531 autem
2002 4493 2055 4530 se
2074 4493 2148 4529 res
2166 4479 2311 4529 babet
2334 4494 2347 4527 ε
2371 4480 2413 4528 si
2441 4478 2666 4541 pecunias
2696 4476 3023 4538 maioremque
3053 4474 3311 4538 potentiam
3334 4478 3385 4523 et

1824 4578 2030 4643 pericula
2043 4616 2059 4640 ,
2080 4578 2183 4627 sine
2202 4576 2379 4640 quibus
2402 4576 2479 4625 11ae
2498 4574 2647 4638 parari
2665 4576 2936 4636 nequeunt,
2956 4570 3179 4631 adamas,
3203 4568 3283 4618 alii
3304 4568 3387 4617 tibi

1827 4680 1874 4727 in
1897 4678 2150 4728 consilium
2166 4674 2420 4725 adhibendi
2434 4678 2601 4733 erunt;
2618 4674 2690 4723 sin
2711 4671 2798 4722 tibi
2823 4671 2992 4720 barum
3012 4680 3173 4718 rerum
3196 4663 3391 4714 abundo

1828 4778 1931 4835 est,
1950 4774 2142 4824 virtutis
2165 4786 2281 4823 vero
2297 4775 2347 4823 et
2369 4772 2584 4821 honestoe
2608 4770 2747 4819 famoe
2765 4780 2821 4817 ac
2851 4763 3089 4829 popularis
3112 4760 3391 4811 benevolen-

1829 4877 1910 4925 tiae
1934 4872 2168 4924 desiderio
2186 4872 2361 4921 teneris
2374 4907 2387 4931 ‚
2407 4872 2457 4920 et
2476 4868 2679 4919 orationi
2710 4878 2831 4915 mess
2852 4858 3279 4923 obtemperandum
3302 4858 3394 4907 erit

1831 4976 1880 5021 et
1914 4970 2139 5020 cumillis
2176 4960 2485 5026 certandum,
2510 4966 2592 5027 qui
2620 4962 2845 5025 praeclare
2868 4970 2981 5009 suas
3018 4956 3159 5005 urbes
3197 4952 3395 5003 admini-

1835 5166 2016 5213 ommin
2062 5162 2231 5221 audio,
2271 5160 2353 5222 qui
2380 5158 2671 5218 Methymna}
2706 5150 2995 5207 dominatur,
3017 5159 3167 5208 quum
3201 5144 3247 5193 in
3289 5144 3395 5192 aliis

179 5258 279 5327 ξεις
308 5256 471 5316 καλὸν
499 5255 723 5334 κάγαθὸν
771 5246 902 5314 εἶναι
951 5254 1039 5313 καὶ
1082 5254 1348 5336 φρόνιμον,
1389 5254 1475 5311 καὶ
1505 5256 1748 5311 τοσοῦτον
1837 5262 2105 5315 actionibus
2129 5260 2218 5310 viri
2241 5256 2353 5307 boni
2379 5260 2425 5305 et
2450 5252 2584 5317 probi
2603 5258 2650 5302 et
2672 5246 2919 5315 prudentis
2942 5244 3071 5305 fungi
3096 5241 3399 5305 officio,lum
