3825 5842
512 410 626 460 290

514 531 644 607 μήτε
671 532 906 611 προσερῶ
936 528 1060 607 μήτ’
1092 530 1427 607 ἀποίσομαι,
1451 530 1584 607 μήτε
1607 531 1792 610 γράψω
1815 554 1864 588 τι
1886 534 2050 589 τοιοῦ·

509 641 596 675 τον
623 618 652 677 ὃ
676 617 881 688 ποιήσει
905 618 1021 684 τοὺς
1044 617 1352 693 ἀναγνόντας
1381 618 1454 694 μὴ
1478 619 1700 693 νομίζειν
1724 618 1824 689 ἤδη
1857 642 1922 694 με
1950 640 2052 674 πα-

517 709 784 786 ραφρονεῖν
813 703 897 763 διὰ
923 705 982 763 τὸ
1015 709 1179 784 γῆρας
1205 703 1337 781 μηδὲ
1368 704 1666 763 παντάπασι
1711 706 1905 786 ληρεῖν,
1937 705 2055 761 ἀλλ’

509 790 586 849 ἔτι
610 792 670 851 τὸ
694 792 1164 869 καταλελειμμένον
1211 815 1308 867 μου
1351 794 1502 871 μέρος
1533 792 1622 850 καὶ
1649 793 1826 849 λοιπὸν
1860 790 1915 849 δν
1958 794 2051 849 οὐκ

455 886 482 925 ⁵
509 876 710 945 ἀνάξιον
739 869 868 936 εἶναι
895 882 986 948 τῆς
1014 878 1278 953 δυνάμεως
1304 878 1368 951 ἣν
1397 878 1549 958 ἔσχον
1580 878 1819 956 νεώτερος
1842 876 1933 936 ὤν.

585 984 627 1022 2.
669 963 865 1024 Ἀκούω
893 965 948 1022 δέ
979 988 1038 1022 σε
1059 964 1267 1023 πάντων
1295 965 1567 1043 λεγόντων,
1601 970 1668 1030 ὡς
1701 964 2053 1045 φιλάνθρωπος

507 1042 556 1108 εἷ
591 1050 682 1108 καὶ
707 1050 1035 1130 φιλαθήναιος
1062 1052 1152 1109 καὶ
1177 1052 1477 1133 φιλόσοφος,
1508 1056 1601 1109 οὐκ
1631 1052 1886 1131 ἀφρόνως,
1920 1050 2057 1107 ἀλλὰ

506 1144 624 1197 νοῦν
654 1137 890 1217 ἐχόντως.
993 1142 1114 1197 Τῶν
1142 1162 1198 1197 τε
1225 1138 1325 1219 γὰρ
1351 1142 1576 1197 πολιτῶν
1607 1136 1955 1217 ἀποδέχεσθαί
1998 1162 2055 1195 σε

503 1231 608 1285 τῶν
639 1224 906 1305 ἡμετέρων
939 1226 998 1283 οὗ
1040 1224 1156 1291 τοὺς
1182 1226 1513 1301 ἠμεληκότας
1551 1226 1846 1284 moranni
1895 1248 2057 1294 πονη-

435 1338 486 1376 ιο
511 1317 611 1393 ρῶν
638 1314 965 1393 πραγμάτων
990 1313 1393 1390 ἐπιθυμοῦντας,
1431 1314 1545 1372 ἀλλ’
1575 1306 1650 1380 οἷς
1683 1312 2055 1392 συνδιατρίὸων

401 1406 556 1465 417τ’
603 1402 696 1457 οὐκ
745 1399 807 1457 ἃν
852 1400 1161 1476 λυπηθείης,
1209 1400 1524 1476 συμὸάλλων
1561 1424 1615 1458 τε
1661 1399 1751 1458 καὶ
1799 1402 2054 1458 κοινωνῶν

504 1485 830 1566 πραγμάτων
867 1484 1010 1544 οὐδὲν
1051 1486 1114 1544 ἂν
1162 1487 1409 1564 βλαὸείης
1438 1489 1544 1545 οὔδ’
1587 1487 1899 1560 ἀδικηθείης,
1934 1485 2056 1551 οἵοις

505 1596 604 1654 περ
628 1571 733 1653 χρὴ
761 1574 1063 1644 πλησιάζειν
1089 1574 1206 1639 τοὺς
1241 1566 1298 1633 εὖ
1325 1582 1648 1655 φρονοῦντας·
1751 1578 1816 1651 (3)
1851 1576 1957 1631 τῶν
1996 1594 2054 1629 τε

506 1664 818 1741 φιλοσοφιῶν
854 1662 948 1719 οὐκ
971 1662 1369 1737 ἀποδοκιμάζειν
1399 1662 1492 1739 μὲν
1533 1662 1648 1720 οὐδὲ
1674 1661 1771 1731 τὴν
1810 1660 1930 1739 περὶ
1963 1658 2055 1725 τὰς

432 1759 483 1798 15
506 1748 700 1828 ἔριδας,
723 1747 860 1805 ἀλλὰ
886 1748 1108 1826 νομίζειν
1139 1740 1270 1806 εἶναι
1291 1748 1659 1820 πλεονεκτικὴν
1691 1750 1742 1806 ἐν
1767 1757 1878 1814 ταῖς
1907 1747 2055 1814 ἰδίαις

505 1836 820 1916 διατριὸαῒς,
865 1837 924 1892 οὗ
967 1837 1071 1913 μὴν
1111 1836 1388 1915 ἁρμόττειν
1427 1836 1544 1895 οὔτε
1571 1838 1675 1902 τοῖς
1703 1842 1790 1894 τοῦ
1827 1836 2057 1905 πλήθους

504 1926 824 2001 προεστῶσιν
849 1921 965 1980 οὔτε
991 1931 1096 1988 τοῖς
1120 1923 1215 1989 τὰς
1245 1923 1530 2003 μοναρχίας
1553 1923 1777 2002 ἔχουσιν·
1803 1922 1919 1980 οὐδὲ
1954 1921 2055 1999 γὰρ

505 2008 782 2089 συμφέρειν
804 2008 918 2066 οὐδὲ
931 2008 1146 2089 πρέπειν
1165 2018 1270 2075 τοῖς
1285 2012 1457 2085 μεῖζον
1474 2014 1573 2069 τῶν
1599 2010 1770 2067 ἄλλων
1785 2015 2053 2088 φρονοῦσιν

1526 399 2007 459 ΙΣΟΚΡΑΤΟΥΣ
2046 397 2486 456 ΕΠΙΣΤΟΛΑΙ.
2530 398 2616 473 C.

2144 550 2299 599 neque
2316 538 2646 599 compellarem
2665 550 2821 600 neque
2838 538 3089 586 salutarem
3108 574 3123 597 ,
3144 552 3298 601 neque
3322 537 3406 589 tale
3423 542 3577 603 aliquid
3597 543 3647 589 ad

2142 627 2192 673 te
2215 624 2496 685 scriberem,
2525 626 2653 687 quod
2690 626 2897 675 efficeret
2926 640 2985 675 ne
3016 627 3050 675 ii
3086 628 3170 689 qui
3204 628 3430 689 legerent,
3462 636 3651 691 putarent

2144 726 2221 760 me
2239 714 2335 773 jam
2357 713 2487 762 senio
2506 711 2717 774 desipere
2730 719 2813 761 aut
2835 727 3022 775 prorsus
3044 714 3243 765 delirare
3255 751 3269 772 ,
3286 716 3366 764 sed
3384 716 3503 777 quod
3522 717 3652 765 adhuc

2143 800 2375 861 reliquum
2400 803 2473 849 est
2492 801 2647 849 meiat
2668 802 2850 863 exstat,
2870 814 2963 851 non
2982 802 3227 863 iudignum
3246 816 3349 852 esse
3366 817 3420 851 ea
3438 804 3650 862 facultate,

2142 900 2237 948 qua
2256 886 2418 947 junior
2440 888 2683 937 florebam.

2209 980 2253 1021 2.
2289 974 2541 1023 Praedicari
2564 978 2723 1023 autem
2743 977 2792 1024 te
2810 974 2869 1023 ab
2888 975 3109 1023 omnibus
3126 976 3269 1025 audio
3290 983 3344 1025 ut
3362 981 3407 1026 et
3422 977 3654 1026 humanum

2144 1065 2192 1109 et
2214 1061 2575 1110 Atheniensibus
2612 1062 2815 1111 amicum
2840 1066 2887 1111 et
2915 1064 3163 1124 sapientire
3185 1066 3447 1113 studiosum
3464 1100 3479 1124 ,
3508 1066 3553 1113 in
3577 1080 3654 1125 quo

2145 1149 2351 1209 protecto
2380 1162 2473 1197 non
2493 1149 2785 1211 insipienter,
2806 1130 2889 1198 sed
2914 1149 3281 1211 prudentissime
3308 1152 3436 1200 sacis.
3466 1153 3548 1201 Illo
3562 1166 3657 1214 quo—

2144 1249 2236 1296 que
2259 1234 2447 1283 laudem
2472 1236 2692 1293 mereris,
2711 1236 2838 1297 quod
2858 1250 2915 1284 ex
2938 1237 3112 1285 nostris
3134 1238 3324 1287 civibus
3341 1240 3558 1301 suscipias
3574 1254 3651 1287 non

2144 1334 2225 1369 eos
2243 1321 2325 1384 qui
2346 1322 2527 1371 nullum
2549 1324 2736 1371 virtutis
2755 1328 2804 1371 et
2821 1322 3051 1372 doctrinae
3072 1324 3288 1373 studium
3312 1325 3563 1375 habuerunt
3581 1340 3655 1375 ma-

2090 1409 2391 1470 alarumque
2430 1423 2585 1458 rerum
2618 1409 2877 1471 cupiditate
2915 1412 3157 1462 constricti
3192 1416 3432 1470 tenentur,
3459 1414 3535 1461 sed
3566 1428 3654 1475 eos,

2143 1508 2348 1557 quorum
2377 1496 2779 1559 disputationibus
2797 1496 3045 1545 audiendis
3072 1498 3226 1547 nullas
3246 1500 3484 1548 molestias
3502 1500 3654 1561 capitu,

2143 1596 2441 1645 quorumque
2472 1585 2772 1633 commerciis
2796 1586 2846 1632 et
2874 1584 3085 1634 consiliis
3117 1586 3299 1635 utendo
3324 1601 3473 1649 neque
3505 1589 3654 1635 damnis

2142 1683 2296 1731 neque
2332 1670 2513 1731 injuriis
2544 1669 2761 1719 afficiaris
2782 1688 2793 1719 :
2814 1671 2959 1719 atium
2998 1672 3125 1721 enim
3159 1674 3457 1723 consuetudo
3490 1674 3651 1735 prudeu-

2146 1757 2272 1807 tibus
2300 1758 2559 1819 cxpeteuda
2579 1762 2665 1805 est.
2701 1760 2767 1819 (3)
2788 1760 2915 1806 Inter
2936 1758 3263 1808 doctrinarum
3292 1774 3430 1823 porro
3450 1774 3651 1822 generant

2144 1844 2411 1893 dialecticas
2428 1844 2617 1906 quidem
2638 1844 2981 1907 disputationes
3004 1846 3277 1908 improbare
3302 1846 3492 1905 diceris,
3506 1849 3575 1897 sed
3594 1848 3649 1895 sic

2144 1931 2205 1981 de
2227 1931 2321 1980 illis
2353 1932 2553 1991 sentire,
2589 1936 2641 1980 ut
2671 1945 2752 1981 eas
2786 1932 3102 1983 existimesin
3136 1935 3341 1995 privatis
3372 1934 3651 1995 congressibus

2144 2019 2433 2080 permultum
2460 2019 2643 2079 valere,
2676 2031 2771 2066 non
2804 2024 2961 2067 tamen
2986 2020 3060 2077 vel
3096 2022 3264 2083 populi
3306 2022 3645 2084 gubernatoribus

505 2094 610 2153 οὔτ’
630 2097 800 2161 αὐτοῖς
812 2095 990 2175 ἐρίζειν
1004 2096 1132 2175 πρὸς
1145 2095 1262 2162 τοὺς
1277 2095 1808 2173 συμπολιτευομένους
1817 2094 1935 2153 οὔτε
1948 2098 2052 2162 τοῖς
2074 2093 2119 2155 b
2144 2105 2215 2155 vel
2242 2106 2533 2168 principibus
2550 2118 2651 2154 esse
2672 2111 2973 2168 opportunas.
2996 2109 3093 2156 Nec
3110 2110 3240 2157 enim
3269 2110 3489 2171 expedire
3508 2122 3571 2158 nec
3585 2106 3641 2156 de·

425 2194 480 2235 20
508 2182 684 2248 ἄλλοις
721 2181 1013 2262 ἐπιτρέπειν
1051 2184 1180 2263 πρὸς
1204 2182 1386 2250 αὑτοὺς
1409 2184 1710 2261 ἀντιλέγειν.
1747 2187 1808 2260 (4)
1839 2180 2051 2253 Ταύτην

511 2267 604 2347 μὲν
633 2260 722 2329 οῧν
741 2271 835 2329 mix
862 2272 1072 2347 ἀγαπᾶν
1101 2292 1160 2329 σε
1180 2269 1276 2342 τὴν
1304 2271 1590 2350 διατριὸήν,
1617 2276 1973 2349 προαιρεῖσθαι
2000 2269 2054 2327 δὲ

507 2356 602 2428 τὴν
625 2354 862 2415 παιδείαν
877 2358 970 2428 τὴν
990 2356 1110 2433 περὶ
1125 2356 1242 2423 τοὺς
1259 2357 1440 2436 λόγους
1461 2349 1535 2423 οἷς
1557 2354 1804 2435 χρώμεθα
1823 2355 1941 2433 περὶ
1964 2354 2055 2421 τὰς

507 2443 717 2524 πράξεις
750 2443 843 2511 τὰς
867 2444 1294 2525 προσπιπτούσας
1315 2446 1430 2504 καθ’
1459 2444 1684 2515 ἑκάστην
1711 2441 1803 2513 τὴν
1832 2441 2053 2521 ἡμέραν,

507 2530 598 2590 καὶ
627 2530 736 2605 μεθ’
773 2520 845 2588 ὧν
872 2531 1220 2610 βουλευόμεθα
1245 2532 1366 2613 περὶ
1401 2536 1502 2590 τῶν
1533 2534 1734 2590 κοινῶν·
1779 2530 1840 2587 δι’
1869 2529 1933 2598 ἢν
1966 2534 2055 2586 νῦν

420 2638 473 2690 ‘415
501 2642 556 2676 τε
585 2618 807 2686 δοξάζεις
825 2619 942 2697 περὶ
963 2623 1065 2677 τῶν
1089 2618 1380 2697 μελλόντων
1400 2622 1636 2684 ἐπιεικῶς
1654 2662 1671 2695 ,
1694 2626 1799 2683 τοῖς
1825 2616 1870 2675 τ’
1895 2618 2051 2695 ἀρχο-

2140 2206 2271 2253 cere,
2290 2197 2345 2241 ut
2362 2193 2443 2254 qui
2466 2192 2693 2263 dignitate
2708 2194 2873 2242 ceteris
2892 2197 3116 2255 praestant
3132 2232 3145 2255 ,
3165 2196 3241 2245 vel
3268 2196 3367 2259 ipsi
3388 2212 3488 2245 cum
3502 2197 3640 2244 civibus

2144 2280 2377 2340 rixentur,
2399 2282 2471 2329 vel
2498 2282 2667 2329 ceteris
2688 2284 2802 2330 dent
2824 2281 3171 2331 contradicendi
3192 2283 3459 2333 licentiam.
3496 2284 3546 2343 (ἡ)
3568 2285 3647 2331 Hoc

2144 2368 2283 2429 igitur
2302 2368 2514 2417 studium
2543 2372 2589 2417 te
2619 2382 2715 2417 non
2746 2381 2903 2417 amare
2926 2368 3111 2429 terunt,
3136 2370 3219 2418 sed
3244 2371 3524 2433 eloquentia}
3541 2370 3651 2418 disci·

2144 2456 2317 2517 plinam
2338 2454 2579 2517 permagni
2612 2454 2765 2505 facere.
2784 2488 2797 2509 ‚
2823 2469 2918 2517 qua
2942 2457 3123 2504 utimur
3140 2460 3189 2505 et
3211 2456 3261 2505 in
3286 2458 3555 2519 quotidianae
3567 2456 3656 2503 ritae

2142 2543 2341 2601 negotiis
2354 2548 2401 2591 et
2414 2558 2565 2606 quum
2580 2544 2639 2593 de
2657 2544 2909 2607 republicae
2928 2544 3268 2594 deliberamus.
3309 2551 3401 2596 Per
3416 2560 3545 2609 quam
3558 2558 3657 2593 nunc

2142 2630 2203 2679 de
2232 2631 2403 2679 futuris
2428 2631 2569 2681 rebus
2594 2632 2850 2694 prudenter
2868 2633 3153 2683 constituere
3170 2633 3382 2695 videris;
3402 2637 3447 2683 et
3472 2648 3553 2682 non
3572 2632 3657 2681 insi·

503 2703 673 2781 μένοις
703 2707 1043 2784 προστάττειν
1069 2708 1164 2763 οὐκ
1194 2706 1446 2777 ἀνοήτως,
1477 2705 1512 2762 ἃ
1549 2706 1624 2762 δεῖ
1657 2703 1902 2783 πράττειν
1932 2702 2053 2759 ἑκά·
2083 2721 2119 2762 c
2148 2718 2349 2779 pienter.
2370 2718 2485 2779 quid
2508 2718 2719 2781 singulos
2735 2719 2818 2781 qui
2840 2725 3005 2782 parent
3022 2720 3175 2769 facere
3196 2719 3398 2781 deceat,
3420 2722 3657 2784 praecipere,

503 2816 670 2867 στους,
688 2792 970 2865 ἐπιστήσει,
988 2792 1108 2871 περὶ
1123 2791 1178 2851 δὲ
1197 2798 1297 2853 τῶν
1312 2795 1486 2852 καλῶν
1504 2792 1594 2851 καὶ
1609 2790 1819 2850 δικαίων
1839 2789 1929 2849 καὶ
1949 2793 2050 2847 τῶν

499 2878 695 2947 τούτοις
714 2879 952 2939 ἐναντίων
973 2883 1132 2960 ὀρθῶς
1157 2880 1363 2961 κρίνειν,
1383 2881 1511 2962 πρὸς
1527 2880 1579 2938 δὲ
1593 2878 1789 2943 τούτοις
1814 2888 1974 2952 τιμᾶν
1992 2901 2049 2934 τε

499 2968 588 3025 καὶ
607 2969 857 3041 κολάζειν,
879 2970 948 3033 ὣς
967 2968 1227 3049 προσῆκόν
1251 2970 1387 3026 ἐστιν
1403 2966 1691 3046 ἑκατέρους.
1735 2966 1797 3045 (5)
1829 2966 2044 3044 Σωφρο-

421 3072 476 3112 :so
498 3060 598 3119 νεῖς
627 3044 714 3111 οῦν
741 3060 830 3111 νῦν
858 3060 1023 3112 ταῦτα
1054 3056 1299 3130 μελετῶν·
1329 3054 1540 3120 ἐλπίδας
1567 3054 1668 3134 γὰρ
1692 3056 1766 3135 τῷ
1799 3076 1854 3111 τε
1883 3050 2043 3130 πατρὶ

499 3140 590 3197 καὶ
612 3144 716 3207 τοῖς
736 3140 907 3205 ἅλλοις
927 3140 1199 3223 παρέχεις,
1219 3147 1287 3208 ὡς
1306 3140 1395 3199 ἐὰν
1418 3140 1762 3221 πρεσέύτερος
1778 3139 2044 3215 γενόμενος

499 3228 745 3308 ἐμμείνῃς
777 3228 1001 3305 τούτοις,
1030 3236 1270 3289 τοσοῦτον
1298 3230 1526 3309 προέξεις
1559 3234 1625 3307 τῇ
1661 3228 1904 3308 φρονήσει
1939 3230 2042 3286 τῶν

501 3314 691 3391 ἄλλων,
720 3315 840 3375 ὅσον
866 3338 963 3396 περ
983 3320 1010 3374 ὃ
1029 3316 1205 3398 πατήρ
1227 3340 1318 3377 σου
1344 3317 1634 3396 διενήνοχεν
1661 3316 1925 3375 ἁπάντων.

1234 3464 1315 3538 (ζ.

812 3604 996 3662 ‘rotz
1036 3604 1375 3663 ιΑΣοΝοΣ
1417 3606 1700 3665 ΠΑιειΝ.

575 3742 879 3822 Ἄπήγγειλέ
927 3743 1003 3811 τίς
1053 3768 1140 3821 μοι
1175 3749 1277 3803 τῶν
1306 3745 1737 3825 πρεσὸευσάντων
1777 3750 1844 3812 ὡς
1873 3751 2043 3824 ὑμᾶς,

382 3834 465 3891 'as
493 3830 572 3888 ὅτι
619 3832 932 3899 καλέσαντες
972 3832 1125 3892 αὐτὸν
1155 3832 1274 3899 ἄνευ
1312 3838 1414 3891 τῶν
1451 3834 1623 3892 ἄλλων
1658 3836 1967 3913 ἐρωτήσαιτ·
2004 3840 2047 3894 εἰ

2140 2810 2188 2853 et
2209 2805 2269 2853 de
2288 2803 2429 2854 rebus
2444 2806 2661 2855 honestis
2688 2810 2737 2856 et
2754 2808 2895 2868 justis
2916 2808 3179 2869 harumque
3209 2810 3461 2858 contrariis
3483 2807 3661 2866 recteju·

2137 2892 2293 2941 dicare
2326 2892 2475 2953 scies3
2512 2896 2737 2955 practerea
2773 2894 2843 2941 sic
2865 2894 2939 2943 vel
2976 2896 3127 2957 poenis
3167 2896 3242 2944 vel
3282 2896 3489 2960 praemiis
3509 2894 3661 2943 afficere

2137 2982 2390 3041 utrosque,
2413 2986 2468 3029 ut
2492 2986 2774 3030 mereantur.
2822 2981 2888 3042 (ὁ)
2910 2984 3155 3043 Sapienter
3176 2983 3325 3044 igitur
3348 2996 3472 3033 nunc
3488 2982 3576 3041 agis
3594 2980 3659 3041 qui

2133 3065 2305 3115 talibus
2337 3067 2505 3115 studiis
2531 3068 2789 3129 occuperis.
2856 3072 2997 3130 Spem
3030 3070 3157 3118 enim
3188 3075 3235 3120 et
3272 3072 3397 3133 patri
3426 3074 3473 3119 et
3498 3068 3663 3131 reliquis

2130 3153 2295 3201 amicis
2314 3152 2456 3202 affers
2468 3190 2482 3212 ,
2497 3152 2582 3202 ubi
2600 3156 2739 3203 aetate
2760 3156 3043 3217 processeris
3064 3159 3113 3205 et
3136 3158 3184 3205 in
3206 3156 3287 3207 his
3305 3157 3559 3207 actionibus
3577 3166 3657 3215 per·

2132 3241 2389 3299 severam,
2410 3241 2510 3290 tore
2529 3243 2586 3289 ut
2608 3242 2814 3303 reliquos
2832 3245 3017 3291 tantum
3054 3244 3291 3306 sapientia
3310 3248 3524 3305 anteeas,
3542 3254 3661 3304 quan·

2132 3329 2236 3376 tum
2260 3332 2391 3389 pater
2408 3332 2524 3377 tuus
2541 3328 2763 3379 omnibus
2779 3330 3034 3381 antecellit.

2880 3480 2939 3529 8.

2568 3596 2864 3656 [ASONIS
2906 3598 3223 3658 LIBERIS.

2196 3756 2511 3805 Renunciavit
2536 3756 2652 3805 mihi
2674 3754 2867 3819 quidam
2900 3758 3161 3817 legatorum
3198 3756 3282 3819 qui
3322 3757 3385 3805 ad
3426 3770 3509 3805 vos
3540 3753 3655 3803 missi

2140 3855 2279 3911 sunt,
2303 3864 2355 3899 se
2380 3864 2409 3899 a
2432 3852 2569 3900 vobis
2592 3855 2867 3901 sevocatum
2892 3864 2947 3899 ac
2970 3864 3182 3901 seorsum
3201 3864 3231 3899 a
3250 3853 3426 3900 ceteris
3441 3852 3661 3909 interroga·

389 3918 756 3992 „sacrafici-nv
796 3918 859 3977 ἂν
901 3922 1238 3995 ἀποδημῆσαί
1287 3921 1378 3979 καὶ
1423 3920 1686 4001 διατρῖψαι
1731 3922 1854 4002 παρ’
1901 3928 2040 3998 ὑμῖν·
2074 3940 2108 3979 a
2141 3950 2244 3995 tum
2270 3960 2403 4003 esse,
2428 3960 2489 3995 an
2514 3946 2785 4009 persuaderi
2812 3947 2931 3995 mihi
2954 3946 3129 4009 possit,
3154 3950 3209 3995 ut
3238 3960 3435 4009 peregre
3458 3946 3660 4008 profectus

497 4005 641 4084 Ἐγὼ
663 4006 708 4063 δ’
735 4004 885 4064 ἕνεκα
907 4005 999 4083 μὲν
1034 4011 1126 4077 τῆς
1150 4006 1376 4074 Ἰάσονος
1402 4008 1492 4065 καὶ
1517 4010 1852 4075 Πολυαλκοῦς
1879 4008 2044 4077 ξενίας

494 4092 655 4164 ἡδέως
685 4092 749 4152 ἂν
776 4092 1056 4173 ἀφικοίμην
1081 4098 1152 4160 ὡς
1175 4098 1334 4172 ὑμᾶς·
1355 4085 1501 4172 οἶμαι
1519 4093 1621 4175 γὰρ
1639 4096 1702 4155 ἂν
1721 4097 1814 4167 τὴν
1835 4097 2041 4173 ὁμιλίαν

493 4180 586 4250 τὴν
613 4180 892 4258 γενομένην
929 4181 1120 4239 ἅπασιν
1149 4182 1275 4258 ἡμῖν
1313 4184 1645 4260 συνενεγκεῖν·
1677 4184 1738 4262 (2)
1771 4184 1906 4242 ἀλλὰ
1941 4185 2042 4266 γὰρ

401 4294 469 4345 ,40
493 4268 756 4344 ἐμποδίζει
781 4292 846 4344 με
867 4267 1061 4343 πολλὰ,
1085 4268 1314 4345 μάλιστα
1337 4270 1430 4346 μὲν
1458 4267 1516 4328 τὸ
1541 4271 1614 4346 μὴ
1638 4270 1883 4329 δύνασθαι
1903 4275 2041 4330 πλα-

497 4362 686 4413 νᾶσθαι
714 4355 805 4414 καὶ
831 4355 889 4414 τὸ
923 4356 998 4431 μὴ
1026 4356 1241 4436 πρέπειν
1270 4357 1622 4424 ἐπιξενοῦσθαι
1659 4367 1764 4425 τοῖς
1803 4360 2043 4430 τηλικού-

499 4466 628 4515 τοις,
681 4442 838 4501 ἔπειθ’
881 4442 960 4502 ὅτι
998 4444 1183 4511 πάντες
1208 4448 1255 4503 οἱ
1281 4444 1556 4520 πυθόμενοι
1601 4445 1693 4515 τὴν
1738 4446 2037 4522 ἀποδημίαν

491 4532 698 4599 δικαίως
745 4530 806 4588 ἄν
854 4554 952 4608 μου
1000 4532 1466 4613 καταφρονήσειαν,
1495 4535 1541 4591 εἶ
1569 4534 1925 4613 προῃρημένος
1953 4537 2041 4593 τὸν
2062 4540 2105 4601 b

491 4620 650 4678 ἄλλον
677 4619 860 4699 χρόνον
888 4618 1108 4698 ἡσυχίαν
1133 4619 1275 4697 ἄγειν
1304 4619 1391 4679 ἐπὶ
1417 4621 1587 4700 γήρως
1609 4622 1898 4697 ἀποδημεῖν
1928 4624 2040 4679 ἐπι-

409 4750 462 4787 45
489 4707 739 4787 χειροίην,
778 4706 852 4765 ὅτ’
889 4706 1023 4773 εἰκὸς
1056 4698 1144 4782 ἦν,
1195 4710 1238 4764 εἰ
1287 4708 1378 4779 καὶ
1428 4708 1677 4789 πρότερον
1721 4708 1902 4768 ἄλλοθί
1943 4734 2042 4769 που

492 4795 762 4875 διέτριὸον,
794 4802 882 4854 νῦν
906 4795 1080 4855 οἴκαδε
1105 4794 1360 4866 σπεύδειν,
1385 4795 1546 4862 οὕτως
1576 4796 1817 4874 ὕπογυίου
1845 4820 1934 4874 μοι
1952 4804 2043 4866 τῆς

491 4885 732 4955 τελευτῆς
759 4876 933 4954 ούσης.
1017 4886 1079 4962 (3)
1118 4883 1260 4965 Πρὸς
1305 4883 1360 4941 δὲ
1403 4884 1600 4951 τούτοις
1649 4884 1910 4963 φοὸοῦμαι
1952 4888 2041 4944 καὶ

488 4970 582 5039 τὴν
609 4970 777 5029 πόλιν·
804 4968 909 5049 χρὴ
953 4969 1054 5048 γὰρ
1093 4973 1296 5043 τάληθῆ
1345 4970 1531 5048 λέγειν.
1615 4970 1756 5050 Ὁρῶ
1800 4970 1901 5051 γὰρ
1951 4971 2042 5037 τὰς

491 5056 795 5136 συμμαχίας
820 5057 912 5124 τὰς
938 5057 1064 5137 πρὸς
1091 5058 1250 5130 αὐτὴν
1278 5058 1580 5137 γιγνομένας
1609 5059 1809 5138 ταχέως
1836 5060 2039 5117 διαλυο-

413 5178 463 5213 50
491 5144 666 5220 μένας.
754 5147 819 5205 Εἰ
842 5146 904 5217 δή
939 5168 989 5204 τι
1021 5146 1256 5225 συμὸαίη
1285 5148 1374 5207 καὶ
1403 5146 1527 5229 πρὸς
1555 5152 1688 5225 ὑμᾶς
1723 5153 1965 5221 τοιοῦτον,
1994 5150 2037 5205 εἷ

2132 4045 2291 4087 vestra
2314 4039 2628 4087 familiaritate
2660 4044 2782 4087 utar.
2818 4043 2918 4100 Ego
2940 4052 3056 4088 vero
3084 4044 3277 4102 propter
3308 4040 3494 4089 Iasonis
3521 4043 3567 4087 et
3593 4038 3660 4084 Po-

2130 4131 2293 4192 lyalcis
2317 4132 2574 4195 hospitium
2606 4132 2807 4182 libenter
2824 4132 2881 4180 ad
2905 4144 2991 4181 vos
3010 4132 3220 4181 venirem
3247 4152 3259 4181 :
3286 4144 3401 4181 eum
3424 4132 3543 4181 enim
3567 4140 3657 4176 οοιι·

2130 4238 2345 4286 gressum
2368 4238 2501 4287 posse
2520 4225 2656 4275 nobis
2674 4226 2897 4275 omnibus
2914 4226 3135 4287 prodesse
3153 4226 3253 4274 scio
3274 4245 3287 4273 ε
3346 4226 3416 4287 (2)
3438 4224 3517 4274 scd
3534 4221 3662 4270 matta

2132 4333 2210 4369 me
2229 4320 2521 4382 impediunt,
2540 4326 2683 4383 atque
2700 4321 2818 4370 illud
2832 4320 3061 4383 inprimis,
3080 4321 3209 4384 quod
3228 4327 3275 4370 et
3292 4322 3474 4370 itineris
3492 4318 3653 4367 labores

2132 4416 2251 4464 terre
2274 4428 2459 4477 nequeo
2482 4416 2531 4463 et
2553 4420 2651 4463 tam
2678 4415 2843 4478 grandi
2864 4418 3005 4465 aetate
3024 4430 3217 4478 peregre
3234 4416 3401 4465 vivere
3416 4414 3661 4464 indecorum

2126 4512 2225 4567 est;
2248 4506 2447 4567 deinde,
2466 4506 2593 4569 quod
2621 4520 2787 4557 omnes
2810 4507 2972 4557 audita
2988 4520 3045 4557 ea
3080 4508 3450 4569 peregrinatione
3470 4506 3569 4567 jure
3595 4512 3663 4549 me

2130 4604 2519 4660 contemnerent,
2543 4600 2625 4661 qni
2648 4600 2829 4661 reliquo
2861 4600 2973 4649 vitm
3000 4613 3122 4651 meae
3158 4604 3371 4663 tempore
3412 4599 3553 4647 otium
3578 4606 3659 4641 an>-

2131 4690 2320 4752 ptexus,
2340 4692 2388 4740 in
2408 4696 2653 4741 senectute
2675 4692 2865 4740 demum
2889 4692 3169 4753 peregrinari
3196 4694 3508 4748 instituerem,
3526 4695 3648 4747 quum

2133 4782 2349 4843 deceret,
2369 4770 2552 4833 etiamsi
2588 4784 2717 4847 prius
2748 4784 2858 4833 alibi
2884 4782 3107 4833 vixissem
3126 4820 3141 4845 ,
3170 4798 3297 4833 nunc
3318 4783 3502 4833 domum
3530 4772 3641 4823 resti·

2129 4890 2265 4934 nare,
2306 4882 2555 4937 postquam
2588 4876 2647 4924 ab
2680 4876 2811 4926 obitu
2849 4882 2944 4924 tam
2972 4888 3119 4938 prope
3145 4876 3333 4925 absum.
3398 4868 3533 4936 (aliid
3554 4868 3647 4913 ¹¹10

2133 4970 2267 5032 (vera
2310 4970 2437 5019 enim
2461 4971 2659 5019 dicenda
2691 4964 2820 5032 sunt)
2844 4970 2983 5019 etiam
3008 4971 3249 5020 civitatem
3276 4982 3417 5021 meam
3444 4958 3625 5013 conoide
3642 4995 3653 5017 2

2129 5062 2213 5124 qui
2232 5062 2374 5111 initas
2396 5077 2508 5112 cum
2531 5076 2586 5112 ea
2614 5062 2860 5112 societates
2880 5063 3093 5112 celeriter
3118 5064 3271 5113 solere
3292 5060 3433 5111 dirimi
3456 5054 3650 5103 videam·

2130 5154 2311 5214 Quodsi
2334 5161 2381 5205 et
2406 5156 2573 5206 vestris
2595 5156 2645 5204 in
2668 5156 2809 5205 rebus
2848 5155 2940 5205 tale
2958 5154 3133 5217 aliquid
3148 5150 3431 5207 'accidissset
3446 5188 3459 5212 ,
3476 5149 3647 5200 etiamst
