3825 5842
83 471 384 554 ‹no-⁴1⁴.)

1217 469 1732 532 ANTIPHONTIS
1773 469 2060 534 ORATIO
2104 474 2151 534 1.
3248 488 3278 537 3

78 602 154 680 μὴ
181 600 462 679 ἐδεξάμην,
489 597 690 667 τούτοις
715 597 780 658 ἃν
801 591 866 672 ἥν
892 601 1061 658 ταῦτα
1089 597 1368 680 τεκμήρια.
1395 599 1478 661 Τὸ
1507 599 1638 659 αὐτὸ
1723 581 1976 661 uncie-ida
1992 611 2292 675 ebullissent,
2312 624 2399 676 ego
2416 623 2533 662 vero
2554 611 2893 664 detrectassem
2908 648 2923 676 ,
2944 626 3033 676 pro
3050 611 3163 676 ipsis
3180 613 3287 664 baec

73 680 160 748 οὗν
184 694 342 747 τοῦτο
368 690 460 747 καὶ
489 686 605 764 ἐμοὶ
625 685 851 765 γενέσθω
865 730 883 760 ,
911 684 1054 767 ε’ίπερ
1084 687 1212 764 ἐμοῦ
1238 688 1470 756 θέλοντος
1489 687 1636 767 ἔλεγ-

9 792 50 830 ιο
73 799 166 858 χον
191 775 382 836 lasciv
401 781 496 834 τοῦ
535 774 844 856 πράγματος
876 774 1023 834 αὐτοὶ
1048 773 1122 852 μὴ
1147 775 1409 848 ἠθέλησαν
1435 777 1634 838 δοῦναι.

76 865 260 927 Δεινὸν
289 867 338 923 δ’
363 863 542 942 ἔμοιγε
577 865 718 923 δοκεῖ
739 855 872 924 εἶναι
889 907 906 940 ,
933 866 978 922 εἰ
1015 866 1152 941 ὑμᾶς
1180 862 1274 940 μὲν
1291 867 1528 935 ζητοῦσιν
1551 868 1638 924 αἰ-

75 956 277 1012 τεῖσθαι
299 952 442 1020 ὅπως
471 954 642 1010 αὐτῶν
671 950 747 1025 μὴ
784 951 1246 1034 καταψηφίσησθε,
1273 952 1418 1012 αὐτοὶ
1437 951 1492 1012 δὲ
1521 953 1640 1036 σφί-

75 1056 150 1092 σιν
181 1035 362 1100 αὖτοῑς
390 1034 484 1091 οὐκ
515 1029 747 1104 ἠξίωσαν
777 1031 1022 1090 δικασταὶ
1062 1029 1301 1109 γενέσθαι
1331 1031 1499 1101 δόντες
1538 1037 1639 1112 βα-

75 1121 286 1181 σανίσαι
330 1120 405 1180 τὰ
451 1124 622 1180 αὑτῶν
667 1119 988 1202 ἀνδράποδα.
1091 1118 1180 1200 (13)
1233 1120 1366 1203 Περὶ
1405 1119 1500 1198 μὲν
1545 1115 1636 1182 οὖν

73 1209 266 1271 τούτων
286 1211 388 1270 οὐκ
419 1207 612 1282 ἄδηὶον
640 1207 720 1268 ὅτι
749 1206 897 1269 αὐτοὶ
931 1206 1144 1291 ἔφευγον
1171 1211 1276 1267 τῶν
1298 1207 1636 1288 πραχθέντων

71 1297 167 1370 τὴν
201 1297 498 1379 σαφήνειαν
521 1296 805 1356 πυθέσθαι·
835 1295 1029 1377 ᾔδεσαν
1055 1293 1158 1376 γὰρ
1189 1296 1376 1356 οἰκεῖον
1401 1295 1548 1378 σφίσι
1577 1296 1640 1357 τὸ

71 1384 232 1446 κακὸν
266 1383 750 1468 ἅναφανησόμενον,
779 1381 914 1444 ὥστε
942 1382 1282 1462 σιωπώμενον
1314 1383 1404 1442 καὶ
1428 1382 1636 1444 ἄὸασᾶ-

71 1496 242 1534 νιστον
261 1472 394 1532 αὗτὸ
418 1476 576 1533 ἐᾶσαι
595 1472 970 1546 ἐὸουλήθησαν.
1033 1469 1170 1532 Ἀλλ’
1191 1473 1290 1550 οὔχ
1313 1473 1459 1550 ὑμεῖς
1485 1495 1543 1551 γε
1559 1517 1576 1548 ,
1595 1461 1642 1532 ὖ

10 1561 288 1644 13ἄνδρες,
315 1561 470 1640 ἔγωγ’
502 1553 562 1621 εὖ
592 1551 736 1636 οἶδα,
771 1561 908 1621 ἀλλὰ
943 1557 1104 1642 σαφὲς
1133 1559 1404 1633 ποιήσετε.

145 1653 343 1712 Ταῦτα
369 1649 466 1728 μὲν
489 1641 582 1709 οὗν
609 1649 770 1730 μέχρι
794 1647 978 1709 τούτου
992 1670 1008 1687 ·
1041 1646 1164 1728 περὶ
1191 1647 1246 1707 δὲ
1273 1650 1376 1707 τῶν
1418 1647 1640 1730 γενομέ-

69 1763 172 1798 νων
194 1737 532 1822 πειράσομαι
558 1741 683 1817 ὖμῑν
713 1735 1063 1818 διηγήσασθαι
1091 1733 1188 1808 τὴν
1212 1735 1490 1810 ἀλήθειαν·
1519 1735 1640 1812 δίκη

69 1827 124 1887 δὲ
149 1825 548 1907 κυὸερνήσειεν.

145 1935 223 1975 14.
274 1913 550 1994 Ὑπερῷόν
590 1935 644 1971 τι
682 1905 748 1985 ἦν
783 1915 878 1984 τῆς
915 1908 1180 1993 ἡμετέρας
1214 1909 1414 1984 οἰκίας,
1457 1909 1486 1970 8
1529 1900 1638 1990 εἶχε

67 2003 343 2070 Φιλύνεως
355 2001 506 2061 ὁπότ’
525 2003 582 2060 ἔν
605 2001 754 2060 ἄστει
779 1998 1052 2081 διατρίὸοι,
1079 1997 1210 2080 ἀνὴρ
1228 1999 1386 2067 καλός
1401 2022 1459 2058 τε
1481 2003 1640 2078 κὰγα-

69 2089 152 2156 θὸς
170 2089 269 2148 καὶ
284 2089 433 2170 φίλος
451 2089 530 2168 uf)
551 2085 794 2170 ἡμετέρῳ
808 2085 992 2166 πατρί·
1018 2084 1109 2145 καὶ
1123 2077 1188 2158 ἦν
1206 2088 1348 2170 αύτῷ
1369 2085 1642 2160 παλλακή,

18 2194 42 2232 ⁵
67 2177 132 2251 ἣν
151 2182 180 2237 ὃ
198 2178 474 2244 Φιλόνεως
496 2175 584 2236 ἐπὶ
601 2185 832 2258 πορνεῖον
852 2175 1040 2253 ἔμελλε
1053 2179 1400 2247 καταστῆσαι.
1425 2172 1642 2248 Ταύτην

69 2257 156 2325 οὖν
183 2265 460 2344 πυθομένη
497 2271 534 2338 ἡ
563 2265 740 2346 μήτηρ
775 2271 865 2324 τοῦ
901 2265 1128 2346 ἀδελφοῦ
1157 2264 1443 2337 ἐποιήσατο
1465 2263 1638 2347 φίλην.

77 2352 168 2435 (ιι)
197 2354 508 2432 Αἶσθομένη
535 2355 582 2412 δ’
610 2352 691 2412 ὅτι
727 2354 1016 2412 ἀδικεῖσθαι
1055 2350 1272 2428 ἔμελλεν
1296 2351 1398 2412 tub
1415 2358 1508 2412 τοῦ
1535 2352 1644 2411 Φι-

71 2442 269 2518 λόνεω,
300 2441 747 2520 μεταπέμπεται,
774 2441 867 2501 καὶ
904 2437 1083 2512 ἰπειδὴ
1106 2431 1288 2519 ἦλθεν,
1317 2439 1486 2510 ἔλεξεν
1509 2441 1641 2520 αὐτῇ

73 2529 149 2589 ὅτι
174 2530 274 2590 καὶ
303 2529 438 2604 αὖτὴ
461 2533 695 2590 ἀδικοῖτο
722 2528 824 2590 ὕπὸ
844 2534 936 2590 τοῦ
954 2527 1151 2608 πατρὸς
1171 2533 1262 2588 τοῦ
1289 2527 1544 2609 ἡμετέρου
1558 2550 1574 2568 ·
1598 2529 1644 2586 εἷ

74 2611 158 2679 οὖν
189 2619 363 2680 ἐθέλει
403 2618 702 2692 πείθεσθαι,
741 2617 838 2700 ἔφη
879 2617 1033 2689 ἱκανὴ
1075 2607 1208 2676 εἶναι
1247 2617 1416 2698 ἐκείνῃ
1457 2639 1516 2675 τε
1553 2615 1643 2676 τὸν

79 2707 354 2768 Φιλόνεων
393 2707 542 2789 φίλον
580 2711 800 2778 ποιῆσαι
827 2704 920 2765 καὶ
962 2708 1096 2786 αδτῇ
1134 2704 1222 2763 τὸν
1260 2704 1384 2784 ἐμὸν
1409 2703 1644 2786 πατέρα,

9 2799 52 2839 ¹⁰
81 2785 210 2855 εἶναι
261 2794 542 2876 φάσκουσα
571 2797 736 2867 αὑτῆς
772 2792 866 2872 μὲν
901 2795 1054 2852 τοῦτο
1092 2790 1332 2873 εὕρημα,
1372 2793 1569 2865 ἐκείνης
1599 2793 1643 2853 δ’

79 2883 421 2966 ὑπηρέτημα.
487 2887 574 2962 (ιε)
605 2881 821 2965 Ἐρώτα
847 2871 936 2942 οὖν
965 2880 1126 2954 αὐτὴν
1148 2884 1193 2941 εἰ
1207 2881 1442 2956 ἐθελήσει
1467 2885 1646 2945 διακο-

79 2973 234 3046 νῆσαί
255 2977 308 3033 οῖ
323 3019 341 3046 ,
371 2973 466 3033 καὶ
490 2974 526 3046 ἢ
555 2971 812 3053 ὑπέσχετο
832 2969 1058 3051 τάχιστα
1078 3015 1096 3044 ,
1124 2975 1195 3038 ὡς
1219 2963 1387 3049 οἶμαι.
1487 2975 1646 3039 Μετὰ

75 3065 246 3120 ταῦτα
279 3061 436 3142 ἔτυχε
470 3065 546 3144 τῷ
589 3059 832 3142 Φιλόνεῳ
865 3061 918 3118 ἐν
961 3060 1206 3140 Πειραιεῖ
1241 3058 1366 3120 ὄντα
1398 3060 1514 3142 ἱερὰ
1560 3063 1648 3122 Διὶ

77 3149 316 3232 κτησίῳ,
349 3155 379 3210 ὃ
416 3149 472 3210 δὲ
501 3147 679 3232 πατὴρ
709 3153 738 3208 ὁ
766 3148 889 3227 ἐμὸς
919 3151 992 3217 εἰς
1028 3147 1200 3218 Νάξον
1245 3149 1395 3209 πλεῖν
1433 3150 1644 3228 ἔμελλε.

79 3237 384 3298 Κάλλιστον
403 3226 492 3296 οὖν
514 3227 647 3298 εἶναι
672 3235 840 3298 ἐδόκει
866 3240 941 3318 τῷ
964 3237 1206 3320 Φιλόνεῳ
1223 3241 1317 3311 τῆς
1343 3239 1503 3312 αὐτῆς
1527 3241 1648 3301 ὁδοῦ

77 3324 194 3404 ἅμα
231 3324 332 3404 μὲν
371 3323 682 3406 πρωτέμψαι
717 3328 789 3394 εἰς
814 3324 902 3384 τὸν
942 3329 1171 3406 Πειραιᾶ
1208 3325 1297 3385 τὸν
1323 3326 1528 3410 πατέρα
1555 3328 1646 3389 τὸν

77 3413 206 3490 ἐμὸν
259 3413 412 3496 φίλον
476 3412 600 3472 ὄντα
641 3416 837 3495 tau-df»,
870 3414 982 3492 ἅμα
1033 3411 1088 3472 δὲ
1137 3412 1366 3474 θύσαντα
1422 3412 1491 3474 τὰ
1535 3415 1652 3496 ἱερὰ

23 3517 49 3556 5
79 3505 328 3561 ἑστιᾶσαι
349 3503 560 3560 ἰκεῖνον.
584 3502 674 3582 (17)
699 3500 771 3562 Ἥ
787 3491 873 3560 οῧν
889 3499 1140 3573 παλλακὴ
1158 3507 1248 3561 τοῦ
1265 3501 1502 3562 Φιλόνεω
1525 3506 1653 3576 ἠκο-

79 3591 260 3651 λούθει
285 3594 386 3662 τῆς
407 3588 586 3658 θυσίας
611 3589 798 3650 ἕνεκεν.
837 3589 949 3652 Καὶ
975 3589 1152 3662 ἐπειδὴ
1183 3581 1318 3662 ἦσαν
1345 3592 1399 3649 ἐν
1421 3597 1496 3672 τῷ
1515 3594 1652 3651 Πει-

81 3682 258 3760 ραιεῖ,
281 3668 392 3737 οἷον
420 3677 590 3756 εἰκός,
629 3677 806 3737 ἔθυεν·
843 3676 934 3738 καὶ
961 3676 1139 3749 ἐπειδὴ
1173 3680 1316 3758 αὐτῷ
1343 3678 1548 3739 ἐτέθυτο
1583 3679 1654 3738 τὰ

79 3766 232 3847 ἱερά,
257 3769 496 3825 ἐντεῦθεν
523 3765 826 3826 ἐὸουλεύετο
860 3771 896 3838 ἡ
925 3766 1190 3848 ἄνθρωπος
1216 3765 1358 3832 ὅπως
1394 3765 1458 3825 ἂν
1482 3769 1655 3836 αὐτοῖς

81 3853 142 3912 τὸ
162 3853 450 3934 φάρμακον
482 3852 618 3931 δοίη,
642 3851 838 3933 πότερα
869 3853 971 3934 πρὸ
999 3853 1205 3912 δείπνου
1230 3851 1266 3924 ἢ
1295 3853 1402 3912 ἀπὸ
1426 3854 1650 3915 δείπνου.

83 3939 308 4011 'Esaia
337 3932 428 4000 οὗν
457 3943 590 4020 αὐτῇ
623 3941 972 4022 βουλευομένη
1003 3943 1207 4021 βέλτιον
1231 3931 1364 4000 εἶναι
1394 3941 1528 4020 μετὰ
1549 3945 1653 4004 δεῖ·

83 4051 212 4089 πνον
255 4030 472 4102 δοῦναι,
495 4032 610 4097 ταῖς
641 4029 1111 4110 Κλυταιμνήστρας
1133 4035 1226 4102 τῆς
1251 4029 1435 4090 τούτου
1460 4031 1656 4112 μητρὸς

25 4131 62 4171 Ὀ
86 4117 382 4188 ὑποθήκαις
410 4116 526 4194 ἅμα
547 4119 874 4177 διακονοῦσα.
934 4120 1022 4196 (18)
1057 4117 1166 4177 Καὶ
1185 4117 1252 4176 τὰ
1276 4116 1370 4196 μὲν
1390 4118 1526 4178 ἄλλα
1552 4141 1656 4197 μα-

86 4205 334 4288 κρότερος
361 4203 423 4264 ἂν
460 4203 541 4276 εἴη
563 4203 712 4282 λόγος
740 4208 860 4285 περὶ
877 4209 969 4264 τοῦ
1001 4203 1207 4264 δείπνου
1236 4205 1355 4282 ἐμοί
1381 4229 1439 4265 τε
1468 4205 1660 4285 διηγή-

89 4299 286 4352 σασθαι
319 4296 444 4370 ὑμῖν
489 4295 538 4349 τ’
567 4294 789 4351 ἀκοῦσαι
811 4311 828 4328 ·
859 4290 996 4350 ἀλλὰ
1037 4292 1362 4372 πειράσομαι
1401 4291 1470 4352 τὰ
1499 4293 1658 4352 λοιπὰ

89 4383 158 4448 ὣς
185 4384 242 4440 ἐν
273 4379 621 4462 βραχυτάτοις
647 4381 770 4457 ὑμῖν
809 4379 1188 4460 διηγήσασθαι,
1215 4383 1284 4447 ὡς
1311 4379 1586 4459 γεγένηται
1618 4384 1654 4452 ἡ

93 4468 234 4538 δόσις
252 4474 350 4528 τοῦ
361 4467 659 4551 φαρμάκου.
703 4467 924 4540 Ἐπειδὴ
943 4468 1045 4546 γὰρ
1065 4467 1532 4540 ἐδεδειπνήκεισαν,
1552 4459 1655 4526 οἷον

93 4557 256 4631 εἷκός,
283 4559 314 4616 ὁ
347 4555 444 4632 μὲν
479 4555 614 4616 θύων
644 4555 729 4617 Διὶ
758 4554 959 4637 κτησίῳ
987 4559 1223 4615 κάκεῖνον
1249 4554 1656 4636 ὑποδεχόμενος,

93 4647 124 4702 ὃ
147 4645 192 4704 δ’
221 4645 436 4703 ἐκπλεῖν
461 4667 518 4702 τε
539 4643 744 4720 μέλλων
763 4643 854 4703 καὶ
874 4647 1001 4725 παρ’
1029 4643 1174 4725 ἀνδρὶ
1202 4642 1392 4724 ἑταίρῳ
1417 4643 1659 4717 δειπνῶν,

97 4731 322 4800 σπονδάς
344 4731 391 4790 τ’
419 4735 688 4792 ἐποιοῦντο
714 4731 806 4791 καὶ
823 4731 1112 4791 λιὸανωτδν
1139 4731 1269 4813 ὑπὲρ
1294 4734 1463 4790 αὑτῶν
1491 4730 1663 4791 ἐπετί·

35 4837 74 4878 Β
101 4825 273 4879 θεσαν.
317 4819 416 4900 (19)
441 4817 512 4880 Ἡ
542 4819 598 4879 δὲ
624 4819 872 4893 παλλακὴ
916 4826 1006 4880 τοῦ
1035 4819 1274 4880 Φιλόνεω
1308 4817 1404 4892 τὴν
1435 4818 1661 4894 σπονδὴν

99 4905 210 4984 ἅμα
237 4905 500 5019 ἐῃέουσα
526 4907 738 4976 ὶκείνοις
777 4907 1070 4988 εὐχομένοις
1095 4907 1130 4967 ἃ
1153 4911 1244 4968 οὐκ
1279 4906 1468 4986 ἔμελλε
1497 4909 1663 4968 τελεῖ-

101 5001 244 5068 σθαι,
267 5021 316 5056 ω
339 4996 546 5079 ἄνδρες,
576 4997 744 5077 ἐνέχει
771 4996 832 5054 τὸ
857 4998 1164 5078 φάρμακον·
1194 4996 1286 5058 καὶ
1315 4996 1429 5075 ἅμα
1453 4997 1661 5074 οἰομένη

103 5081 258 5152 δεξιὸν
275 5093 445 5144 ποιεῖν
481 5083 644 5144 πλέον
669 5083 847 5143 δίδωσι
867 5089 942 5166 τῷ
980 5084 1223 5165 Φιλόνεῳ
1241 5128 1259 5158 ,
1286 5084 1443 5162 ἴσως,
1469 5085 1514 5142 εἰ
1549 5083 1661 5159 δοίη

101 5169 278 5244 πλέον,
327 5173 536 5249 μᾶλλον
573 5170 897 5253 φιλησομένη
943 5172 1042 5231 ὑπὸ
1087 5177 1178 5232 τοῦ
1215 5169 1482 5232 Φιλόνεω·
1517 5171 1664 5232 οὔπω

99 5255 194 5339 γὰρ
231 5258 350 5340 ᾔδει
383 5259 492 5319 ὑπὸ
539 5258 638 5334 τῆς
683 5267 940 5342 μητρυιᾶς
972 5264 1068 5334 τῆς
1101 5262 1230 5340 ἐμῆς
1263 5257 1663 5339 ἐξαπατωμένη,

1727 695 1802 732 res
1835 684 2110 733 testimonio
2142 684 2323 736 suisset.
2388 684 2552 734 laceat
2594 698 2707 747 ergo
2752 686 2870 734 milii
2922 701 3118 750 quoque
3162 700 3283 738 meae

1725 767 1883 804 eausoe
1919 755 2171 804 veritatem
2199 755 2293 806 hoc
2315 755 2419 818 ipso
2447 759 2729 818 argumento
2761 757 2958 820 docere,
2982 761 3066 822 qui
3093 763 3281 810 certum

1726 825 1796 876 rei
1811 825 2157 876 documentum
2180 825 2521 888 postulaverim
2536 827 2598 876 ab
2618 828 2690 878 his
2708 831 2920 892 praebere
2937 831 3287 881 recusantibus.

1729 899 1886 946 Grave
1902 897 2119 959 profecto
2138 897 2255 945 mihi
2282 895 2467 948 ridetur
2484 911 2585 948 esse
2607 900 2816 962 facinus,
2837 901 2878 950 si
2905 903 2951 950 hi
2980 916 3066 952 vos
3092 905 3287 968 rogant,

1727 972 1782 1018 ut
1803 981 1854 1018 se
1869 967 2129 1018 absolvatis
2144 1005 2159 1030 ,
2186 967 2271 1031 qui
2287 1005 2302 1033 ,
2328 969 2369 1019 si
2399 968 2572 1020 dedere
2596 983 2761 1021 servos
2791 973 3080 1036 voluissent,
3100 975 3180 1036 jus
3198 975 3289 1038 ipsi

1725 1040 1816 1090 sibi
1844 1054 1935 1104 pro
1952 1041 2152 1092 arbitrio
2170 1054 2257 1092 suo
2274 1040 2435 1092 dicere
2466 1044 2671 1103 (causoe
2690 1055 2803 1094 suoe
2820 1045 3134 1106 probitatem
3152 1052 3287 1098 irre-

1725 1106 2074 1175 fraqabiltbus
2116 1111 2434 1162 documentis
2474 1113 2789 1176 approbare)
2834 1116 3116 1178 potuissent.
3192 1118 3288 1178 (13)

1727 1185 1838 1232 sam
1876 1195 1990 1245 ergo
2022 1197 2120 1233 non
2150 1183 2355 1245 amplius
2382 1183 2644 1233 obscurum
2686 1186 2758 1234 est
2796 1197 2879 1234 eos
2906 1185 3035 1246 ipsos
3054 1187 3291 1250 defugisse

1727 1253 1847 1316 quin
1863 1253 2165 1304 manifestam
2191 1255 2458 1303 facinorum
2478 1253 2796 1316 cognitionem
2826 1259 3051 1316 pararent
3080 1276 3091 1305 z
3115 1261 3291 1308 norant

1729 1335 1902 1386 nempe
1915 1360 1930 1385 ,
1944 1324 2063 1373 huic
2079 1323 2343 1374 discrimini
2368 1323 2411 1374 si
2428 1337 2481 1376 se
2502 1325 2881 1387 committerent,
2902 1327 3121 1376 futurum
3144 1328 3289 1378 fuisse

1729 1396 1784 1443 ut
1821 1397 2085 1457 patesceret
2113 1395 2297 1444 malum
2334 1409 2479 1458 penes
2506 1395 2636 1458 ipsos
2670 1394 2905 1458 residere3
2933 1410 3083 1459 quare
3114 1399 3291 1461 qnaesi·

1729 1465 1909 1516 tionem
1942 1479 2195 1517 servorum
2218 1465 2379 1517 omitti
2426 1467 2683 1516 voluerunt
2696 1502 2713 1530 ,
2728 1469 2857 1534 ‘mali
2900 1469 3062 1520 sedem
3098 1483 3293 1520 manere

1728 1537 1927 1586 tacitam
1948 1539 1998 1588 et
2029 1538 2258 1600 ignotam.
2333 1541 2519 1588 Verum
2549 1541 2713 1590 autem
2737 1553 2837 1589 non
2862 1554 2951 1591 vos
2972 1542 3143 1591 voletis
3159 1578 3174 1604 ,
3200 1545 3229 1592 J
3236 1555 3287 1591 u·

1728 1606 1884 1670 dices,
1910 1609 2043 1658 certo
2061 1609 2180 1672 scio,
2208 1607 2294 1658 sed
2322 1609 2483 1672 potius
2504 1611 2660 1661 totam
2682 1623 2786 1660 rem
2816 1609 3133 1662 denudabitis.

1792 1685 1886 1736 Sed
1903 1686 2012 1736 baec
2028 1686 2262 1738 hactenus
2287 1707 2300 1738 =
2317 1686 2419 1750 iam
2431 1687 2579 1751 ipsius
2600 1689 2669 1738 rei
2686 1724 2701 1754 ,
2722 1691 2778 1739 ut
2796 1702 2908 1739 vere
2930 1691 3065 1752 gesta
3086 1689 3196 1751 fuit,
3216 1703 3285 1742 se-

1729 1775 1850 1824 riem
1878 1787 2043 1825 coram
2069 1775 2207 1827 vobis
2224 1776 2457 1826 enarrabo
2488 1776 2705 1839 :iustitia
2731 1790 2927 1828 cursum
2949 1778 3149 1829 actionis
3168 1793 3292 1830 meoe

1731 1861 2013 1926 gubernato.

1797 1953 1866 2000 14.
1882 1951 2116 2015 Superius
2128 1952 2303 2004 domus
2319 1954 2497 2004 nostrae
2516 1952 2789 2004 tabulatum
2808 1955 3063 2008 Philoneus
3076 1992 3091 2020 ,
3107 1953 3293 2020 quoties

1729 2029 1778 2079 in
1796 2031 1916 2081 urbe
1933 2037 2095 2096 ageret
2107 2070 2122 2096 ,
2142 2032 2349 2082 incolere
2366 2031 2582 2092 solebat,
2601 2031 2678 2080 vir
2704 2032 2940 2082 honestus
2953 2035 3004 2082 et
3020 2033 3145 2096 t'rugl
3163 2071 3177 2094 ,
3190 2048 3291 2098 quo

1732 2107 1864 2168 pater
1872 2109 2037 2158 noster
2044 2106 2405 2158 familiarissime
2412 2107 2655 2159 utebatur.
2671 2110 2786 2158 Erat
2794 2108 2859 2158 illi
2874 2107 3103 2158 Philoneo
3116 2111 3291 2172 pellex,

1730 2192 1880 2244 quam
1897 2180 2178 2231 decreverat
2196 2182 2246 2231 in
2263 2183 2477 2245 lupanari
2492 2183 2801 2244 prostituere.
2826 2187 2941 2234 Eam
2959 2189 3117 2236 mater
3133 2188 3293 2238 fratris

1732 2256 1981 2316 (noverca
1998 2259 2145 2322 mea)
2173 2271 2327 2322 quum
2344 2259 2658 2310 intellexisset
2676 2259 2789 2323 cuja
2805 2263 2955 2323 esset,
2980 2264 3293 2315 consuetudi·

1732 2342 1844 2380 nem
1880 2345 1996 2382 cum
2026 2345 2085 2382 ea
2113 2333 2452 2394 contrahebat3
2494 2334 2593 2396 (15)
2624 2337 2674 2385 et
2704 2349 2855 2398 quum
2885 2337 3106 2388 sensisset
3142 2355 3291 2404 quam

1733 2404 1961 2470 injuriam
1998 2408 2256 2459 Philoneus
2285 2409 2329 2458 ei
2360 2409 2577 2459 oblatum
2606 2410 2725 2473 iret,
2758 2413 2822 2462 ad
2861 2427 2914 2464 se
2936 2429 3043 2465 eam
3074 2417 3290 2470 arcessit.

1735 2483 1969 2534 Veniebat
1991 2486 2151 2548 pellex
2170 2499 2184 2533 :
2204 2486 2332 2535 inter
2362 2498 2606 2536 semones
2622 2486 2866 2548 aperiebat
2884 2503 3089 2541 noverca
3104 2492 3292 2555 pellici,

1734 2571 1785 2609 se
1810 2572 2005 2624 quoque
2032 2561 2233 2625 indignis
2272 2561 2429 2612 modis
2447 2560 2613 2613 haberi
2659 2577 2689 2612 a
2723 2566 2859 2627 patro
2894 2568 3057 2616 nostro
3088 2587 3101 2616 ε
3132 2568 3215 2618 sed
3244 2571 3295 2620 in

1734 2641 1961 2701 promptu
1992 2639 2083 2689 sibi
2108 2652 2212 2689 esse
2249 2641 2403 2702 artes,
2428 2639 2605 2701 quibus
2634 2641 2889 2693 amborum
2920 2657 3031 2706 erga
3062 2657 3113 2694 se
3144 2645 3293 2695 animi

1736 2717 1804 2767 ita
1835 2717 2158 2777 mutarentur,
2184 2718 2241 2765 ut
2273 2729 2428 2779 quum
2459 2716 2719 2768 Philoneus
2752 2717 2841 2780 ipsi
2874 2720 3146 2782 (pellici),
3183 2723 3292 2770 tum

1735 2795 1870 2856 pater
1895 2805 2036 2842 meus
2064 2793 2153 2842 sibi
2178 2793 2475 2854 (novercae)
2500 2793 2777 2846 redderetur
2794 2796 2977 2846 amicus
3002 2817 3014 2848 ε
3035 2797 3289 2865 additque,

1736 2883 1880 2922 suum
1903 2883 2007 2920 essa
2032 2869 2125 2919 hoc
2150 2869 2403 2919 inventum
2419 2902 2435 2927 ‚
2465 2866 2593 2920 illius
2632 2871 2736 2920 fore
2760 2873 2920 2934 partes
2942 2872 3292 2926 subserviendi.

1738 2947 1835 3008 (16)
1855 2947 1991 2996 Tune
2012 2958 2124 3008 ergo
2136 2979 2151 3006 ,
2171 2943 2265 3006 ait,
2292 2944 2411 2994 mibi
2432 2945 2701 2994 ministrare
2716 2946 2876 2994 voles?
2892 2946 3025 2996 Velle
3043 2947 3111 2996 ait
3124 2949 3293 3011 altera,

1735 3019 1854 3069 nihil
1892 3019 2135 3082 haesitans,
2170 3021 2227 3069 ut
2253 3019 2477 3082 equidem
2512 3021 2752 3070 existimo.
2784 3025 2896 3072 Post
2918 3021 3024 3071 lnaec
3052 3021 3297 3074 incidebat

1738 3097 1788 3144 et
1813 3095 2041 3145 Philoneo
2057 3095 2338 3156 necessitas,
2354 3097 2409 3144 ut
2434 3095 2580 3146 sacris
2597 3095 2843 3146 interesset
2859 3110 2971 3159 quoe
2992 3099 3105 3148 Jovi
3132 3100 3295 3150 ctoeio

1738 3175 1788 3224 in
1824 3174 2007 3224 Piraeeo
2056 3171 2237 3222 fiebant
2251 3209 2265 3234 ,
2307 3173 2357 3223 et
2394 3170 2520 3234 patri
2552 3169 2645 3220 iter
2683 3183 2770 3232 per
2804 3184 2937 3222 mare
2976 3173 3041 3224 ad
3087 3175 3297 3224 insulam

1739 3251 1933 3298 Naxum
1964 3248 2266 3312 suscipiendi.
2306 3245 2821 3297 convenientissimum
2846 3245 3009 3310 itaque
3042 3247 3297 3298 videbatur

1740 3323 1997 3387 philenon,
2022 3324 2101 3374 cui
2138 3336 2201 3372 ex
2232 3323 2353 3372 urbe
2384 3322 2435 3371 in
2468 3322 2705 3372 Piraeeum
2730 3323 2853 3372 esset
2876 3321 3295 3388 descendendum,

1739 3398 1910 3450 eadem
1940 3411 2087 3462 opera
2100 3435 2117 3462 ,
2147 3411 2234 3462 per
2264 3397 2605 3460 compendium
2638 3395 2820 3446 itineris
2849 3393 3090 3456 ejusdem,
3109 3396 3297 3456 patrem

1737 3490 1935 3540 quoque
1972 3490 2162 3538 meum,
2193 3475 2417 3524 amicitiae
2448 3487 2559 3537 ergo
2582 3473 2840 3534 testandae,
2873 3471 2936 3521 ad
2966 3473 3161 3534 portum
3189 3483 3295 3533 pro·

1739 3553 1876 3614 sequi
1902 3553 1953 3602 et
1986 3550 2132 3601 sacris
2154 3549 2357 3613 peractis
2374 3584 2388 3609 ,
2418 3549 2571 3612 epulis
2611 3547 2938 3597 cohonestare.
3006 3547 3105 3607 (17)
3136 3545 3297 3595 Pellex

1741 3628 2025 3678 Philoneum
2064 3625 2231 3677 eodem
2272 3623 2649 3688 prosequebatur
2678 3635 2923 3671 sacrorum
2959 3621 3009 3672 et
3048 3620 3297 3682 epularum

1741 3718 1902 3754 causa.
1940 3703 2031 3754 Ubi
2062 3705 2199 3753 erant
2215 3698 2360 3751 ambo
2384 3699 2433 3749 in
2451 3699 2661 3759 Piraeeo,
2686 3700 2760 3747 uti
2788 3709 2877 3759 par
2894 3700 3023 3761 erat,
3049 3699 3135 3750 ille
3152 3699 3299 3751 sacris

1741 3779 2046 3842 operabatur.
2123 3778 2279 3830 sacris
2313 3775 2544 3839 peractis,
2591 3773 2693 3836 jam
2728 3774 2987 3836 incipiebat
3025 3775 3182 3838 pellex
3222 3791 3294 3827 se-

1741 3871 1856 3908 cum
1891 3855 2178 3917 deliberare,
2216 3867 2316 3916 qua
2350 3851 2535 3904 ratione
2576 3850 2821 3912 potionem
2856 3855 3145 3902 venenatam
3188 3853 3299 3915 ipsis

1741 3933 2005 3996 praeberet,
2026 3933 2137 3981 ante
2166 3928 2356 3990 epulas,
2382 3940 2447 3976 an
2476 3926 2601 3988 post.
2666 3925 2853 3974 Placuit
2882 3925 3078 3976 tandem
3117 3927 3296 3978 delibe-

1743 4008 1894 4070 ranti,
1938 4005 2088 4068 magis
2113 4003 2337 4066 expedire
2374 4003 2429 4051 ut
2459 4003 2569 4062 post
2602 4000 2767 4064 epulas
2800 3999 3022 4062 daretur,
3064 4001 3195 4064 quod
3232 4004 3299 4053 ita

1743 4083 1995 4148 praeceptis
2030 4078 2407 4143 Clytoemnestroe
2436 4076 2597 4136 istius,
2622 4075 2786 4124 matris
2808 4075 3028 4136 illorum,
3055 4076 3176 4123 esset
3208 4076 3297 4125 ob·

1743 4161 1983 4212 secutura.
2051 4155 2147 4214 (18)
2190 4155 2361 4203 Cetera
2406 4163 2515 4213 quae
2546 4151 2629 4200 illo
2678 4151 2727 4197 in
2766 4149 2987 4197 convivio
3023 4149 3297 4213 evenerint,

1745 4235 1864 4287 mihi
1891 4231 2079 4294 longius
2114 4227 2257 4278 fuerit
2290 4237 2511 4275 enarrare
2554 4224 2785 4286 vobisque
2818 4223 2985 4272 audire
3020 4243 3031 4272 ε
3071 4237 3127 4273 ea
3154 4237 3296 4287 vero,

1743 4327 1855 4376 quae
1875 4322 2013 4361 nosse
2035 4305 2196 4364 refert,
2214 4301 2457 4366 quomodo
2473 4313 2647 4362 nempe
2673 4299 2839 4348 datum
2868 4299 3012 4350 suerit
3038 4311 3296 4363 venenum,

1744 4399 1890 4453 quam
1934 4378 2228 4447 paucissimis
2267 4389 2515 4438 exsequar.
2597 4374 2803 4436 napibus
2832 4373 2981 4438 igitur
3012 4373 3209 4434 amotis,
3236 4375 3298 4424 li-

1746 4464 1925 4515 habant
1946 4459 2065 4520 diis,
2092 4459 2140 4506 et
2172 4455 2315 4504 thura
2348 4463 2489 4512 super
2522 4463 2573 4500 se
2597 4452 2801 4512 quisque
2824 4463 2922 4498 arae
2958 4447 3296 4513 imponebant,

1745 4539 1796 4588 id
1820 4533 1951 4600 quod
1982 4544 2065 4582 eos
2102 4529 2255 4580 iacere
2290 4539 2377 4590 par
2404 4527 2527 4585 erat,
2560 4533 2768 4586 quorum
2800 4523 2920 4570 alter
2955 4535 3051 4570 una
3095 4522 3301 4585 Jovique

1748 4605 1905 4656 ctoeio
1922 4616 2057 4653 sacra
2070 4601 2246 4651 faceret
2256 4597 2559 4657 amicumque
2572 4595 2723 4658 epulis
2736 4595 2974 4656 exciperet
2991 4606 3105 4642 mox
3128 4595 3219 4642 iter
3234 4595 3301 4640 in-

1749 4691 2047 4746 gressurum,
2075 4675 2193 4723 alter
2216 4668 2343 4732 apud
2369 4668 2580 4717 amicum
2598 4667 2873 4728 epularetur
2899 4677 3015 4713 mox
3039 4677 3153 4712 cum
3178 4677 3302 4716 nave

1749 4751 2058 4802 discessurus.
2126 4745 2223 4808 (19)
2245 4742 2407 4792 Pellex
2434 4738 2649 4791 Philonei
2676 4738 2923 4800 libationes
2936 4737 3191 4788 infundens
3208 4738 3302 4787 illis

1749 4833 1866 4879 vota
1883 4823 2163 4878 facientibus
2180 4824 2325 4883 atque
2342 4819 2457 4869 deos
2472 4831 2531 4868 ea
2558 4814 2859 4879 rogantibus,
2874 4827 2997 4880 ‚quae
3016 4827 3112 4864 non
3146 4817 3303 4864 essent

1751 4905 1936 4956 exitum
1958 4897 2201 4958 habitura,
2214 4895 2431 4956 sudines,
2446 4891 2744 4944 immiscebat
2760 4902 2998 4938 venenum
3018 4892 3067 4938 et
3088 4887 3301 4966 Philone}

1751 4976 1946 5043 quidem
1972 4971 2163 5035 poculo,
2184 4967 2354 5018 dextre
2381 4966 2473 5015 sibi
2498 4965 2601 5014 visa
2632 4975 2797 5024 agere,
2832 4959 3101 5023 portionem
3131 4967 3302 5010 venem

1753 5048 1905 5100 multo
1936 5041 2204 5106 spissiorem
2229 5037 2473 5100 ingerebat
2489 5072 2504 5098 ,
2528 5047 2723 5098 sperans
2751 5033 2948 5082 sortasse
2974 5033 3193 5081 futurum
3214 5037 3267 5082 ut
3282 5069 3298 5094 ,

1752 5127 1850 5178 quo
1878 5114 1987 5176 plus
2015 5110 2220 5175 potionis
2254 5109 2397 5171 hujus
2422 5106 2649 5166 dedisset,
2680 5117 2739 5155 eo
2772 5103 2929 5154 acrius
2952 5103 3208 5152 Philoneus
3248 5101 3301 5151 in

1752 5197 1967 5236 amorem
1981 5183 2057 5234 sui
2078 5180 2407 5234 exardesceret
2439 5177 2689 5229 mondum
2716 5174 2845 5226 enim
2862 5176 2968 5223 tum
2996 5175 3136 5223 norat
3159 5186 3189 5221 a
3214 5187 3304 5224 no-

1752 5268 1898 5311 verca
1925 5267 2035 5306 mea
2062 5267 2115 5306 se
2139 5251 2515 5305 circumventam
2551 5261 2684 5312 esse,
2718 5246 2769 5297 id
2804 5245 2935 5310 quod
2963 5248 3069 5295 tum
3103 5243 3299 5297 demum
