3825 5842
1255 610 1280 645 ἕ

509 616 834 697 ἀμφοτέρων,
851 613 910 675 τὸ
926 613 1020 693 μὲν
1035 614 1236 696 πρῶτον
1251 634 1433 671 επεισα
1449 612 1633 679 αὖτοὺς
1649 620 1752 679 τοῖς
1771 610 1935 693 φίλοις
1952 613 2063 669 ἐπι·

509 700 698 785 τρέψαι
718 703 939 777 δίαιταν,
965 702 1083 782 περὶ
1101 702 1295 760 πολλοῦ
1311 700 1613 779 ποιούμενος
1625 698 1692 758 τὰ
1712 699 1906 759 τούτων
1930 699 2060 781 πρά·

509 814 690 869 γματα
714 790 911 869 μηδένα
939 794 1042 849 τῶν
1076 788 1248 847 ἄλλων
1275 788 1482 847 εἰδέναι·
1510 788 1626 846 ἐπεὶ
1651 786 1705 846 δὲ
1726 790 1755 845 ὁ
1783 786 2061 863 Διογείτων

513 878 549 935 ἃ
589 882 818 960 φανερῶς
855 877 988 957 ἔχων
1028 874 1364 955 ἐξηλέγχετο,
1395 874 1514 956 περὶ
1539 873 1734 935 τούτων
1766 877 1931 933 οὐδενὶ
1959 879 2062 933 τῶν

440 991 466 1027 s
511 969 670 1024 αὑτοῦ
699 964 860 1047 φίλων
880 965 1074 1042 ἐτόλμα
1097 963 1390 1037 πείθεσθαι,
1414 962 1528 1021 ἀλλ’
1548 962 1804 1035 ἐὸουλήθη
1827 961 1919 1021 καὶ
1939 960 2061 1043 φεύ·

511 1076 620 1133 γειν
663 1052 807 1120 δίκας
833 1052 923 1111 καὶ
956 1050 1030 1130 μὴ
1069 1050 1224 1118 οὔσας
1265 1048 1467 1112 διώκειν
1513 1050 1604 1109 καὶ
1642 1053 1919 1127 ὑπομεῖναι
1946 1048 2062 1115 τοὺς

510 1139 762 1218 ἐσχάτους
789 1138 1048 1205 κινδύνους
1073 1138 1271 1215 μᾶλλον
1295 1134 1332 1208 ἢ
1358 1134 1426 1195 τὰ
1453 1136 1630 1195 δίκαια
1649 1136 1871 1207 ποιήσας
1889 1135 2062 1207 ἀπηλ·

510 1227 706 1307 λάχθαι
730 1232 833 1286 τῶν
852 1226 980 1307 πρὸς
996 1226 1204 1293 τούτους
1223 1224 1584 1303 ἐγκλημάτων,
1600 1226 1663 1305 (ε)
1686 1227 1830 1301 ὑμῶν
1851 1224 2063 1301 δέομαι,

511 1313 600 1373 ἐὰν
630 1314 725 1391 μὲν
762 1314 1017 1382 ἀποδείξω
1039 1312 1198 1381 οὕτως
1226 1315 1455 1393 αἰσχρῶς
1485 1311 1666 1379 αὐτοὺς
1695 1314 2062 1391 ἐπιτετροπευ-

437 1424 484 1462 lo
513 1401 693 1479 μένους
715 1402 816 1459 ὑπὸ
844 1407 932 1461 τοῦ
961 1400 1181 1461 πάππου
1205 1403 1276 1468 ὣς
1302 1399 1466 1467 οὐδεὶς
1486 1398 1696 1459 πώποτε
1719 1399 1819 1458 ὑπὸ
1842 1402 1944 1457 τῶν
1974 1400 2061 1458 οὗ·

514 1489 598 1549 δὲν
620 1490 986 1571 προσηκόντων
1006 1493 1059 1548 ἐν
1079 1494 1144 1569 τῇ
1164 1490 1340 1563 πόλει,
1364 1491 1568 1569 βοηθεῖν
1589 1490 1759 1555 αὐτοῖς
1779 1486 1848 1546 τὰ
1867 1485 2065 1559 δίκαια,

517 1578 561 1634 εἰ
597 1575 651 1635 δὲ
693 1577 804 1655 μή,
829 1577 996 1658 τούτῳ
1033 1576 1127 1655 μὶν
1161 1574 1368 1635 ἅπαντα
1399 1575 1676 1647 πιστεύειν,
1715 1580 1856 1649 ἡμᾶς
1899 1572 1955 1633 δὲ
1996 1574 2066 1641 εἰς

511 1663 598 1722 τὸν
625 1665 804 1723 λοιπὸν
829 1664 1012 1745 χρόνον
1044 1667 1281 1742 ἡγεῖσθαι
1308 1662 1510 1742 χείρους
1534 1653 1682 1725 εἶναι.
1780 1660 1871 1731 Ἐξ
1900 1662 2065 1741 ἀρχῆς

513 1748 561 1808 δ’
579 1754 714 1828 ὑμᾶς
735 1751 852 1831 περὶ
879 1752 1048 1810 αὐτῶν
1077 1748 1278 1817 διδάξαι
1304 1749 1644 1829 πειράσομαι.

436 1916 484 1955 ιε
511 1897 730 2017 Ἃξδιρνοέξ
746 1898 826 1947 καὶ
843 1899 926 1957 τὴν
957 1896 1168 1959 διήγησιν
1191 1894 1254 1953 ὥς
1285 1895 1582 1959 ᾠκονόμηται
1602 1896 1904 1959 καταμαθεῖν.
1930 1894 2065 1959 Ἔχει

729 1980 808 2024 ως.

591 2102 635 2143 ⁴.
676 2080 909 2164 Ἀδελφοὶ
931 2072 1083 2155 ἦσαν,
1115 2070 1160 2140 ὦ
1194 2080 1374 2161 ἄνδρες
1404 2078 1680 2160 δικασταί,
1711 2081 1949 2149 Διόδοτος
1976 2081 2068 2142 καὶ

513 2168 792 2249 Διογείτων
833 2168 1145 2249 ὁμοπάτριοι
1185 2168 1276 2227 καὶ
1320 2166 1661 2249 ὁμομήτριοι,
1697 2169 1788 2227 καὶ
1828 2167 1925 2240 τὴν
1971 2169 2065 2248 μὲν

514 2260 686 2338 ἀφανῆ
701 2256 878 2318 οὖσίαν
894 2255 1182 2334 ἐνείμαντο,
1196 2259 1287 2326 τῆς
1302 2254 1354 2313 δὲ
1372 2265 1593 2337 φανερᾶς
1606 2257 1923 2318 ἐκοινώνουν.
1941 2256 2064 2339 ’Ep-

434 2366 485 2404 ιο
511 2344 811 2423 γασαμένου
835 2342 887 2403 δὲ
915 2342 1157 2403 Διοδότου
1181 2342 1300 2402 κατ’
1318 2343 1572 2423 ὄμπορίαν
1591 2342 1764 2402 πολλὰ
1787 2342 2062 2425 χρήματα,

354 2441 362 2450 “
517 2430 684 2490 πείθει
712 2430 867 2490 αὐτὸν
904 2428 1086 2489 λαὸεῒν
1114 2428 1391 2507 Διογείτων
1415 2426 1509 2501 τὴν
1547 2432 1733 2488 ἑαυτοῦ
1773 2430 2061 2511 θυγατέρα,

516 2518 652 2599 ἥπερ
675 2510 740 2591 ἦν
768 2520 911 2599 αὐτῷ
935 2516 1085 2595 μόνη·
1110 2516 1200 2576 καὶ
1221 2515 1447 2593 γίνονται
1470 2518 1609 2596 αὐτῷ
1637 2516 1727 2576 δύο
1745 2516 1848 2575 υἱοὶ
1868 2516 1961 2575 καὶ
1978 2523 2067 2576 θυ-

516 2606 703 2687 γάτηρ.
742 2606 804 2683 (5)
831 2604 1019 2685 Χρόνῳ
1042 2603 1096 2662 δὲ
1117 2602 1328 2683 ὕστερον
1348 2603 1653 2681 καταλεγεὶς
1675 2603 1912 2671 Διόδοτος
1932 2604 2065 2681 μετὰ

515 2694 798 2768 Θρασύλου
835 2697 926 2750 τοῦ
963 2690 1051 2751 ἐπὶ
1082 2694 1184 2749 τῶν
1225 2691 1470 2764 ὁπλιτῶν,
1493 2690 1718 2757 καλέσας
1755 2692 1852 2763 τὴν
1881 2695 2063 2751 ἑαυτοῦ

439 2798 490 2836 25
517 2787 766 2857 γυναῖκα,
790 2780 1067 2859 ἀδελφιδῆν
1085 2770 1262 2851 οὖσαν,
1288 2777 1378 2836 καὶ
1405 2776 1492 2835 τὸν
1509 2776 1703 2849 ἐκείνης
1728 2777 1822 2857 μὲν
1844 2777 2065 2860 πατέρα,

517 2867 676 2927 αὐτοῦ
701 2866 755 2925 δὲ
785 2865 1041 2939 κηδεστὴν
1060 2865 1150 2923 καὶ
1173 2864 1392 2945 ἀδελφὸν
1416 2864 1750 2945 ὁμοπάτριον,
1774 2866 1992 2927 πάππον
2012 2866 2065 2925 δὲ

515 2956 618 3012 τῶν
639 2952 857 3014 παιδίων
886 2952 976 3013 καὶ
999 2954 1155 3029 θεῖον,
1175 2951 1457 3031 ἡγούμενος
1481 2952 1567 3012 διὰ
1585 2952 1776 3021 ταύτας
1795 2952 1888 3021 τὰς
1907 2955 2065 3035 ἀνάγ·

515 3063 610 3108 κας
644 3039 810 3099 οὐδενὶ
843 3041 1041 3117 μᾶλλον
1073 3038 1355 3120 προσήκειν
1385 3040 1569 3122 δικαίῳ
1601 3040 1720 3122 περὶ
1754 3041 1871 3109 τοὺς
1909 3046 2067 3101 αὑτοῦ

516 3130 707 3196 παῖδας
735 3126 998 3208 ἐπιτρόπῳ
1029 3126 1300 3207 γενέσθαι,
1330 3128 1578 3201 διαθήκην
1603 3130 1746 3211 αὐτῷ
1773 3130 1952 3189 δίδωσι
1978 3130 2068 3191 καὶ

437 3236 487 3275 ao
513 3214 665 3275 πέντε
685 3215 918 3275 τάλαντα
942 3214 1185 3295 ἀργυρίου
1204 3214 1679 3296 παρακαταθήκην·
1764 3219 1828 3297 (ε)
1853 3217 2068 3278 ναυτικὰ

519 3302 573 3362 δὲ
619 3300 872 3372 ἐπέδειξεν
917 3302 1228 3379 ἐκδεδομένα
1255 3302 1388 3362 ἑπτὰ
1414 3302 1646 3362 τάλαντα
1690 3303 1780 3364 καὶ
1815 3306 2067 3388 τετταρά-

516 3411 673 3449 κοντα
716 3398 871 3466 μνᾶς,
900 3390 1157 3468 δισχιλίας
1184 3390 1239 3449 δὲ
1271 3390 1607 3471 ὀφειλομένας
1634 3394 1688 3450 ἐν
1717 3393 2031 3475 Χερρονήσῳ
2052 3414 2065 3429 ·

516 3474 779 3556 ἐπέσκηψε
809 3474 892 3549 δέ,
919 3474 1009 3535 ἐάν
1035 3500 1086 3535 τι
1113 3476 1288 3557 πάθῃ,
1310 3476 1562 3536 τάλαντον
1592 3476 1686 3555 μὲν
1714 3481 1977 3539 ἐπιδοῦναι
2002 3486 2068 3562 τῇ

515 3561 722 3639 γυναικὶ
760 3560 850 3620 καὶ
888 3560 955 3620 τὰ
984 3565 1039 3621 ἐν
1074 3566 1151 3642 τῷ
1195 3564 1444 3644 δωματίῳ
1485 3564 1686 3639 δοῦναι,
1730 3566 1983 3628 τάλαντον
2014 3569 2067 3628 δὲ

438 3672 490 3709 ss
516 3652 582 3729 τῇ
616 3648 850 3729 θυγατρί.
932 3648 1200 3709 Κατέλιπε
1226 3649 1282 3709 δὲ
1309 3650 1400 3709 καὶ
1424 3650 1588 3711 εἴκοσι
1618 3660 1748 3729 μνᾶς
1769 3658 1835 3735 τῇ
1862 3657 2069 3734 γυναικὶ

518 3734 608 3794 καὶ
635 3734 912 3816 τριάκοντα
935 3740 1197 3817 στατῆρας
1227 3736 1562 3809 Κυζικηνούς.
1691 3740 1756 3817 (7)
1797 3744 1986 3802 Ταῦτα
2015 3742 2070 3803 δὲ

517 3821 716 3903 πράξας
744 3822 832 3883 καὶ
869 3821 999 3883 οἶκοι
1039 3824 1332 3907 ἀντίγραφα
1373 3824 1679 3886 καταλιπὼν
1709 3826 1878 3910 ᾤχετο
1905 3854 2068 3912 στρα-

517 3910 823 3988 τευσόμενος
851 3910 986 3989 μετὰ
1007 3914 1306 3993 Θρασύλου.
1391 3912 1757 3983 Ἀποθανόντος
1790 3914 1844 3976 δὲ
1875 3919 2071 3979 ἐκείνου

518 4002 574 4059 ἓν
597 3998 834 4081 Ἐφέσῳ,
869 4000 1148 4079 Διογείτων
1174 4000 1272 4074 τὴν
1295 3999 1389 4079 μὲν
1427 4002 1683 4083 θυγατέρα
1720 4003 1944 4086 ἔκρυπτε
1982 4006 2069 4065 τὸν

438 4106 493 4147 ιο
515 4086 734 4146 θάνατον
767 4092 856 4147 τοῦ
900 4086 1113 4169 ἀνδρός,
1161 4087 1251 4148 καὶ
1287 4087 1355 4147 τὰ
1396 4089 1688 4171 γράμματα
1732 4092 1993 4170 λαμὸάνει
2038 4094 2071 4152 ἃ

516 4174 764 4235 κατέλιπε
791 4174 1197 4254 σεσημασμένα,
1226 4176 1440 4259 φάσκων
1469 4175 1537 4235 τὰ
1563 4178 1781 4238 ναυτικὰ
1815 4180 2068 4261 χρήματα

519 4263 622 4320 δεῖν
665 4264 724 4321 ἐκ
763 4262 958 4321 τούτων
1001 4268 1105 4323 τῶν
1150 4264 1522 4345 γραμματείων
1567 4267 1903 4345 κομίσασθαι.
2007 4271 2071 4349 (s)

519 4346 672 4407 Ἐπεὶ
707 4348 762 4405 δὲ
803 4352 879 4429 τῷ
917 4348 1088 4432 χρόνῳ
1115 4350 1346 4423 ἐδήλωσε
1389 4352 1477 4411 τὸν
1521 4354 1742 4413 θάνατον
1783 4357 1956 4423 αὐτοῖς
1982 4355 2073 4415 καὶ

519 4434 769 4506 ἐποίησαν
798 4434 863 4493 τὰ
892 4438 1231 4517 νομιζόμενα,
1268 4438 1355 4499 τὸν
1385 4440 1479 4517 μὲν
1520 4444 1724 4521 πρῶτον
1754 4442 1985 4502 ἐνιαυτὸν
2017 4446 2071 4501 ἐν

443 4542 494 4580 ιι,
518 4524 761 4603 Πειραιεῖ
785 4524 1036 4603 διῃτῶντο
1057 4549 1071 4563 ·
1110 4525 1318 4586 ἅπαντα
1354 4526 1458 4607 γὰρ
1499 4528 1657 4588 αὖτοῧ
1703 4529 2073 4591 κατελέλειπτο

520 4609 587 4669 τὰ
607 4610 890 4684 ἐπιτήδεια·
916 4612 1121 4673 ἐκείνων
1145 4614 1200 4674 δὲ
1229 4614 1596 4675 ἐπιλειπόντων
1617 4614 1734 4684 τοὺς
1761 4616 1856 4693 μὲν
1880 4620 2072 4687 παῖδας

522 4698 592 4763 εἷς
631 4694 763 4756 ἅστυ
798 4700 1123 4778 ἀναπέμπει,
1154 4700 1249 4773 τὴν
1291 4700 1346 4760 δὲ
1376 4701 1577 4781 μητέρα
1607 4704 1774 4761 αὗτῶν
1804 4704 2072 4765 ἐκδίδωσιν

521 4784 723 4852 ἐπιδοὺς
762 4789 1190 4869 πεντακισχιλίας
1233 4790 1500 4871 δραχμάς,
1528 4788 1720 4869 χιλίαις
1757 4788 1971 4852 ἔλαττον
1999 4784 2071 4853 ὧν

519 4873 549 4927 ὁ
577 4870 707 4953 ἀνὴρ
733 4876 865 4955 αὐτῇ
893 4874 1102 4939 ἔδωκεν.
1189 4880 1253 4955 (a)
1296 4876 1500 4957 Ὀγδόῳ
1532 4878 1579 4934 δ’
1607 4876 1710 4935 ἔτει
1733 4878 2067 4957 δοκιμασθέν-

443 4983 497 5023 so
520 4982 604 5027 τος
641 4960 776 5039 μετὰ
808 4968 972 5023 ταῦτα
1011 4970 1100 5023 τοῦ
1128 4962 1480 5044 πρεσὸυτέρου
1504 4972 1611 5023 τοῖν
1636 4966 1945 5044 μειρακίοιν,
1978 4992 2072 5028 κα-

519 5049 676 5119 λέσας
725 5051 909 5120 αὐτοὺς
956 5043 1067 5112 εἶπε
1124 5051 1404 5128 Διογείτων
1445 5050 1524 5110 ὅτι
1573 5054 1850 5115 καταλίποι
1899 5058 2073 5125 αὐτοῖς

521 5140 550 5193 ὁ
575 5137 748 5220 πατὴρ
777 5139 940 5199 εἴκοσι
966 5149 1096 5217 μνᾶς
1141 5140 1386 5220 ἀργυρίου
1431 5139 1521 5197 καὶ
1548 5139 1826 5220 τριάκοντα
1866 5148 2067 5217 στατῆ-

523 5244 632 5303 ρας.
741 5253 768 5279 κ
813 5226 959 5304 Ἐγὼ
1000 5220 1087 5286 οὖν
1116 5225 1287 5285 πολλὰ
1323 5230 1424 5286 τῶν
1465 5229 1691 5307 ἐμαυτοῦ
1733 5230 2067 5313 δεδαπάνηκα

1497 492 1780 555 ΛΥΣΙΟΥ
1826 495 1877 554 Ο
1922 494 2118 555 ΚΑΤΑ
2164 496 2691 557 ΔΙΟΓΕΙΤΟΝΟΣ.

3412 496 3645 572 (sss-ass

2152 622 2311 673 verbis
2328 624 2453 675 suad
2472 623 2688 687 utrisque
2714 624 2770 672 ut
2798 622 2987 673 arbitris
3002 621 3167 671 amicis
3184 632 3287 671 rem
3322 621 3671 681 committerent,

2152 726 2396 790 permagni
2424 740 2597 789 nempe
2629 726 2856 777 interesse
2876 727 3008 775 ratus
3025 724 3201 775 horum
3218 724 3405 787 negotia
3422 724 3567 787 palam
3590 736 3677 773 non
3766 772 3768 793 Ι

2153 824 2401 889 divulgari.
2483 831 2645 886 Quum
2676 838 2791 876 vero
2828 824 2891 875 de
2922 825 2996 874 his
3028 836 3139 887 quae
3174 823 3353 874 habere
3386 823 3541 886 aperte
3576 834 3677 871 eon·
3766 794 3768 839 ἕ

2154 927 2377 989 vincitur,
2396 928 2515 977 nihil
2540 928 2705 978 amieis
2724 927 2822 977 suis
2852 925 3023 977 oedere
3044 925 3267 988 Diogiton
3296 924 3593 984 sustinuerit3
3612 923 3682 971 sed

2153 1044 2305 1093 quum
2324 1032 2430 1083 lites
2454 1032 2643 1095 fugere,
2662 1024 2942 1096 exceptione
2962 1044 3201 1097 pugnare,
3222 1034 3271 1082 et
3304 1032 3525 1081 ultimum
3544 1032 3684 1095 potius
3768 1079 3770 1097 ἱ

2152 1133 2406 1183 discrimen
2452 1135 2611 1185 subire
2652 1134 2885 1197 voluerit,
2927 1148 3105 1197 quam,
3144 1135 3377 1197 aequitate
3426 1134 3684 1195 obser-vala,
3768 1102 3770 1155 Τ

2154 1235 2489 1286 eontroversiis
2509 1249 2633 1298 quas
2652 1250 2765 1286 cum
2793 1237 2868 1285 his
2894 1236 3037 1287 hahet
3052 1236 3241 1287 liberari
3266 1256 3279 1287 ι
3348 1237 3417 1299 (3)
3438 1239 3591 1299 petoa
3614 1248 3687 1283 vo·

2154 1342 2245 1404 bis,
2268 1345 2345 1405 ut,
2363 1343 2404 1393 si
2418 1344 2547 1394 clare
2562 1343 2815 1394 ostendero
2838 1344 3079 1395 nerninem
3096 1344 3329 1394 hactenus
3346 1344 3396 1393 in
3414 1345 3535 1394 urhe
3548 1346 3691 1393 nostra
3770 1383 3772 1406 ,

2154 1444 2255 1492 tam
2274 1444 2397 1494 l'oede
2414 1444 2477 1494 ab
2492 1444 2657 1494 alienis
2673 1444 2891 1495 habitum
2904 1458 3052 1508 quam
3070 1445 3159 1495 hos
3174 1445 3238 1495 ab
3257 1459 3351 1495 avo
3368 1459 3459 1495 suo
3476 1446 3691 1509 pupillos,

2156 1544 2231 1594 his
2245 1544 2509 1595 secundnm
2527 1547 2608 1607 jus
2624 1548 2941 1609 saecun-atim
2958 1548 3031 1597 sin
3045 1548 3229 1610 minus,
3244 1547 3327 1599 isti
3340 1551 3397 1598 ιιι
3418 1549 3467 1597 in
3488 1549 3697 1599 omnihus

2156 1648 2361 1699 credatis
2372 1686 2387 1711 ,
2402 1638 2585 1713 nosque
2596 1652 2653 1700 ut
2672 1650 2878 1701 nefarios
2892 1651 2943 1700 in
2960 1652 3201 1714 posterum
3216 1649 3452 1701 habeatis.
3472 1656 3620 1702 Porro
3642 1650 3696 1700 ab
3772 1688 3774 1725 Ι

2156 1756 2290 1805 initio
2308 1768 2411 1807 rem
2426 1769 2617 1807 omnem
2632 1794 2647 1820 ,
2668 1758 2723 1807 ut
2749 1769 2802 1807 se
2820 1756 2993 1819 habet,
3020 1756 3219 1808 eonem
3235 1770 3324 1807 vos
3340 1757 3643 1808 contendam.
3772 1734 3774 1747 '

2209 1896 2331 1941 scire
2342 1898 2475 1942 etiam
2485 1907 2633 1953 opero
2650 1897 2843 1953 prelium
2856 1900 2925 1943 est
2940 1896 3166 1954 quomodo
3179 1897 3252 1943 ille
3268 1899 3576 1945 narrationem

2160 1963 2427 2015 instiuteritz
2446 1975 2546 2020 qum
2568 1964 2631 2009 dc
2646 1975 2693 2010 ee
2710 1964 2845 2009 hahet
2860 1980 2873 2007 ι

2217 2092 2266 2137 4.
2300 2087 2535 2138 Diodotus
2564 2089 2615 2138 et
2630 2087 2851 2151 Diogiton
2866 2124 2881 2150 ,
2905 2086 3119 2151 judiees,
3149 2087 3323 2139 fratres
3340 2090 3479 2139 erant
3497 2089 3701 2151 ejusdem

2156 2182 2304 2245 patris
2325 2183 2374 2232 et
2396 2182 2598 2232 matris:
2626 2194 2685 2231 ac
2700 2180 3047 2244 supellectilem
3086 2181 3283 2245 quidem
3314 2186 3364 2232 et
3400 2196 3480 2234 res
3512 2183 3705 2233 mobiles

2156 2274 2280 2325 inter
2300 2284 2351 2325 se
2368 2274 2634 2325 diviserunt
2645 2292 2662 2337 ;
2700 2274 2759 2324 iis
2792 2286 2909 2324 vero
2931 2286 3041 2337 quoe
3065 2276 3204 2326 erant
3227 2275 3365 2325 fundi
3392 2278 3707 2327 communiter

2156 2367 2432 2417 utebantur.
2495 2371 2657 2425 Quum
2692 2368 2857 2417 autem
2898 2366 3161 2427 Diodotus,
3194 2368 3519 2430 negotiatione
3564 2371 3705 2431 saeta,

2157 2474 2380 2524 magnam
2414 2460 2504 2511 sibi
2536 2461 2791 2525 pecuniam
2814 2462 3162 2523 comparasset,
3196 2461 3334 2523 rogat
3352 2474 3468 2511 eum
3492 2462 3709 2524 Diogilon

2155 2566 2293 2603 suam
2316 2554 2371 2602 ιιι
2407 2552 2583 2617 filiam,
2616 2566 2763 2616 quam
2802 2550 3010 2602 habebat
3032 2552 3254 2616 unicam,
3274 2552 3325 2602 ιιι
3348 2554 3710 2604 matrimonium

2157 2649 2315 2712 capiat
2338 2668 2350 2697 ι
2378 2661 2440 2697 ex
2457 2660 2553 2710 qua
2576 2645 2687 2697 dein
2712 2646 2783 2696 illi
2802 2645 2887 2695 lilii
2905 2645 3003 2695 duo
3020 2647 3071 2697 et
3092 2660 3189 2697 una
3212 2646 3311 2697 tilis
3328 2651 3569 2710 procreati
3586 2656 3711 2699 sunt.

2157 2746 2227 2809 (5)
2241 2744 2415 2809 Aliquo
2428 2743 2537 2805 post
2553 2743 2785 2804 tempore,
2796 2753 2949 2803 quum
2964 2738 3197 2793 Diodotus
3208 2743 3299 2793 suh
3306 2744 3578 2806 Thrasyllo,
3594 2745 3715 2795 duee

2154 2832 2397 2897 peditum,
2420 2833 2484 2883 ad
2506 2832 2727 2883 militiam
2742 2832 2959 2883 adlectus
2974 2834 3125 2896 esset,
3145 2835 3195 2883 et
3213 2844 3416 2881 uxorem
3440 2845 3583 2882 suam
3608 2846 3715 2895 qum

2156 2928 2317 2979 fratris
2338 2930 2439 2978 erat
2466 2928 2592 2991 tilia,
2619 2928 2764 2978 simul
2790 2930 2838 2979 et
2858 2928 3025 2977 uxoris
3040 2928 3225 2990 patrem
3238 2964 3253 2990 ,
3272 2940 3415 2977 suum
3431 2942 3713 2990 germanum

2156 3026 2207 3075 et
2224 3024 2417 3075 affinem
2430 3060 2444 3086 ,
2462 3024 2721 3074 liberorum
2744 3036 2945 3073 suorum
2962 3036 3109 3073 avum
3126 3024 3177 3074 et
3194 3026 3425 3086 patruum
3438 3058 3455 3084 ‚
3476 3024 3543 3075 ad
3560 3038 3615 3075 se
3637 3038 3707 3075 νο

2159 3120 2339 3183 easset,
2364 3121 2497 3169 ratus
2522 3119 2586 3170 ob
2611 3121 2799 3170 aretum
2829 3120 2924 3169 ιιοο
2959 3120 3325 3171 necessitudinis
3352 3122 3610 3173 vinculum
3640 3136 3715 3172 ne·

2160 3214 2279 3263 mini
2309 3228 2362 3265 se
2392 3214 2565 3264 melius
2585 3213 2847 3265 liberorum
2878 3214 3079 3265 tutelam
3108 3226 3246 3277 posse
3282 3214 3615 3279 committere,
3652 3220 3717 3267 te-

2156 3309 2449 3359 stamentum
2481 3308 2597 3358 huic
2626 3309 2675 3357 in
2706 3320 2880 3359 manus
2900 3309 3173 3372 consignat,
3204 3310 3255 3359 et
3289 3309 3506 3372 quinque
3536 3311 3719 3373 argenti

2158 3396 2338 3447 talenta
2373 3396 2501 3459 apud
2526 3410 2639 3447 eum
2671 3395 2879 3460 deponit.
2944 3398 3010 3461 (6)
3032 3396 3303 3447 Declaravit
3318 3396 3379 3447 ad
3402 3398 3511 3448 hnc
3535 3399 3717 3449 talenta

2160 3486 2341 3547 septem
2361 3485 2410 3535 et
2428 3483 2740 3547 quadraginta
2772 3484 2924 3534 mines
2940 3484 3003 3533 ad
3030 3484 3187 3535 smnus
3204 3486 3452 3535 nauticum
3470 3488 3693 3549 exposita
3704 3521 3719 3547 ,

2160 3574 2209 3621 et
2243 3571 2317 3622 his
2350 3572 2483 3621 mille
2514 3570 2765 3621 drachmas
2798 3572 2889 3622 sibi
2912 3572 2961 3621 in
2979 3571 3275 3623 chersoneso
3303 3572 3507 3623 debitas.
3574 3576 3723 3625 Jussit

2160 3672 2353 3722 quoque
2364 3695 2379 3721 ,
2396 3658 2437 3709 si
2451 3658 2565 3722 quid
2584 3660 2829 3721 pateretur
2840 3660 3119 3709 humanitus
3128 3696 3145 3721 ,
3158 3672 3311 3709 unum
3324 3662 3467 3709 uxori
3480 3661 3721 3711 talantum

2159 3747 2290 3810 dari,
2310 3748 2449 3797 simul
2468 3748 2519 3797 et
2543 3747 2853 3798 domesticam
2878 3747 3253 3810 supelleetilem3
3295 3747 3407 3798 filine
3425 3762 3626 3813 quoque
3648 3751 3721 3800 ta-

2160 3835 2344 3885 lentum
2378 3835 2599 3898 reliquit,
2622 3836 2674 3885 et
2702 3834 2869 3897 viginti
2901 3834 3055 3885 minas
3071 3836 3121 3885 et
3137 3836 3330 3898 triginta
3354 3837 3557 3887 statues
3576 3838 3721 3901 Cyzi-

2161 3936 2321 3973 cenos.
2388 3923 2458 3985 (7)
2488 3923 2574 3973 His
2594 3922 2826 3986 peractis,
2848 3924 2899 3972 et
2926 3921 3099 3972 horum
3128 3918 3422 3983 antigraphis
3450 3920 3587 3971 domi
3606 3923 3721 3972 reli·

2162 4010 2277 4072 etis,
2300 4022 2413 4059 eum
2434 4008 2685 4072 Thrasyllo
2700 4008 2753 4058 in
2772 4009 2991 4059 militiam
3022 4008 3263 4071 profectus
3278 4009 3367 4057 est.
3434 4008 3525 4058 Ιιιο
3555 4012 3721 4061 sutem

2162 4097 2334 4160 Ephesi
2352 4098 2562 4158 mortuo,
2576 4096 2800 4159 Diogiton
2812 4095 2961 4145 filiam
2978 4108 3114 4145 suam
3128 4094 3286 4145 mariti
3304 4096 3512 4145 mortem
3526 4096 3720 4157 celavit,

2164 4187 2215 4235 et
2233 4186 2505 4235 testamenti
2526 4183 2729 4234 tabellas
2738 4220 2755 4247 ,
2770 4196 2893 4248 quas
2905 4184 2986 4234 ille
3002 4182 3135 4233 domi
3150 4182 3421 4246 obsignatas
3430 4184 3721 4247 reliquerat,

2161 4272 2387 4335 arripuit,
2410 4272 2574 4321 dicens
2604 4284 2655 4321 se
2684 4270 2813 4321 hisce
2835 4283 2864 4320 e
2885 4270 3075 4321 tabellis
3090 4271 3309 4321 nauticas
3328 4270 3557 4333 peu-mins
3578 4284 3719 4321 reeu-

2162 4372 2327 4423 perare
2348 4359 2539 4409 debere.
2606 4359 2675 4422 (8)
2712 4361 2875 4416 Quum
2912 4372 3027 4409 vero
3056 4358 3199 4408 matri
3236 4361 3286 4408 et
3319 4358 3481 4409 liberis
3512 4362 3719 4411 mortun

2161 4447 2356 4498 Diodoti
2376 4447 2567 4497 tandem
2600 4446 2877 4508 indicasset,
2900 4448 2951 4497 et
2978 4446 3027 4495 hl
3050 4446 3281 4497 defuncto
3312 4446 3443 4508 iusta
3462 4448 3717 4510 persolvis-

2161 4538 2294 4598 sent,
2320 4535 2531 4599 primum
2554 4547 2735 4584 annum
2764 4536 2814 4584 ln
2842 4535 3027 4585 Piraeeo
3044 4534 3467 4585 commorabantur
3506 4555 3521 4585 ε
3558 4536 3719 4586 omnia

2162 4626 2289 4674 enim
2306 4622 2365 4673 ad
2384 4624 2568 4673 victum
2586 4623 2853 4673 necessaria
2874 4622 2942 4672 ibi
2961 4624 3115 4673 erant.
3173 4622 3360 4681 Quibus
3372 4621 3717 4685 deficientibus,

2161 4712 2336 4762 liberos
2360 4711 2411 4761 in
2442 4711 2612 4761 urbem
2629 4712 2858 4774 remittit,
2881 4714 2932 4761 et
2966 4714 3171 4761 matrem
3198 4710 3359 4761 eloeat
3390 4710 3441 4760 in
3465 4712 3719 4763 matrimo-

2160 4800 2298 4849 nium
2310 4837 2327 4864 ,
2351 4800 2600 4863 assignatis
2632 4800 2683 4849 in
2718 4798 2883 4850 dotem
2905 4798 3063 4862 quinis
3102 4798 3447 4849 drachmarum
3476 4799 3719 4859 millibus,

2161 4887 2389 4938 detractis
2410 4888 2541 4939 mille
2556 4886 2800 4939 drachmis
2820 4900 2883 4938 ex
2912 4888 2971 4937 iis
2986 4900 3109 4950 quas
3128 4888 3333 4938 maritus
3353 4887 3443 4949 ipsi
3472 4886 3603 4936 dotis
3630 4900 3723 4935 no-

2160 4975 2291 5025 mine
2308 4974 2583 5038 reliquerat.
2650 4974 2723 5038 (9)
2752 4976 2939 5027 octavo
2958 4977 3067 5039 post
3100 4988 3255 5037 anno,
3276 4986 3427 5038 quum
3454 4974 3585 5024 tilius
3604 4976 3722 5025 natu

2162 5064 2315 5126 maior
2332 5063 2395 5114 ad
2407 5065 2601 5114 oetatem
2619 5064 2808 5114 virilem
2820 5064 3113 5127 pervenisset
3124 5098 3139 5123 ‚
3158 5062 3364 5126 pupillos
3376 5062 3513 5112 tutor
3524 5064 3723 5113 τοαιτίι

2161 5151 2223 5201 ad
2246 5165 2326 5215 se,
2352 5151 2515 5203 dicens
2532 5152 2721 5215 patrem
2753 5151 2847 5202 illis
2874 5152 3043 5214 viginti
3074 5151 3228 5201 minas
3250 5150 3433 5213 argenti
3450 5152 3501 5200 et
3524 5150 3725 5213 triginta

2162 5242 2361 5291 stateres
2374 5240 2638 5315 reliquisse.
2670 5260 2694 5284 «
2720 5244 2817 5304 Ego
2826 5276 2843 5303 ,
2862 5240 3021 5302 lnquit
3032 5276 3045 5301 ,
3066 5238 3219 5288 multa
3232 5251 3261 5289 e
3272 5237 3587 5289 facultatibus
3603 5239 3726 5289 meis
