3825 5842
1090 465 1489 527 lsocnnrs
1532 466 1761 527 Lmsn
1800 466 1906 527 An
1947 430 2440 535 DEMomcuM.
2903 456 2910 463 ’
3341 496 3376 542 ³

218 593 351 663 Τοὺς
391 592 617 676 ἀγαθοὺς
652 585 713 654 εὗ
750 592 911 654 ποίει·
952 594 1111 663 καλὸς
1143 592 1247 677 γὰρ
1292 594 1549 677 θησαυρὸς
1585 592 1715 675 παρ’

155 684 293 765 ἀνδρὶ
330 684 605 763 σπουδαίῳ
642 682 797 763 χάρις
834 684 1167 765 ὀφειλομένη.
1262 684 1399 752 Τοὺς
1437 682 1628 751 κακοὺς
1653 676 1715 743 εὖ

1862 604 2010 653 Bonis
2047 604 2332 661 benefacite.
2393 608 2660 661 Praeclarus
2687 612 2816 662 enim
2841 613 3096 664 thesaurus
3121 619 3198 667 est
3219 618 3370 669 bene·

1800 692 1964 744 ficium
1991 696 2122 759 apud
2151 697 2332 748 bonum
2360 701 2518 749 virum
2545 703 2848 755 collocatum.
2914 706 2962 756 Si
2995 705 3056 756 de
3089 708 3230 758 malis
3257 708 3378 761 bene

152 778 305 832 ποιῶν
324 772 483 851 ὅμοια
502 772 675 833 πείσει
696 781 803 841 τοῖς
823 772 917 841 τὰς
933 774 1211 855 ἀλλοτρίας
1228 774 1385 841 κύνας
1406 772 1709 844 σιτίζουσιν·
1741 792 1779 834 c
1800 788 2061 837 mereberis
2075 823 2090 849 ,
2113 786 2242 840 idem
2266 790 2352 840 tibi
2378 794 2630 844 usuveniet
2641 830 2658 855 ,
2680 796 2812 858 quod
2834 797 2894 847 iis
2915 798 3000 861 qui
3018 798 3202 849 alienos
3233 814 3378 851 canes

151 861 337 921 ἐκεῖναί
358 886 417 920 τε
436 860 540 942 γὰρ
562 860 679 929 τοὺς
706 860 937 929 διδόντας
967 860 1145 943 ὥσπερ
1168 862 1288 930 τοὺς
1312 863 1564 944 τυχόντας
1585 863 1713 921 ὗλα·

92 976 117 1013 s
150 957 371 1023 κτοῦσιν,
401 950 453 1009 οἵ
470 973 527 1008 τε
556 949 710 1008 κακοὶ
729 946 844 1016 τοὺς
870 952 1200 1031 ὠφελοῦντας
1225 950 1403 1031 ὥσπερ
1429 950 1545 1018 τοὺς
1576 950 1715 1031 βλά-

148 1064 365 1107 πτοντας
384 1041 641 1099 ἀδικοῦσι.
708 1039 797 1116 (ao)
822 1038 983 1098 Μίσει
1004 1038 1121 1103 τοὺς
1144 1035 1517 1105 κολακεύοντας
1534 1038 1714 1121 ὥσπερ

146 1129 257 1195 τοὺς
286 1129 683 1197 ἐξαπατῶντας·
726 1127 1010 1208 ἀμφότεροι
1046 1126 1147 1209 γὰρ
1191 1126 1550 1195 πιστευθέντες
1588 1128 1711 1195 τοὺς

148 1218 525 1283 πιστεύσαντας
566 1217 849 1275 ἀδικοῦσιν.
942 1215 1077 1275 Ἐὰν
1120 1215 1355 1295 ἀποδέχῃ
1402 1220 1505 1275 τῶν
1544 1215 1709 1298 φίλων

148 1305 255 1372 τοὶς
274 1304 407 1385 πρὸς
434 1303 496 1362 τὸ
521 1302 855 1385 φαυλότατον
866 1302 1266 1383 χαριζομένους,
1288 1307 1388 1384 οὐχ
1410 1304 1537 1373 ἕξεις
1560 1308 1611 1363 ἐν
1640 1308 1715 1385 τῷ

82 1422 125 1459 10
150 1396 241 1475 βίῳ
272 1392 395 1461 τοὺς
420 1392 551 1473 πρὸς
580 1391 641 1451 τὸ
674 1390 940 1471 βέλτιστον
970 1392 1443 1472 ἀπεχθανομένους.
1526 1396 1571 1453 Γ
1576 1391 1713 1471 ίγνου
1736 1395 1777 1459 d

151 1484 271 1564 πρὸς
292 1481 419 1549 τοὺς
442 1479 829 1551 πλησιάζοντας
858 1480 1193 1558 δμιλητικός,
1225 1480 1361 1539 ἀλλὰ
1393 1480 1469 1557 μὴ
1500 1481 1733 1558 σεμνός··

145 1572 225 1629 τὸν
246 1569 343 1649 μὲν
367 1571 474 1650 γὰρ
502 1574 605 1627 τῶν
638 1572 999 1649 ὑπεροπτικῶν
1027 1568 1181 1647 ὄγκον
1214 1570 1363 1648 μόλις
1391 1569 1453 1629 ἀν
1475 1573 1522 1629 οἱ
1544 1572 1715 1629 δοῦλοι

146 1658 543 1738 καρτερήσειαν,
568 1654 656 1715 τὸν
684 1657 740 1715 δὲ
775 1662 880 1716 τῶν
912 1658 1233 1733 δμιλητικῶν
1264 1658 1455 1735 τρόπον
1486 1658 1713 1726 ἅπαντες

144 1748 300 1819 ἡδέως
316 1745 689 1828 ὑποφέρουσιν.
734 1746 827 1825 (31)
852 1745 1195 1823 Ὁμιλητικὸς
1218 1747 1263 1806 δ’
1287 1746 1395 1806 ἔσει
1415 1748 1489 1825 μὴ
1512 1746 1713 1829 δύσερις

100 1860 119 1895 3
146 1836 211 1895 ὧν
238 1837 377 1913 μηδὲ
406 1836 717 1917 δυσάρεστος
737 1832 871 1912 μηδὲ
894 1834 1023 1915 πρὸς
1050 1835 1253 1903 πάντας
1274 1837 1557 1918 φιλόνικος,
1580 1836 1713 1914 μηδὲ

144 1927 263 2005 πρὸς
296 1925 399 1991 τὰς
424 1928 529 1983 τῶν
554 1924 949 1995 πλησιαζόντων
979 1923 1137 2004 ὀργὰς
1168 1925 1405 2007 τραχέως
1446 1929 1711 1995 ἀπαντῶν,

148 2016 263 2093 μηδ’
290 2014 357 2073 ἂν
392 2012 585 2079 ἀδίκως
624 2012 948 2093 ὀργιζόμενοι
974 2013 1324 2093 τυγχάνωσιν,
1358 2014 1496 2073 ἀλλὰ
1520 2020 1709 2083 θυμου-
1736 2030 1773 2072 e

145 2105 307 2180 μένοις
354 2102 457 2181 μὲν
497 2104 669 2169 αὐτοῖς
716 2100 891 2175 εἴκων,
933 2100 1288 2180 πεπαυμένοις
1339 2102 1393 2161 δὲ
1433 2108 1529 2176 τῆς
1558 2107 1714 2184 ὀργῆς

144 2190 507 2262 ἐπιπλήττων·
546 2190 681 2267 μηδὲ
714 2189 861 2268 παρὰ
901 2190 970 2248 τὰ
1010 2192 1189 2267 γελοῖα
1218 2192 1549 2270 σπουδάζων,
1577 2191 1712 2271 μηδὲ

74 2310 119 2345 20
142 2280 279 2361 παρὰ
305 2279 381 2339 τὰ
413 2280 672 2339 σπουδαῖα
703 2287 809 2346 τοῖς
836 2278 1054 2358 γελοίοις
1078 2279 1281 2361 χαίρων
1306 2280 1397 2358 (τὸ
1427 2280 1527 2363 γὰρ
1556 2282 1712 2340 ἄκαι-

146 2394 222 2449 ρον
244 2373 525 2447 πανταχοῦ
547 2367 839 2448 λυπηρόν),
876 2367 1009 2445 μηδὲ
1040 2370 1133 2436 τὰς
1159 2369 1382 2448 χάριτας
1416 2369 1713 2449 ἀχαρίστως

140 2458 511 2541 χαριζόμενος,
565 2457 699 2538 ὅπερ
744 2456 1044 2537 πάσχουσιν
1082 2460 1129 2515 οἱ
1182 2456 1395 2530 πολλοί,
1450 2465 1713 2525 ποιοῦντες

1802 884 2022 943 pascunt.
2057 885 2179 933 Nam
2195 886 2242 933 et
2257 884 2308 933 hi
2321 898 2460 949 aeque
2475 886 2698 938 allatrant
2710 902 2792 939 eos
2807 891 2890 953 qui
2909 890 3026 941 dant
3035 929 3052 955 ,
3072 906 3216 956 quam
3235 908 3380 957 quos·

1802 970 1946 1035 libet5
1965 975 2016 1024 et
2037 974 2242 1039 improbi
2257 990 2354 1027 nou
2380 978 2540 1029 minus
2557 981 2629 1031 eis
2650 981 2735 1044 qui
2753 981 2877 1032 bene
2890 983 2950 1033 de
2977 984 3094 1047 ipsis
3117 995 3380 1048 merentur,

1803 1080 1950 1130 quam
1985 1068 2055 1118 eis
2070 1070 2154 1132 qui
2183 1075 2381 1132 nocent,
2405 1072 2628 1135 iniuriam
2653 1074 2851 1125 faciunt.
2919 1076 3020 1139 (30)
3041 1083 3385 1131 Assentatores

1802 1172 1898 1209 non
1933 1158 2097 1209 minus
2129 1161 2316 1223 oden‘s,
2345 1177 2490 1226 quam
2515 1164 2816 1229 impostores.
2883 1170 3006 1218 Nam
3041 1169 3235 1232 utrique
3258 1156 3372 1233 eos,

1803 1250 1887 1313 qui
1907 1249 2052 1300 tidem
2071 1250 2166 1299 illis
2184 1250 2484 1314 habuerunt,
2509 1254 2682 1317 iniuria
2699 1256 2928 1308 afliciunt.
3003 1260 3054 1309 si
3078 1274 3160 1310 eos
3191 1262 3382 1311 amicos

1804 1341 2164 1404 complecteris,
2203 1344 2288 1405 qui
2317 1346 2624 1407 nequissimis
2657 1348 2706 1397 in
2731 1349 2874 1399 rebus
2907 1351 3259 1415 gratificantur,
3291 1367 3382 1417 per

1801 1445 1994 1481 omnem
2027 1436 2219 1483 aetatem
2251 1434 2410 1485 nullos
2448 1436 2674 1501 babebis,
2720 1440 2804 1501 qui
2825 1440 2990 1490 odium
3019 1446 3156 1493 tuum
3186 1450 3385 1509 propter

1802 1534 1877 1571 res
1903 1524 2111 1585 optimas
2133 1526 2411 1589 suscipiant.
2478 1528 2644 1577 comis
2671 1542 2782 1591 erga
2803 1544 2886 1579 eos
2909 1534 3042 1593 esto,
3065 1534 3148 1596 qui
3173 1540 3220 1585 te
3255 1550 3373 1586 con-

1803 1614 2032 1677 veniunt,
2055 1629 2154 1665 non
2176 1617 2433 1680 superbus.
2517 1622 2639 1670 Nam
2669 1621 3026 1673 fastidiosorum
3059 1628 3376 1687 arrogantiam

1802 1707 1879 1756 vel
1913 1708 2040 1756 servi
2069 1721 2194 1771 oegre
2231 1710 2416 1771 ferunt,
2449 1713 2653 1761 comitas
2687 1727 2799 1762 vero
2827 1720 2960 1775 grata
2982 1722 3030 1765 et
3057 1716 3270 1777 jucunda
3302 1724 3378 1768 est

1802 1800 2047 1851 omnibus.
2103 1803 2200 1865 (31)
2224 1806 2350 1853 Sunt
2375 1808 2537 1854 autem
2562 1806 2804 1857 comitatis
2822 1807 2978 1858 oflicia
2993 1803 3088 1859 non
3111 1814 3381 1861 contentio-

1802 1906 1911 1943 sum
1932 1908 2040 1944 esse
2053 1932 2068 1955 ,
2087 1910 2184 1947 non
2215 1912 2460 1947 morosum
2474 1936 2488 1961 ,
2514 1913 2610 1948 non
2629 1899 2864 1951 adversus
2885 1915 3052 1953 omnes
3075 1906 3394 1971 pertinacem.

1802 2000 1904 2038 sum
1923 1990 2173 2039 sententiae
2199 1990 2527 2052 defensorem,
2549 2006 2648 2041 non
2669 2006 2838 2055 aspere
2857 1993 3159 2045 familiarium
3182 1998 3378 2047 iracun-

1800 2082 1893 2133 dioe
1921 2084 2170 2144 resistere,
2197 2096 2258 2133 ne
2279 2084 2320 2133 si
2353 2085 2552 2149 quidem
2587 2086 2762 2148 injuste
2785 2086 3072 2151 irascantur,
3101 2090 3186 2139 sed
3209 2090 3280 2141 eis
3303 2104 3379 2141 ce-

1802 2175 1940 2235 dere,
1967 2174 2086 2225 dum
2109 2176 2338 2225 commoti
2379 2181 2520 2238 sunt,
2549 2182 2696 2241 atque
2732 2178 2816 2228 ubi
2843 2178 3134 2231 deferbuerit
3172 2181 3269 2243 ira,
3293 2195 3378 2233 eus

1801 2268 2080 2333 objurgare;
2103 2284 2198 2319 non
2233 2270 2284 2319 in
2314 2268 2529 2320 ridiculis
2547 2271 2694 2320 serias
2714 2285 2790 2321 res
2807 2286 2972 2335 agere,
2994 2287 3151 2337 neque
3172 2277 3307 2326 seriis
3329 2276 3380 2326 in

1802 2363 1948 2413 rebus
1989 2364 2128 2425 nugis
2169 2363 2376 2425 gaudere
2404 2364 2780 2427 (intempestiva
2802 2366 2932 2415 enim
2959 2366 3140 2430 ubique
3174 2369 3380 2419 molesta

1800 2453 1986 2519 sunt),
2021 2466 2116 2503 non
2145 2453 2439 2504 illiberaliter
2463 2454 2582 2505 inire
2611 2454 2844 2520 gratiam,
2868 2472 2972 2526 'quo
2997 2460 3115 2510 vitio
3155 2462 3292 2511 multi
3313 2463 3382 2511 la-

82 2560 111 2608 9
143 2550 253 2627 μέν,
285 2548 467 2621 ἀηδῶς
501 2545 556 2605 δὲ
587 2554 693 2613 τοῖς
728 2545 895 2627 φίλοις
934 2548 1335 2626 ὑπουργοῦντες·
1370 2544 1503 2624 μηδὲ
1538 2546 1711 2626 φιλαί.
1740 2561 1776 2603 a
1803 2544 2005 2607 borant,
2034 2546 2120 2609 qui
2143 2546 2234 2597 etsi
2269 2547 2436 2596 amicis
2471 2547 2824 2612 obsequuntur,
2847 2558 3044 2613 gravate
3067 2557 3221 2603 tamen
3245 2554 3292 2603 id
3313 2556 3378 2605 sa-

142 2662 238 2705 τιος
262 2636 358 2710 ὤν,
402 2632 537 2717 βαρὺ
574 2634 709 2715 γάρ,
744 2632 879 2711 μηδὲ
920 2633 1348 2716 φιλεπιτιμητής,
1391 2633 1713 2716 παροξυντι-

72 2754 117 2791 25
140 2726 223 2783 κὸν
244 2726 349 2805 γάρ
362 2772 379 2786 .

212 2835 283 2875 32.
332 2812 593 2875 Μάλιστα
619 2809 713 2888 μὲν
745 2810 971 2871 εὗλαὸοῦ
995 2810 1089 2880 τὰς
1112 2814 1165 2870 ἐν
1189 2812 1299 2877 τοῖς
1324 2810 1501 2880 πότοις
1532 2837 1714 2873 συνου-

142 2904 275 2969 σίας·
300 2903 401 2962 ἐὰν
426 2900 485 2960 δέ
509 2900 639 2960 ποτέ
666 2924 748 2960 σοι
771 2900 1017 2981 συμπέσῃ
1047 2900 1224 2979 καιρός
1240 2946 1255 2972 ,
1279 2900 1587 2969 ἐξανίστασο
1608 2903 1714 2983 πρὸ

141 2994 312 3069 μέθης.
401 2990 578 3052 Ὅταν
616 2988 717 3072 γὰρ
744 2993 771 3047 ὁ
794 2996 909 3057 νοῦς
940 2989 1041 3048 ὑπὸ
1066 2988 1203 3049 οἴνου
1228 2991 1516 3070 διαφθαρῇ,
1547 2994 1712 3050 ταύτὰ

138 3082 330 3161 πάσχει
370 3088 485 3147 τοῖς
519 3077 722 3159 ἅρμασι
748 3082 856 3145 τοῖς
893 3076 1013 3144 τοὺς
1044 3079 1285 3157 ἡνιόχους
1324 3078 1708 3138 ἀποὸαλοῦσιν·

74 3184 119 3223 ao
140 3170 305 3227 ἐκεῖνά
328 3192 395 3227 τε
420 3167 523 3247 γὰρ
543 3164 783 3232 ἀτάκτως
806 3164 1017 3245 φέρεται
1052 3164 1407 3247 διαμαρτόντα
1427 3171 1531 3224 τῶν
1555 3169 1711 3226 εὐθυ-

138 3258 381 3332 νούντων,
421 3256 457 3328 ἥ
498 3278 557 3314 τε
597 3252 744 3337 ψυχὴ
790 3252 965 3313 πολλὰ
1012 3254 1303 3336 σφάλλεται
1342 3256 1683 3337 διαφθαρείση

138 3349 225 3416 τῆς
258 3344 515 3411 διανοίας.

210 3432 477 3494 Ἀθάνατα
516 3428 612 3508 μὲν
648 3428 823 3514 φρόνει
853 3434 931 3513 τῷ
960 3431 1327 3513 μεγαλόψυχος
1354 3422 1513 3508 εἶναι,
1542 3432 1706 3507 θνητὰ

140 3520 189 3577 δὲ
214 3526 289 3603 τῷ
317 3517 645 3601 συμμέτρως
668 3523 771 3577 τῶν
800 3518 1140 3601 ὑπαρχόντων
1166 3520 1468 3581 ἀπολαύειν.

73 3621 117 3659 ³⁵
210 3628 282 3670 ³³.
342 3608 522 3687 Ἦγοῦ
562 3605 661 3679 τὴν
711 3606 952 3667 παιδείαν
996 3605 1227 3688 τοσούτῳ
1287 3609 1461 3686 μεῖζον
1514 3608 1705 3687 ἀγαθὸν

140 3688 262 3755 εἶναι
283 3702 385 3769 τῆς
408 3694 783 3773 ἀπαιδευσίας,
803 3695 911 3777 ὅσῳ
936 3694 1004 3754 τὰ
1030 3696 1127 3774 μὲν
1152 3696 1288 3756 ἀλλα
1313 3695 1556 3778 μοχθηρὰ
1577 3696 1711 3757 πάν-

139 3810 213 3853 τες
234 3786 598 3867 κερδαίνοντες
620 3786 957 3865 πράττουσιν,
982 3784 1115 3857 αὕτη
1149 3784 1203 3843 δὲ
1232 3784 1365 3863 μόνη
1394 3786 1485 3844 καὶ
1512 3810 1708 3865 προσε-

140 3875 369 3950 ζημίωσε
416 3872 535 3941 τοὺς
574 3872 819 3954 ἔχοντας·
847 3873 1104 3941 πολλάκις
1137 3872 1267 3955 γάρ,
1302 3866 1375 3932 ὧν
1403 3875 1511 3941 τοῖς
1538 3874 1712 3953 λόγοις

138 3962 434 4040 ἐλύπησαν,
456 3960 655 4022 τούτων
680 3970 788 4028 τοῖς
817 3960 981 4043 ἔργοις
1006 3960 1103 4033 τὴν
1125 3961 1385 4043 τιμωρίαν
1408 3962 1613 4023 ἔδοσαν.

72 4068 117 4107 ω
212 4052 325 4119 Οὓς
356 4050 429 4111 ἂν
458 4050 624 4131 βούλῃ
661 4049 982 4121 ποιῆσασθαι
1022 4050 1228 4131 φίλους,
1275 4050 1467 4129 ἀγαθόν
1505 4075 1557 4109 τι
1592 4050 1709 4127 λέγε
1735 4074 1772 4115 c

140 4140 255 4220 περὶ
274 4144 455 4200 αὐτῶν
478 4139 613 4219 πρὸς
628 4137 747 4205 τοὺς
766 4138 1221 4217 ἀπαγγέλλοντας·
1245 4136 1383 4220 ἀρχὴ
1407 4137 1509 4221 γὰρ
1538 4138 1712 4221 φιλίας

140 4228 228 4305 μὲν
258 4228 507 4300 ἔπαινος,
542 4226 730 4309 ἔχθρας
755 4224 810 4285 δὲ
832 4228 1007 4307 ψόγος.

210 4338 283 4378 34.
332 4316 725 4391 Βουλευόμενος
762 4313 1171 4394 παραδείγματα
1199 4320 1351 4375 ποιοῦ
1375 4314 1447 4374 τὰ
1474 4318 1708 4397 παρελη-

134 4405 323 4463 λυθότα
352 4406 465 4463 τῶν
490 4402 787 4480 μελλόντων
803 4426 817 4439 ·
844 4400 905 4461 τὸ
932 4400 1034 4482 γὰρ
1059 4401 1251 4483 ἀφανὲς
1284 4406 1343 4462 ἐκ
1371 4410 1463 4464 τοῦ
1488 4411 1709 4486 φανεροῦ

76 4510 117 4547 ts
138 4493 397 4572 ταχίστην
444 4492 556 4572 ἔχει
594 4490 691 4563 τὴν
732 4490 1032 4569 διάγνωσιν.
1126 4492 1389 4553 Βουλεύου
1434 4495 1529 4570 μὲν
1573 4499 1711 4573 βρα-

142 4580 285 4655 δέως,
317 4580 555 4640 ἐπιτέλει
582 4579 638 4639 δὲ
675 4579 879 4659 ταχέως
904 4578 972 4638 τὰ
1004 4576 1245 4647 δόξαντα.
1332 4578 1497 4659 Ἧγοῦ
1522 4581 1710 4659 κράτι-

144 4692 255 4726 στον
284 4661 427 4729 εἶναι
452 4666 601 4747 παρὰ
623 4667 719 4747 μὲν
737 4671 841 4727 τῶν
866 4672 993 4727 θεῶν
1022 4673 1183 4748 εὗτυχ
1185 4668 1285 4741 ίαν,
1310 4668 1460 4750 παρὰ
1481 4669 1535 4727 δὲ
1559 4674 1710 4746 ἡμῶν

146 4759 309 4815 αὐτῶν
351 4755 654 4816 εὗὸουλίαν.
739 4755 875 4833 Περὶ
918 4746 991 4815 ὧν
1022 4757 1085 4816 ἂν
1132 4756 1358 4836 αἰσχύνῃ
1392 4756 1707 4838 παρρησιά-
1738 4751 1781 4816 d

147 4850 359 4918 σασθαι,
393 4844 559 4924 βούλῃ
583 4842 641 4901 δέ
664 4868 770 4903 τισι
792 4847 894 4903 τῶν
914 4845 1078 4925 φίλων
1102 4843 1579 4917 ἀνακοινώσασθαι,
1598 4868 1713 4925 χρω

84 4948 127 4984 ⁵⁰
146 4933 241 4998 τοῖς
264 4932 443 5012 λόγοις
469 4936 542 5000 ὡς
584 4932 709 5015 περὶ
754 4933 1027 5015 ἀλλοτρίου
1062 4940 1155 4994 τοῦ
1190 4932 1528 5014 πράγματος·
1575 4934 1711 4992 οὕτω

150 5020 243 5101 γὰρ
268 5020 365 5093 τὴν
407 5021 617 5081 ἐκείνων
654 5045 713 5080 τε
750 5026 939 5102 γνῶσιν
983 5023 1247 5095 αἰσθήσει,
1283 5021 1375 5081 καὶ
1404 5020 1621 5080 σεαυτὸν
1651 5024 1709 5081 οὐ

152 5114 425 5191 καταφανῆ
448 5110 705 5183 ποιήσεις.
788 5110 886 5190 (ab)
919 5110 1095 5171 Ὅταν
1114 5111 1244 5193 ὑπὲρ
1275 5116 1491 5170 σεαυτοῦ
1519 5110 1714 5192 μέλλῃς

152 5197 246 5255 τινὶ
272 5196 561 5279 συμόούλῳ
587 5204 820 5281 χρῆσθαι
834 5245 849 5272 ,
888 5198 1074 5259 σκόπει
1099 5204 1309 5281 πρῶτον
1346 5202 1460 5267 πῶς
1494 5198 1562 5257 τὰ
1590 5202 1715 5257 ἑαυ-

154 5290 239 5343 τοῦ
265 5284 550 5371 διῴκησεν·
571 5292 601 5347 ὃ
619 5286 721 5373 γὰρ
744 5292 920 5356 κακῶς
946 5287 1229 5361 διανοηθεὶς
1242 5286 1363 5373 περὶ
1384 5291 1488 5347 τῶν
1509 5286 1711 5347 οἰκείων

1802 2641 1965 2703 ciunt;
1983 2654 2080 2690 non
2106 2640 2242 2691 facile
2263 2641 2507 2715 incusare,
2527 2656 2642 2691 nam
2659 2643 2884 2694 odiosum
2904 2648 3004 2708 est;
3025 2659 3123 2697 non
3143 2652 3206 2697 ad
3223 2662 3380 2713 repre·

1802 2734 2111 2784 hendendum
2129 2748 2235 2785 esse
2249 2736 2508 2798 proclivem
2523 2772 2539 2797 ,
2563 2750 2676 2786 nam
2699 2737 2847 2787 iratos
2869 2738 2998 2789 facit.
3329 2802 3370 2809 -

1864 2832 1943 2879 32.
1977 2828 2320 2879 conviviorum
2345 2830 2496 2879 vitare
2518 2830 2797 2881 sodalitates
2816 2832 3230 2884 consultissimum
3243 2838 3376 2885 certo

1803 2930 1948 2980 fuerit
1981 2944 1996 2979 τ
2037 2929 2124 2979 sed
2160 2930 2202 2979 si
2240 2931 2434 2993 quando
2485 2936 2678 2994 tempus
2725 2933 3003 2995 postularit,
3046 2938 3229 2997 surgito
3267 2938 3380 2987 ante

1801 3030 2100 3080 ebrietatem.
2168 3032 2332 3087 Quum
2359 3029 2488 3078 enim
2520 3030 2632 3081 vino
2652 3044 2789 3080 mens
2809 3035 3032 3095 corrupta
3051 3032 3222 3095 fuerit3
3243 3034 3373 3084 idem

1798 3130 1843 3181 ei
1864 3128 1993 3193 quod
2016 3128 2238 3178 curribus
2251 3127 2451 3190 accidit,
2467 3142 2495 3179 e
2508 3129 2687 3192 quibus
2705 3130 2882 3191 aurigae
2896 3132 3010 3179 sunt
3023 3132 3214 3189 excussi
3229 3148 3244 3192 ;
3267 3144 3378 3182 nam

1687 3281 1711 3325 ς
1732 3256 1779 3319 b
1800 3235 1855 3281 nt
1876 3230 1926 3279 hi
1959 3234 2139 3279 temere
2157 3230 2394 3291 feruntur,
2413 3234 2628 3280 carentes
2650 3229 3081 3293 gubernatoribus,
3097 3231 3168 3281 sic
3188 3230 3380 3281 animus

1800 3330 1851 3381 in
1875 3330 2026 3381 multa
2050 3330 2223 3381 delicta
2247 3329 2525 3394 impellitur,
2551 3334 2712 3380 mente
2739 3328 2991 3381 subversa.

1860 3432 2277 3483 Immortalitatem
2313 3436 2505 3495 specta,
2533 3430 2868 3493 magnitudine
2897 3429 3045 3481 animi
3075 3446 3088 3483 ε
3121 3433 3381 3483 mortalita·

1800 3526 1897 3571 tem
1912 3558 1928 3583 ,
1951 3520 2202 3571 moderato
2227 3535 2388 3571 rerum
2419 3535 2532 3573 usu.

1860 3615 1940 3660 33.
1973 3614 2222 3669 Quantum
2243 3611 2451 3661 eruditio
2474 3611 2678 3661 inscitiae
2699 3613 2896 3676 proestet
2909 3648 2922 3673 ,
2937 3624 2998 3661 ex
3018 3626 3076 3663 eo
3090 3614 3350 3677 perspicies
3365 3650 3380 3675 ,

1798 3716 1928 3779 quod
1950 3730 2119 3767 omnes
2139 3730 2167 3767 e
2193 3718 2366 3767 ceteris
2389 3716 2634 3767 laboribus
2671 3717 2882 3766 fructum
2907 3718 3118 3781 aliquem
3144 3721 3340 3781 capiunt
3357 3754 3372 3781 ,

1798 3822 1905 3873 haec
1929 3835 2043 3872 vero
2067 3822 2167 3871 sola
2189 3821 2530 3873 detrimentum
2549 3821 2696 3871 etiam
2717 3823 2842 3872 ultro
2867 3822 3086 3885 injungit.
3111 3825 3233 3873 Nam
3250 3837 3378 3887 saepe

1800 3928 1902 3987 isti,
1924 3939 2068 3991 quem
2091 3927 2336 3977 offendere
2359 3926 2548 3987 verbis,
2571 3926 2616 3976 ei
2637 3940 2688 3975 re
2710 3926 2811 3989 ipsa
2831 3940 2996 3989 poenns
3019 3926 3270 3977 dederunt.

1867 4035 1994 4083 cum
2017 4031 2195 4095 quibus
2231 4031 2491 4081 amicitiam
2525 4031 2646 4080 inire
2669 4030 2770 4089 vis,
2795 4030 2856 4080 de
2879 4030 2974 4081 illis
3010 4030 3277 4082 honorilice
3305 4031 3378 4081 lo-

1787 4122 1982 4184 ·quitor,
2007 4121 2066 4169 iis
2088 4120 2396 4170 audientibus
2429 4120 2512 4182 qui
2548 4118 2872 4168 renunciaturi
2908 4120 3022 4169 siut.
3089 4120 3378 4183 Principium

1800 4210 1930 4259 enim
1953 4208 2178 4258 amicitiae
2201 4212 2276 4259 est
2299 4207 2539 4269 laudatio,
2559 4207 2851 4270 vituperatio
2871 4207 3248 4259 inimicitiarum.

1863 4300 1940 4361 24.
1977 4302 2140 4357 Quum
2175 4295 2442 4357 deliberas,
2467 4308 2494 4345 e
2526 4296 2782 4359 praeteritis
2813 4294 3034 4359 exempla
3070 4300 3179 4359 pete
3219 4312 3378 4348 rerum

1800 4400 2087 4450 futurarum.
2149 4403 2270 4450 Nam
2295 4412 2404 4463 quae
2417 4399 2622 4449 obscura
2649 4399 2792 4459 sunt,
2818 4411 2847 4448 e
2867 4399 3131 4449 manifestis
3151 4400 3374 4450 facillime

1800 4504 2138 4568 dijudicantur.
2203 4506 2259 4553 ln
2295 4502 2604 4553 deliberando
2635 4502 2804 4552 tardus
2825 4505 2957 4563 esto,
2977 4504 3028 4552 in
3051 4504 3378 4567 exsequendis

1799 4606 2001 4657 decretis
2023 4606 2164 4656 celer.
2199 4606 2455 4667 ,Existima
2473 4604 2592 4653 nihil
2613 4602 2758 4653 tribui
2779 4604 2951 4654 melius
2966 4640 2981 4666 ,
2996 4617 3024 4653 a
3043 4604 3137 4655 diis
3155 4607 3350 4669 quidem
3363 4644 3378 4669 ,

1801 4721 2031 4773 prospera
2071 4708 2287 4769 fortuna,
2311 4721 2341 4757 a
2363 4707 2504 4757 nobis
2544 4706 2662 4770 ipsis
2692 4712 2885 4770 autem,
2925 4708 3128 4773 sapienti
3162 4708 3376 4759 consilio.

1803 4809 1937 4864 Quas
1955 4818 2033 4854 res
2056 4806 2222 4866 aperte
2245 4803 2404 4853 dicere
2428 4803 2695 4865 vereberis,
2723 4809 2774 4855 et
2789 4806 2949 4855 tamen
2975 4818 3086 4853 cum
3111 4804 3277 4854 amicis
3294 4804 3374 4853 ali-

1800 4904 1978 4967 quibus
2013 4903 2368 4953 communicare
2392 4903 2585 4966 cupies,
2609 4905 2840 4965 tanquam
2859 4904 2921 4953 de
2945 4916 2995 4953 re
3016 4904 3170 4953 aliena
3196 4903 3372 4952 oratio-

1798 5014 1909 5053 nem
1931 5000 2182 5051 instituito.
2249 5000 2330 5051 Sic
2361 5000 2489 5049 enim
2517 5004 2568 5050 et
2592 5014 2761 5050 eorum
2786 5004 2996 5049 mentem
3021 5000 3252 5063 percipies
3285 5012 3373 5049 nec

1798 5102 1850 5151 te
1873 5100 1978 5163 ipse
1999 5099 2200 5163 aperies.
2267 5099 2368 5163 (35)
2401 5100 2449 5151 si
2477 5098 2675 5149 alterius
2697 5098 2948 5148 consilium
2975 5097 3028 5146 in
3053 5098 3149 5147 tuis
3169 5098 3372 5159 negotiis

1800 5200 2024 5263 expetes,
2060 5195 2378 5247 considerabis
2405 5196 2645 5259 inprimis,
2681 5193 2924 5257 quomodo
2965 5206 3040 5243 res
3073 5205 3187 5242 suas
3221 5193 3370 5242 admi·

1802 5294 2033 5347 nisti-arit-
2097 5294 2220 5343 Nam
2233 5292 2317 5356 qni
2336 5304 2425 5341 sua
2445 5290 2633 5353 negotia
2650 5290 2777 5339 male
2790 5286 3040 5338 consultus
3057 5288 3230 5349 gessit,
3249 5302 3368 5338 nun·
